<?xml version="1.0" encoding="UTF-8"?>
<!DOCTYPE html PUBLIC "-//W3C//DTD XHTML 1.0 Transitional//EN"
    "http://www.w3.org/TR/xhtml1/DTD/xhtml1-transitional.dtd">
<html xmlns="http://www.w3.org/1999/xhtml" xml:lang="en" lang="en">
 <head>
  <title>
</title>
<meta http-equiv="Content-Type" content="text/html;charset=utf-8" />
  <meta name='ocr-system' content='tesseract 3.04.00' />
  <meta name='ocr-capabilities' content='ocr_page ocr_carea ocr_par ocr_line ocrx_word'/>
</head>
<body>
  <div class='ocr_page' id='page_1' title='image "./casusconscienti00lehmgoog_0133.png"; bbox 0 0 3044 5174; ppageno 0'>
   <div class='ocr_carea' id='block_1_1' title="bbox 451 296 1342 369">
    <p class='ocr_par' dir='ltr' id='par_1_1' title="bbox 451 296 1342 369">
     <span class='ocr_line' id='line_1_1' title="bbox 451 296 1342 369; baseline 0.007 -17"><span class='ocrx_word' id='word_1_1' title='bbox 451 299 567 353; x_wconf 79' lang='lat' dir='ltr'>Fructus</span> <span class='ocrx_word' id='word_1_2' title='bbox 586 301 615 353; x_wconf 89' lang='lat' dir='ltr'><strong>et</strong></span> <span class='ocrx_word' id='word_1_3' title='bbox 632 298 779 369; x_wconf 75' lang='lat' dir='ltr'><strong>applicatio</strong></span> <span class='ocrx_word' id='word_1_4' title='bbox 798 296 907 352; x_wconf 87' lang='lat' dir='ltr'><strong>missae.</strong></span> <span class='ocrx_word' id='word_1_5' title='bbox 1281 303 1342 365; x_wconf 89' lang='grc'><strong>111</strong></span> 
     </span>
    </p>
   </div>
   <div class='ocr_carea' id='block_1_2' title="bbox 64 472 1402 780">
    <p class='ocr_par' dir='ltr' id='par_1_2' title="bbox 64 472 1402 780">
     <span class='ocr_line' id='line_1_2' title="bbox 64 472 1343 548; baseline -0.006 -9"><span class='ocrx_word' id='word_1_6' title='bbox 64 480 148 540; x_wconf 79' lang='lat' dir='ltr'><strong>obeat</strong></span> <span class='ocrx_word' id='word_1_7' title='bbox 170 479 207 537; x_wconf 90' lang='lat' dir='ltr'><strong>ad</strong></span> <span class='ocrx_word' id='word_1_8' title='bbox 229 476 472 537; x_wconf 80' lang='lat' dir='ltr'><strong>satisfaciendum</strong></span> <span class='ocrx_word' id='word_1_9' title='bbox 493 474 708 534; x_wconf 85' lang='lat' dir='ltr'><strong>intentionibus</strong></span> <span class='ocrx_word' id='word_1_10' title='bbox 738 474 794 533; x_wconf 88' lang='lat' dir='ltr'><strong>sibi</strong></span> <span class='ocrx_word' id='word_1_11' title='bbox 816 473 988 548; x_wconf 85' lang='lat' dir='ltr'><strong>assignatis.</strong></span> <span class='ocrx_word' id='word_1_12' title='bbox 1030 472 1119 533; x_wconf 79' lang='lat' dir='ltr'><strong>Certa</strong></span> <span class='ocrx_word' id='word_1_13' title='bbox 1148 479 1247 532; x_wconf 90' lang='lat' dir='ltr'><strong>tamen</strong></span> <span class='ocrx_word' id='word_1_14' title='bbox 1268 473 1343 544; x_wconf 88' lang='lat' dir='ltr'><strong>vice,</strong></span> 
     </span>
     <span class='ocr_line' id='line_1_3' title="bbox 64 550 1345 630; baseline -0.005 -11"><span class='ocrx_word' id='word_1_15' title='bbox 64 550 81 619; x_wconf 86' lang='grc'><strong>11</strong></span> <span class='ocrx_word' id='word_1_16' title='bbox 102 561 164 619; x_wconf 92' lang='lat' dir='ltr'><strong>iam</strong></span> <span class='ocrx_word' id='word_1_17' title='bbox 186 562 269 617; x_wconf 90' lang='grc'><strong>69991</strong></span> <span class='ocrx_word' id='word_1_18' title='bbox 288 557 368 615; x_wconf 89' lang='lat' dir='ltr'><strong>inter</strong></span> <span class='ocrx_word' id='word_1_19' title='bbox 388 555 651 625; x_wconf 87' lang='lat' dir='ltr'><strong>consecrationem,</strong></span> <span class='ocrx_word' id='word_1_20' title='bbox 673 554 773 613; x_wconf 88' lang='lat' dir='ltr'><strong>audito</strong></span> <span class='ocrx_word' id='word_1_21' title='bbox 797 555 882 629; x_wconf 84' lang='lat' dir='ltr'><strong>signo</strong></span> <span class='ocrx_word' id='word_1_22' title='bbox 904 572 1067 630; x_wconf 75' lang='lat' dir='ltr'><strong>campanae</strong></span> <span class='ocrx_word' id='word_1_23' title='bbox 1088 573 1145 629; x_wconf 92' lang='lat' dir='ltr'><strong>quo</strong></span> <span class='ocrx_word' id='word_1_24' title='bbox 1160 552 1345 613; x_wconf 81' lang='lat' dir='ltr'><strong>indicabatur</strong></span> 
     </span>
     <span class='ocr_line' id='line_1_4' title="bbox 64 633 1344 714; baseline -0.006 -14"><span class='ocrx_word' id='word_1_25' title='bbox 64 661 95 700; x_wconf 90' lang='grc'><strong>19</strong></span> <span class='ocrx_word' id='word_1_26' title='bbox 118 639 236 714; x_wconf 79' lang='lat' dir='ltr'><strong>aegroti</strong></span> <span class='ocrx_word' id='word_1_27' title='bbox 258 637 385 707; x_wconf 88' lang='lat' dir='ltr'><strong>sodalis,</strong></span> <span class='ocrx_word' id='word_1_28' title='bbox 414 636 513 695; x_wconf 88' lang='lat' dir='ltr'><strong>subito</strong></span> <span class='ocrx_word' id='word_1_29' title='bbox 533 635 726 694; x_wconf 87' lang='lat' dir='ltr'><strong>intentionem</strong></span> <span class='ocrx_word' id='word_1_30' title='bbox 755 633 828 692; x_wconf 88' lang='lat' dir='ltr'><strong>iacit</strong></span> <span class='ocrx_word' id='word_1_31' title='bbox 848 634 1017 710; x_wconf 91' lang='lat' dir='ltr'><strong>applicandi</strong></span> <span class='ocrx_word' id='word_1_32' title='bbox 1038 654 1091 711; x_wconf 90' lang='lat' dir='ltr'><strong>pro</strong></span> <span class='ocrx_word' id='word_1_33' title='bbox 1112 634 1168 693; x_wconf 90' lang='lat' dir='ltr'><strong>hoc</strong></span> <span class='ocrx_word' id='word_1_34' title='bbox 1190 635 1344 705; x_wconf 83' lang='lat' dir='ltr'><strong>deiunct03</strong></span> 
     </span>
     <span class='ocr_line' id='line_1_5' title="bbox 64 713 1402 780; baseline -0.01 0"><span class='ocrx_word' id='word_1_35' title='bbox 64 725 67 779; x_wconf 68' lang='lat' dir='ltr'><strong>l</strong></span> <span class='ocrx_word' id='word_1_36' title='bbox 88 720 200 780; x_wconf 88' lang='lat' dir='ltr'><strong>dubius</strong></span> <span class='ocrx_word' id='word_1_37' title='bbox 221 720 325 777; x_wconf 83' lang='lat' dir='ltr'><strong>haeret</strong></span> <span class='ocrx_word' id='word_1_38' title='bbox 346 736 416 775; x_wconf 92' lang='lat' dir='ltr'><strong>num</strong></span> <span class='ocrx_word' id='word_1_39' title='bbox 437 721 527 775; x_wconf 89' lang='lat' dir='ltr'><strong>recte.</strong></span> <span class='ocrx_word' id='word_1_40' title='bbox 1400 713 1402 720; x_wconf 70' lang='grc'><strong>“</strong></span> 
     </span>
    </p>
   </div>
   <div class='ocr_carea' id='block_1_3' title="bbox 64 828 1347 1103">
    <p class='ocr_par' dir='ltr' id='par_1_3' title="bbox 64 828 1347 1103">
     <span class='ocr_line' id='line_1_6' title="bbox 64 828 1096 909; baseline -0.007 -15"><span class='ocrx_word' id='word_1_41' title='bbox 64 853 197 895; x_wconf 75' lang='lat' dir='ltr'><strong>armana</strong></span> <span class='ocrx_word' id='word_1_42' title='bbox 221 836 249 890; x_wconf 75' lang='grc' dir='ltr'><strong>1ο</strong></span> <span class='ocrx_word' id='word_1_43' title='bbox 270 831 429 908; x_wconf 86' lang='lat' dir='ltr'><strong>applicatio</strong></span> <span class='ocrx_word' id='word_1_44' title='bbox 451 833 590 909; x_wconf 83' lang='lat' dir='ltr'><strong>quomode</strong></span> <span class='ocrx_word' id='word_1_45' title='bbox 611 830 675 889; x_wconf 89' lang='lat' dir='ltr'><strong>fieri</strong></span> <span class='ocrx_word' id='word_1_46' title='bbox 697 849 749 888; x_wconf 91' lang='lat' dir='ltr'><strong>seu</strong></span> <span class='ocrx_word' id='word_1_47' title='bbox 771 828 961 888; x_wconf 86' lang='lat' dir='ltr'><strong>determinari</strong></span> <span class='ocrx_word' id='word_1_48' title='bbox 982 830 1096 888; x_wconf 88' lang='lat' dir='ltr'><strong>debeat.</strong></span> 
     </span>
     <span class='ocr_line' id='line_1_7' title="bbox 218 926 979 1009; baseline -0.001 -21"><span class='ocrx_word' id='word_1_49' title='bbox 218 932 248 988; x_wconf 80' lang='grc' dir='ltr'><strong>2ο</strong></span> <span class='ocrx_word' id='word_1_50' title='bbox 270 931 384 1009; x_wconf 70' lang='grc'><strong>99911919</strong></span> <span class='ocrx_word' id='word_1_51' title='bbox 404 928 469 988; x_wconf 89' lang='lat' dir='ltr'><strong>fieri</strong></span> <span class='ocrx_word' id='word_1_52' title='bbox 491 928 598 988; x_wconf 89' lang='lat' dir='ltr'><strong>debeat</strong></span> <span class='ocrx_word' id='word_1_53' title='bbox 618 928 666 987; x_wconf 83' lang='lat' dir='ltr'><strong>vel</strong></span> <span class='ocrx_word' id='word_1_54' title='bbox 687 926 793 1005; x_wconf 89' lang='lat' dir='ltr'><strong>possit,</strong></span> <span class='ocrx_word' id='word_1_55' title='bbox 815 933 848 985; x_wconf 89' lang='lat' dir='ltr'><strong>ut</strong></span> <span class='ocrx_word' id='word_1_56' title='bbox 869 928 979 987; x_wconf 86' lang='lat' dir='ltr'><strong>voleat.</strong></span> 
     </span>
     <span class='ocr_line' id='line_1_8' title="bbox 217 1023 1347 1103; baseline -0.003 -15"><span class='ocrx_word' id='word_1_57' title='bbox 217 1030 248 1088; x_wconf 83' lang='lat'><strong>3⁰</strong></span> <span class='ocrx_word' id='word_1_58' title='bbox 269 1026 337 1103; x_wconf 87' lang='lat' dir='ltr'><strong>quid</strong></span> <span class='ocrx_word' id='word_1_59' title='bbox 359 1026 395 1086; x_wconf 90' lang='lat' dir='ltr'><strong>de</strong></span> <span class='ocrx_word' id='word_1_60' title='bbox 415 1027 501 1087; x_wconf 86' lang='lat' dir='ltr'><strong>modo</strong></span> <span class='ocrx_word' id='word_1_61' title='bbox 516 1026 685 1103; x_wconf 90' lang='lat' dir='ltr'><strong>applicandi</strong></span> <span class='ocrx_word' id='word_1_62' title='bbox 700 1044 785 1102; x_wconf 90' lang='lat' dir='ltr'><strong>quem</strong></span> <span class='ocrx_word' id='word_1_63' title='bbox 801 1024 964 1085; x_wconf 79' lang='lat' dir='ltr'><strong>Cassianus</strong></span> <span class='ocrx_word' id='word_1_64' title='bbox 986 1023 1082 1084; x_wconf 91' lang='lat' dir='ltr'><strong>tenuit</strong></span> <span class='ocrx_word' id='word_1_65' title='bbox 1096 1024 1284 1084; x_wconf 91' lang='lat' dir='ltr'><strong>iudicandum</strong></span> <span class='ocrx_word' id='word_1_66' title='bbox 1299 1024 1347 1085; x_wconf 90' lang='lat' dir='ltr'><strong>sit.</strong></span> 
     </span>
    </p>
   </div>
   <div class='ocr_carea' id='block_1_4' title="bbox 616 1216 753 1284">
    <p class='ocr_par' dir='ltr' id='par_1_4' title="bbox 616 1216 753 1284">
     <span class='ocr_line' id='line_1_9' title="bbox 616 1216 753 1284; baseline 0 0"><span class='ocrx_word' id='word_1_67' title='bbox 616 1216 753 1284; x_wconf 82' lang='lat' dir='ltr'><strong>Salutio.</strong></span> 
     </span>
    </p>
   </div>
   <div class='ocr_carea' id='block_1_5' title="bbox 64 1356 1409 2157">
    <p class='ocr_par' dir='ltr' id='par_1_5' title="bbox 64 1356 1409 1886">
     <span class='ocr_line' id='line_1_10' title="bbox 106 1356 1409 1442; baseline 0.001 -17"><span class='ocrx_word' id='word_1_68' title='bbox 106 1361 162 1425; x_wconf 82' lang='lat' dir='ltr'><strong>Au</strong></span> <span class='ocrx_word' id='word_1_69' title='bbox 187 1380 378 1436; x_wconf 80' lang='lat' dir='ltr'><strong>Quaasrruu</strong></span> <span class='ocrx_word' id='word_1_70' title='bbox 405 1362 442 1423; x_wconf 65' lang='lat'><strong>1³</strong></span> <span class='ocrx_word' id='word_1_71' title='bbox 464 1358 505 1424; x_wconf 87' lang='lat' dir='ltr'><strong>R.</strong></span> <span class='ocrx_word' id='word_1_72' title='bbox 525 1360 553 1426; x_wconf 90' lang='lat'><strong>1.</strong></span> <span class='ocrx_word' id='word_1_73' title='bbox 585 1356 771 1442; x_wconf 81' lang='lat' dir='ltr'><strong>Applicatio</strong></span> <span class='ocrx_word' id='word_1_74' title='bbox 795 1356 924 1437; x_wconf 86' lang='lat' dir='ltr'><strong>missae,</strong></span> <span class='ocrx_word' id='word_1_75' title='bbox 949 1362 986 1425; x_wconf 92' lang='lat' dir='ltr'><strong>ut</strong></span> <span class='ocrx_word' id='word_1_76' title='bbox 1009 1360 1130 1438; x_wconf 86' lang='lat' dir='ltr'><strong>valeat,</strong></span> <span class='ocrx_word' id='word_1_77' title='bbox 1156 1359 1409 1442; x_wconf 71' lang='grc'><strong>111116119198</strong></span> 
     </span>
     <span class='ocr_line' id='line_1_11' title="bbox 64 1445 1349 1531; baseline -0.001 -16"><span class='ocrx_word' id='word_1_78' title='bbox 64 1449 328 1525; x_wconf 77' lang='grc' dir='ltr'><strong>1111191116161ς</strong></span> <span class='ocrx_word' id='word_1_79' title='bbox 359 1447 503 1531; x_wconf 88' lang='lat' dir='ltr'><strong>alioquin</strong></span> <span class='ocrx_word' id='word_1_80' title='bbox 533 1445 618 1513; x_wconf 88' lang='lat' dir='ltr'><strong>ratio</strong></span> <span class='ocrx_word' id='word_1_81' title='bbox 647 1467 713 1512; x_wconf 91' lang='lat' dir='ltr'><strong>non</strong></span> <span class='ocrx_word' id='word_1_82' title='bbox 743 1451 795 1513; x_wconf 91' lang='lat' dir='ltr'><strong>est</strong></span> <span class='ocrx_word' id='word_1_83' title='bbox 825 1468 883 1512; x_wconf 92' lang='lat' dir='ltr'><strong>cur</strong></span> <span class='ocrx_word' id='word_1_84' title='bbox 912 1448 1022 1531; x_wconf 91' lang='lat' dir='ltr'><strong>potius</strong></span> <span class='ocrx_word' id='word_1_85' title='bbox 1053 1447 1108 1514; x_wconf 91' lang='lat' dir='ltr'><strong>uni</strong></span> <span class='ocrx_word' id='word_1_86' title='bbox 1131 1470 1229 1531; x_wconf 89' lang='lat' dir='ltr'><strong>quam</strong></span> <span class='ocrx_word' id='word_1_87' title='bbox 1252 1449 1349 1515; x_wconf 90' lang='lat' dir='ltr'><strong>alteri</strong></span> 
     </span>
     <span class='ocr_line' id='line_1_12' title="bbox 64 1534 1349 1621; baseline -0.001 -16"><span class='ocrx_word' id='word_1_88' title='bbox 64 1539 133 1605; x_wconf 73' lang='lat' dir='ltr'><strong>rsit.</strong></span> <span class='ocrx_word' id='word_1_89' title='bbox 176 1537 333 1604; x_wconf 83' lang='lat' dir='ltr'><strong>Attamen</strong></span> <span class='ocrx_word' id='word_1_90' title='bbox 357 1558 430 1602; x_wconf 93' lang='lat' dir='ltr'><strong>cum</strong></span> <span class='ocrx_word' id='word_1_91' title='bbox 453 1536 630 1621; x_wconf 86' lang='lat' dir='ltr'><strong>applicatio</strong></span> <span class='ocrx_word' id='word_1_92' title='bbox 654 1534 711 1602; x_wconf 92' lang='lat' dir='ltr'><strong>illa</strong></span> <span class='ocrx_word' id='word_1_93' title='bbox 734 1536 855 1602; x_wconf 89' lang='lat' dir='ltr'><strong>habeat</strong></span> <span class='ocrx_word' id='word_1_94' title='bbox 877 1537 1038 1603; x_wconf 89' lang='lat' dir='ltr'><strong>rationem</strong></span> <span class='ocrx_word' id='word_1_95' title='bbox 1060 1538 1223 1620; x_wconf 90' lang='lat' dir='ltr'><strong>quandam</strong></span> <span class='ocrx_word' id='word_1_96' title='bbox 1247 1539 1349 1604; x_wconf 90' lang='lat' dir='ltr'><strong>dona·</strong></span> 
     </span>
     <span class='ocr_line' id='line_1_13' title="bbox 64 1624 1349 1710; baseline -0.002 -16"><span class='ocrx_word' id='word_1_97' title='bbox 64 1627 135 1706; x_wconf 86' lang='lat' dir='ltr'><strong>nis,</strong></span> <span class='ocrx_word' id='word_1_98' title='bbox 161 1626 382 1694; x_wconf 88' lang='lat' dir='ltr'><strong>necessarium</strong></span> <span class='ocrx_word' id='word_1_99' title='bbox 406 1647 470 1692; x_wconf 90' lang='lat' dir='ltr'><strong>non</strong></span> <span class='ocrx_word' id='word_1_100' title='bbox 495 1628 607 1691; x_wconf 87' lang='lat' dir='ltr'><strong>estut</strong></span> <span class='ocrx_word' id='word_1_101' title='bbox 630 1625 744 1691; x_wconf 88' lang='lat' dir='ltr'><strong>tiatin</strong></span> <span class='ocrx_word' id='word_1_102' title='bbox 767 1624 838 1710; x_wconf 90' lang='lat' dir='ltr'><strong>ipso</strong></span> <span class='ocrx_word' id='word_1_103' title='bbox 862 1632 938 1692; x_wconf 89' lang='lat' dir='ltr'><strong>actu</strong></span> <span class='ocrx_word' id='word_1_104' title='bbox 961 1625 1122 1704; x_wconf 86' lang='lat' dir='ltr'><strong>sacrificii,</strong></span> <span class='ocrx_word' id='word_1_105' title='bbox 1146 1627 1204 1692; x_wconf 88' lang='lat' dir='ltr'><strong>sed</strong></span> <span class='ocrx_word' id='word_1_106' title='bbox 1228 1627 1349 1693; x_wconf 83' lang='lat' dir='ltr'><strong>sufficit</strong></span> 
     </span>
     <span class='ocr_line' id='line_1_14' title="bbox 64 1713 1349 1800; baseline -0.002 -16"><span class='ocrx_word' id='word_1_107' title='bbox 64 1715 203 1784; x_wconf 89' lang='lat' dir='ltr'><strong>bitualis</strong></span> <span class='ocrx_word' id='word_1_108' title='bbox 226 1736 331 1798; x_wconf 88' lang='lat' dir='ltr'><strong>eaque</strong></span> <span class='ocrx_word' id='word_1_109' title='bbox 353 1714 520 1799; x_wconf 88' lang='lat' dir='ltr'><strong>implicita.</strong></span> <span class='ocrx_word' id='word_1_110' title='bbox 564 1713 770 1799; x_wconf 87' lang='lat' dir='ltr'><strong>Quapropter</strong></span> <span class='ocrx_word' id='word_1_111' title='bbox 799 1715 826 1779; x_wconf 91' lang='lat' dir='ltr'><strong>si</strong></span> <span class='ocrx_word' id='word_1_112' title='bbox 850 1714 1004 1781; x_wconf 85' lang='lat' dir='ltr'><strong>sacerdos</strong></span> <span class='ocrx_word' id='word_1_113' title='bbox 1026 1716 1147 1782; x_wconf 90' lang='lat' dir='ltr'><strong>nullam</strong></span> <span class='ocrx_word' id='word_1_114' title='bbox 1173 1715 1349 1800; x_wconf 85' lang='lat' dir='ltr'><strong>specialem</strong></span> 
     </span>
     <span class='ocr_line' id='line_1_15' title="bbox 64 1804 1349 1886; baseline -0.002 -13"><span class='ocrx_word' id='word_1_115' title='bbox 64 1805 239 1873; x_wconf 75' lang='lat' dir='ltr'><strong>entionem</strong></span> <span class='ocrx_word' id='word_1_116' title='bbox 270 1804 402 1871; x_wconf 81' lang='lat' dir='ltr'><strong>fecisset</strong></span> <span class='ocrx_word' id='word_1_117' title='bbox 433 1824 539 1886; x_wconf 90' lang='lat' dir='ltr'><strong>neque</strong></span> <span class='ocrx_word' id='word_1_118' title='bbox 569 1825 654 1870; x_wconf 90' lang='lat' dir='ltr'><strong>nunc</strong></span> <span class='ocrx_word' id='word_1_119' title='bbox 684 1823 788 1886; x_wconf 90' lang='lat' dir='ltr'><strong>neque</strong></span> <span class='ocrx_word' id='word_1_120' title='bbox 812 1809 927 1882; x_wconf 88' lang='lat' dir='ltr'><strong>antea,</strong></span> <span class='ocrx_word' id='word_1_121' title='bbox 959 1825 1077 1871; x_wconf 89' lang='lat' dir='ltr'><strong>censeo</strong></span> <span class='ocrx_word' id='word_1_122' title='bbox 1100 1805 1230 1871; x_wconf 91' lang='lat' dir='ltr'><strong>omnino</strong></span> <span class='ocrx_word' id='word_1_123' title='bbox 1260 1805 1349 1871; x_wconf 87' lang='lat' dir='ltr'><strong>fruc-</strong></span> 
     </span>
    </p>

    <p class='ocr_par' dir='ltr' id='par_1_6' title="bbox 64 1891 1349 2157">
     <span class='ocr_line' id='line_1_16' title="bbox 64 1891 1348 1977; baseline -0.002 -15"><span class='ocrx_word' id='word_1_124' title='bbox 64 1918 90 1962; x_wconf 89' lang='grc'><strong>11</strong></span> <span class='ocrx_word' id='word_1_125' title='bbox 117 1893 366 1960; x_wconf 83' lang='lat' dir='ltr'><strong>ministerialem</strong></span> <span class='ocrx_word' id='word_1_126' title='bbox 390 1891 590 1977; x_wconf 89' lang='lat' dir='ltr'><strong>applicatum</strong></span> <span class='ocrx_word' id='word_1_127' title='bbox 613 1892 654 1958; x_wconf 91' lang='lat' dir='ltr'><strong>iri</strong></span> <span class='ocrx_word' id='word_1_128' title='bbox 677 1892 739 1976; x_wconf 87' lang='lat' dir='ltr'><strong>ipsi</strong></span> <span class='ocrx_word' id='word_1_129' title='bbox 764 1892 961 1972; x_wconf 84' lang='lat' dir='ltr'><strong>celebranti,</strong></span> <span class='ocrx_word' id='word_1_130' title='bbox 986 1915 1059 1959; x_wconf 93' lang='lat' dir='ltr'><strong>cum</strong></span> <span class='ocrx_word' id='word_1_131' title='bbox 1083 1894 1253 1960; x_wconf 86' lang='lat' dir='ltr'><strong>celebrans</strong></span> <span class='ocrx_word' id='word_1_132' title='bbox 1277 1895 1348 1977; x_wconf 91' lang='lat' dir='ltr'><strong>qui·</strong></span> 
     </span>
     <span class='ocr_line' id='line_1_17' title="bbox 66 1981 1349 2078; baseline -0.001 -28"><span class='ocrx_word' id='word_1_133' title='bbox 66 1989 102 2051; x_wconf 90' lang='lat' dir='ltr'><strong>et</strong></span> <span class='ocrx_word' id='word_1_134' title='bbox 127 1982 343 2050; x_wconf 90' lang='lat' dir='ltr'><strong>habitualiter</strong></span> <span class='ocrx_word' id='word_1_135' title='bbox 365 1981 448 2048; x_wconf 88' lang='lat' dir='ltr'><strong>velit</strong></span> <span class='ocrx_word' id='word_1_136' title='bbox 470 1985 599 2048; x_wconf 90' lang='lat' dir='ltr'><strong>tantum</strong></span> <span class='ocrx_word' id='word_1_137' title='bbox 612 1981 752 2078; x_wconf 62' lang='lat' dir='ltr'><strong>⁸fructus</strong></span> <span class='ocrx_word' id='word_1_138' title='bbox 775 1981 955 2065; x_wconf 85' lang='lat' dir='ltr'><strong>spiritualis</strong></span> <span class='ocrx_word' id='word_1_139' title='bbox 979 2002 1021 2048; x_wconf 84' lang='lat' dir='ltr'><strong>ex</strong></span> <span class='ocrx_word' id='word_1_140' title='bbox 1051 1982 1151 2049; x_wconf 90' lang='lat' dir='ltr'><strong>missa</strong></span> <span class='ocrx_word' id='word_1_141' title='bbox 1180 1983 1349 2069; x_wconf 89' lang='lat' dir='ltr'><strong>percipere</strong></span> 
     </span>
     <span class='ocr_line' id='line_1_18' title="bbox 64 2072 442 2157; baseline -0.008 -16"><span class='ocrx_word' id='word_1_142' title='bbox 64 2078 181 2141; x_wconf 89' lang='lat' dir='ltr'><strong>autum</strong></span> <span class='ocrx_word' id='word_1_143' title='bbox 205 2072 359 2157; x_wconf 87' lang='lat' dir='ltr'><strong>possibile</strong></span> <span class='ocrx_word' id='word_1_144' title='bbox 382 2076 442 2138; x_wconf 87' lang='lat' dir='ltr'><strong>est.</strong></span> 
     </span>
    </p>
   </div>
   <div class='ocr_carea' id='block_1_6' title="bbox 64 2176 1348 2614">
    <p class='ocr_par' dir='ltr' id='par_1_7' title="bbox 64 2176 1348 2614">
     <span class='ocr_line' id='line_1_19' title="bbox 110 2176 1348 2262; baseline 0.001 -18"><span class='ocrx_word' id='word_1_145' title='bbox 110 2179 152 2246; x_wconf 87' lang='lat' dir='ltr'><strong>R.</strong></span> <span class='ocrx_word' id='word_1_146' title='bbox 186 2181 215 2245; x_wconf 85' lang='lat'><strong>2.</strong></span> <span class='ocrx_word' id='word_1_147' title='bbox 267 2177 396 2244; x_wconf 85' lang='lat' dir='ltr'><strong>Sufficit</strong></span> <span class='ocrx_word' id='word_1_148' title='bbox 426 2181 536 2243; x_wconf 89' lang='lat' dir='ltr'><strong>autem</strong></span> <span class='ocrx_word' id='word_1_149' title='bbox 572 2182 608 2244; x_wconf 92' lang='lat' dir='ltr'><strong>ut</strong></span> <span class='ocrx_word' id='word_1_150' title='bbox 643 2176 812 2242; x_wconf 89' lang='lat' dir='ltr'><strong>celebrans</strong></span> <span class='ocrx_word' id='word_1_151' title='bbox 843 2181 945 2261; x_wconf 90' lang='lat' dir='ltr'><strong>ponat</strong></span> <span class='ocrx_word' id='word_1_152' title='bbox 974 2199 1032 2243; x_wconf 89' lang='grc'><strong>9911</strong></span> <span class='ocrx_word' id='word_1_153' title='bbox 1062 2177 1209 2262; x_wconf 85' lang='lat' dir='ltr'><strong>posuerit</strong></span> <span class='ocrx_word' id='word_1_154' title='bbox 1237 2182 1348 2245; x_wconf 89' lang='lat' dir='ltr'><strong>actum</strong></span> 
     </span>
     <span class='ocr_line' id='line_1_20' title="bbox 65 2265 1348 2350; baseline 0 -16"><span class='ocrx_word' id='word_1_155' title='bbox 65 2269 75 2334; x_wconf 94' lang='lat' dir='ltr'><strong>i</strong></span> <span class='ocrx_word' id='word_1_156' title='bbox 100 2266 409 2335; x_wconf 87' lang='lat' dir='ltr'><strong>determinationem</strong></span> <span class='ocrx_word' id='word_1_157' title='bbox 433 2267 577 2332; x_wconf 81' lang='lat' dir='ltr'><strong>obiectioe</strong></span> <span class='ocrx_word' id='word_1_158' title='bbox 599 2265 775 2344; x_wconf 86' lang='lat' dir='ltr'><strong>contineat,</strong></span> <span class='ocrx_word' id='word_1_159' title='bbox 801 2265 863 2331; x_wconf 92' lang='lat' dir='ltr'><strong>etsi</strong></span> <span class='ocrx_word' id='word_1_160' title='bbox 880 2266 1048 2333; x_wconf 90' lang='lat' dir='ltr'><strong>celebrans</strong></span> <span class='ocrx_word' id='word_1_161' title='bbox 1064 2267 1134 2350; x_wconf 91' lang='lat' dir='ltr'><strong>ipse</strong></span> <span class='ocrx_word' id='word_1_162' title='bbox 1150 2267 1348 2334; x_wconf 89' lang='lat' dir='ltr'><strong>determina·</strong></span> 
     </span>
     <span class='ocr_line' id='line_1_21' title="bbox 64 2354 1348 2424; baseline 0 -1"><span class='ocrx_word' id='word_1_163' title='bbox 64 2378 145 2424; x_wconf 90' lang='lat' dir='ltr'><strong>nem</strong></span> <span class='ocrx_word' id='word_1_164' title='bbox 171 2378 235 2421; x_wconf 90' lang='lat' dir='ltr'><strong>non</strong></span> <span class='ocrx_word' id='word_1_165' title='bbox 260 2355 397 2422; x_wconf 87' lang='lat' dir='ltr'><strong>noverit.</strong></span> <span class='ocrx_word' id='word_1_166' title='bbox 444 2354 529 2420; x_wconf 93' lang='lat' dir='ltr'><strong>Hinc</strong></span> <span class='ocrx_word' id='word_1_167' title='bbox 551 2354 579 2420; x_wconf 91' lang='lat' dir='ltr'><strong>si</strong></span> <span class='ocrx_word' id='word_1_168' title='bbox 603 2354 736 2422; x_wconf 91' lang='lat' dir='ltr'><strong>intendo</strong></span> <span class='ocrx_word' id='word_1_169' title='bbox 760 2355 926 2420; x_wconf 86' lang='lat' dir='ltr'><strong>celebrare</strong></span> <span class='ocrx_word' id='word_1_170' title='bbox 950 2356 1126 2421; x_wconf 89' lang='lat' dir='ltr'><strong>secundum</strong></span> <span class='ocrx_word' id='word_1_171' title='bbox 1150 2357 1348 2423; x_wconf 90' lang='lat' dir='ltr'><strong>determina-</strong></span> 
     </span>
     <span class='ocr_line' id='line_1_22' title="bbox 64 2442 1348 2528; baseline -0.001 -15"><span class='ocrx_word' id='word_1_172' title='bbox 64 2469 146 2513; x_wconf 88' lang='lat' dir='ltr'><strong>·nem</strong></span> <span class='ocrx_word' id='word_1_173' title='bbox 172 2444 296 2522; x_wconf 79' lang='lat' dir='ltr'><strong>Caroli,</strong></span> <span class='ocrx_word' id='word_1_174' title='bbox 328 2449 362 2511; x_wconf 90' lang='grc'><strong>61</strong></span> <span class='ocrx_word' id='word_1_175' title='bbox 385 2444 521 2510; x_wconf 82' lang='lat' dir='ltr'><strong>Carolus</strong></span> <span class='ocrx_word' id='word_1_176' title='bbox 551 2442 856 2510; x_wconf 87' lang='lat' dir='ltr'><strong>determinationem</strong></span> <span class='ocrx_word' id='word_1_177' title='bbox 879 2444 1012 2522; x_wconf 87' lang='grc'><strong>1999111,</strong></span> <span class='ocrx_word' id='word_1_178' title='bbox 1037 2445 1167 2512; x_wconf 89' lang='lat' dir='ltr'><strong>etiamsi</strong></span> <span class='ocrx_word' id='word_1_179' title='bbox 1189 2467 1251 2528; x_wconf 82' lang='lat' dir='ltr'><strong>ego</strong></span> <span class='ocrx_word' id='word_1_180' title='bbox 1275 2467 1348 2512; x_wconf 87' lang='lat' dir='ltr'><strong>earn</strong></span> 
     </span>
     <span class='ocr_line' id='line_1_23' title="bbox 65 2532 1019 2614; baseline -0.002 -11"><span class='ocrx_word' id='word_1_181' title='bbox 65 2538 214 2614; x_wconf 86' lang='lat' dir='ltr'><strong>llatenus</strong></span> <span class='ocrx_word' id='word_1_182' title='bbox 239 2533 325 2610; x_wconf 88' lang='lat' dir='ltr'><strong>novi,</strong></span> <span class='ocrx_word' id='word_1_183' title='bbox 349 2555 423 2599; x_wconf 90' lang='lat' dir='ltr'><strong>mea</strong></span> <span class='ocrx_word' id='word_1_184' title='bbox 446 2532 585 2599; x_wconf 91' lang='lat' dir='ltr'><strong>intentio</strong></span> <span class='ocrx_word' id='word_1_185' title='bbox 609 2533 692 2600; x_wconf 89' lang='lat' dir='ltr'><strong>satis</strong></span> <span class='ocrx_word' id='word_1_186' title='bbox 716 2532 934 2600; x_wconf 86' lang='lat' dir='ltr'><strong>determinata</strong></span> <span class='ocrx_word' id='word_1_187' title='bbox 957 2539 1019 2601; x_wconf 89' lang='grc'><strong>691.</strong></span> 
     </span>
    </p>
   </div>
   <div class='ocr_carea' id='block_1_7' title="bbox 63 2639 1350 3080">
    <p class='ocr_par' dir='ltr' id='par_1_8' title="bbox 63 2639 1350 3080">
     <span class='ocr_line' id='line_1_24' title="bbox 112 2639 1349 2724; baseline 0 -17"><span class='ocrx_word' id='word_1_188' title='bbox 112 2642 154 2708; x_wconf 86' lang='lat' dir='ltr'><strong>lt.</strong></span> <span class='ocrx_word' id='word_1_189' title='bbox 181 2645 211 2708; x_wconf 90' lang='lat'><strong>3.</strong></span> <span class='ocrx_word' id='word_1_190' title='bbox 244 2639 483 2707; x_wconf 90' lang='lat' dir='ltr'><strong>Determinatio</strong></span> <span class='ocrx_word' id='word_1_191' title='bbox 509 2640 606 2705; x_wconf 88' lang='lat' dir='ltr'><strong>debet</strong></span> <span class='ocrx_word' id='word_1_192' title='bbox 628 2644 740 2706; x_wconf 89' lang='lat' dir='ltr'><strong>tamen</strong></span> <span class='ocrx_word' id='word_1_193' title='bbox 764 2639 880 2705; x_wconf 89' lang='lat' dir='ltr'><strong>adesse</strong></span> <span class='ocrx_word' id='word_1_194' title='bbox 904 2661 990 2706; x_wconf 90' lang='lat' dir='ltr'><strong>nunc</strong></span> <span class='ocrx_word' id='word_1_195' title='bbox 1013 2641 1053 2706; x_wconf 90' lang='lat' dir='ltr'><strong>de</strong></span> <span class='ocrx_word' id='word_1_196' title='bbox 1076 2643 1259 2724; x_wconf 88' lang='lat' dir='ltr'><strong>praesenti,</strong></span> <span class='ocrx_word' id='word_1_197' title='bbox 1284 2663 1349 2707; x_wconf 93' lang='lat' dir='ltr'><strong>non</strong></span> 
     </span>
     <span class='ocr_line' id='line_1_25' title="bbox 64 2728 1349 2816; baseline -0.004 -16"><span class='ocrx_word' id='word_1_198' title='bbox 64 2735 137 2800; x_wconf 88' lang='lat' dir='ltr'><strong>test</strong></span> <span class='ocrx_word' id='word_1_199' title='bbox 160 2731 231 2796; x_wconf 90' lang='lat' dir='ltr'><strong>fieri</strong></span> <span class='ocrx_word' id='word_1_200' title='bbox 247 2730 425 2814; x_wconf 91' lang='lat' dir='ltr'><strong>applicatio</strong></span> <span class='ocrx_word' id='word_1_201' title='bbox 441 2729 617 2796; x_wconf 87' lang='lat' dir='ltr'><strong>secundum</strong></span> <span class='ocrx_word' id='word_1_202' title='bbox 635 2728 940 2795; x_wconf 84' lang='lat' dir='ltr'><strong>determinationem</strong></span> <span class='ocrx_word' id='word_1_203' title='bbox 956 2729 1111 2798; x_wconf 90' lang='lat' dir='ltr'><strong>futuram.</strong></span> <span class='ocrx_word' id='word_1_204' title='bbox 1143 2731 1230 2798; x_wconf 89' lang='lat' dir='ltr'><strong>Nam</strong></span> <span class='ocrx_word' id='word_1_205' title='bbox 1247 2731 1349 2816; x_wconf 88' lang='lat' dir='ltr'><strong>appli-</strong></span> 
     </span>
     <span class='ocr_line' id='line_1_26' title="bbox 64 2817 1350 2903; baseline -0.003 -14"><span class='ocrx_word' id='word_1_206' title='bbox 64 2821 110 2890; x_wconf 92' lang='lat' dir='ltr'><strong>tio</strong></span> <span class='ocrx_word' id='word_1_207' title='bbox 142 2841 207 2886; x_wconf 92' lang='lat' dir='ltr'><strong>non</strong></span> <span class='ocrx_word' id='word_1_208' title='bbox 238 2821 349 2903; x_wconf 89' lang='lat' dir='ltr'><strong>potest</strong></span> <span class='ocrx_word' id='word_1_209' title='bbox 370 2839 503 2885; x_wconf 90' lang='lat' dir='ltr'><strong>manere</strong></span> <span class='ocrx_word' id='word_1_210' title='bbox 525 2817 560 2882; x_wconf 93' lang='lat' dir='ltr'><strong>in</strong></span> <span class='ocrx_word' id='word_1_211' title='bbox 590 2838 764 2901; x_wconf 87' lang='lat' dir='ltr'><strong>suspenso,</strong></span> <span class='ocrx_word' id='word_1_212' title='bbox 793 2838 859 2883; x_wconf 92' lang='lat' dir='ltr'><strong>non</strong></span> <span class='ocrx_word' id='word_1_213' title='bbox 889 2819 994 2902; x_wconf 83' lang='lat' dir='ltr'><strong>magis</strong></span> <span class='ocrx_word' id='word_1_214' title='bbox 1024 2840 1122 2902; x_wconf 90' lang='lat' dir='ltr'><strong>quam</strong></span> <span class='ocrx_word' id='word_1_215' title='bbox 1152 2820 1350 2887; x_wconf 90' lang='lat' dir='ltr'><strong>sacramenti</strong></span> 
     </span>
     <span class='ocr_line' id='line_1_27' title="bbox 63 2907 1350 2991; baseline -0.001 -14"><span class='ocrx_word' id='word_1_216' title='bbox 63 2909 191 2977; x_wconf 84' lang='lat' dir='ltr'><strong>nicetio</strong></span> <span class='ocrx_word' id='word_1_217' title='bbox 224 2908 258 2973; x_wconf 88' lang='lat' dir='ltr'><strong>in</strong></span> <span class='ocrx_word' id='word_1_218' title='bbox 290 2928 448 2991; x_wconf 88' lang='lat' dir='ltr'><strong>suspenso</strong></span> <span class='ocrx_word' id='word_1_219' title='bbox 480 2928 614 2972; x_wconf 90' lang='lat' dir='ltr'><strong>manere</strong></span> <span class='ocrx_word' id='word_1_220' title='bbox 646 2910 765 2991; x_wconf 86' lang='lat' dir='ltr'><strong>potest.</strong></span> <span class='ocrx_word' id='word_1_221' title='bbox 813 2907 858 2974; x_wconf 80' lang='grc'><strong>111</strong></span> <span class='ocrx_word' id='word_1_222' title='bbox 889 2928 1086 2991; x_wconf 89' lang='lat' dir='ltr'><strong>quamquam</strong></span> <span class='ocrx_word' id='word_1_223' title='bbox 1115 2908 1148 2975; x_wconf 92' lang='lat' dir='ltr'><strong>id</strong></span> <span class='ocrx_word' id='word_1_224' title='bbox 1178 2932 1243 2976; x_wconf 90' lang='lat' dir='ltr'><strong>non</strong></span> <span class='ocrx_word' id='word_1_225' title='bbox 1266 2910 1350 2976; x_wconf 89' lang='lat' dir='ltr'><strong>adeo</strong></span> 
     </span>
     <span class='ocr_line' id='line_1_28' title="bbox 64 2994 1349 3080; baseline -0.002 -14"><span class='ocrx_word' id='word_1_226' title='bbox 64 3021 152 3066; x_wconf 78' lang='lat' dir='ltr'><strong>irum</strong></span> <span class='ocrx_word' id='word_1_227' title='bbox 178 2999 244 3073; x_wconf 88' lang='lat' dir='ltr'><strong>est,</strong></span> <span class='ocrx_word' id='word_1_228' title='bbox 276 2997 302 3062; x_wconf 94' lang='lat' dir='ltr'><strong>si</strong></span> <span class='ocrx_word' id='word_1_229' title='bbox 327 2995 400 3080; x_wconf 91' lang='lat' dir='ltr'><strong>quis</strong></span> <span class='ocrx_word' id='word_1_230' title='bbox 423 2994 505 3063; x_wconf 89' lang='lat' dir='ltr'><strong>velit</strong></span> <span class='ocrx_word' id='word_1_231' title='bbox 534 3017 703 3062; x_wconf 84' lang='lat' dir='ltr'><strong>recurrere</strong></span> <span class='ocrx_word' id='word_1_232' title='bbox 726 2996 768 3061; x_wconf 90' lang='grc'><strong>911</strong></span> <span class='ocrx_word' id='word_1_233' title='bbox 792 2996 1096 3063; x_wconf 87' lang='lat' dir='ltr'><strong>determinationem</strong></span> <span class='ocrx_word' id='word_1_234' title='bbox 1120 2998 1264 3065; x_wconf 87' lang='lat' dir='ltr'><strong>futuram</strong></span> <span class='ocrx_word' id='word_1_235' title='bbox 1289 2999 1349 3064; x_wconf 87' lang='lat' dir='ltr'><strong>sub</strong></span> 
     </span>
    </p>
   </div>
   <div class='ocr_carea' id='block_1_8' title="bbox 64 3085 1350 3423">
    <p class='ocr_par' dir='ltr' id='par_1_9' title="bbox 64 3085 1350 3423">
     <span class='ocr_line' id='line_1_29' title="bbox 64 3085 1349 3173; baseline -0.002 -18"><span class='ocrx_word' id='word_1_236' title='bbox 64 3087 151 3156; x_wconf 89' lang='lat' dir='ltr'><strong>tuali</strong></span> <span class='ocrx_word' id='word_1_237' title='bbox 186 3086 248 3152; x_wconf 90' lang='lat' dir='ltr'><strong>Dei</strong></span> <span class='ocrx_word' id='word_1_238' title='bbox 281 3085 517 3170; x_wconf 88' lang='lat' dir='ltr'><strong>praescientia,</strong></span> <span class='ocrx_word' id='word_1_239' title='bbox 559 3090 671 3151; x_wconf 89' lang='lat' dir='ltr'><strong>tamen</strong></span> <span class='ocrx_word' id='word_1_240' title='bbox 706 3106 746 3150; x_wconf 90' lang='lat' dir='ltr'><strong>ne</strong></span> <span class='ocrx_word' id='word_1_241' title='bbox 781 3085 842 3150; x_wconf 92' lang='lat' dir='ltr'><strong>hoc</strong></span> <span class='ocrx_word' id='word_1_242' title='bbox 877 3085 1006 3168; x_wconf 90' lang='lat' dir='ltr'><strong>quidem</strong></span> <span class='ocrx_word' id='word_1_243' title='bbox 1041 3086 1136 3152; x_wconf 93' lang='lat' dir='ltr'><strong>modo</strong></span> <span class='ocrx_word' id='word_1_244' title='bbox 1172 3087 1349 3173; x_wconf 87' lang='lat' dir='ltr'><strong>applicatio</strong></span> 
     </span>
     <span class='ocr_line' id='line_1_30' title="bbox 64 3173 1350 3260; baseline -0.002 -16"><span class='ocrx_word' id='word_1_245' title='bbox 64 3178 108 3244; x_wconf 91' lang='lat' dir='ltr'><strong>tis</strong></span> <span class='ocrx_word' id='word_1_246' title='bbox 142 3178 235 3242; x_wconf 88' lang='lat' dir='ltr'><strong>certa</strong></span> <span class='ocrx_word' id='word_1_247' title='bbox 270 3179 338 3253; x_wconf 90' lang='lat' dir='ltr'><strong>est,</strong></span> <span class='ocrx_word' id='word_1_248' title='bbox 372 3197 444 3241; x_wconf 92' lang='lat' dir='ltr'><strong>cum</strong></span> <span class='ocrx_word' id='word_1_249' title='bbox 474 3174 563 3240; x_wconf 92' lang='lat' dir='ltr'><strong>Deus</strong></span> <span class='ocrx_word' id='word_1_250' title='bbox 593 3173 763 3257; x_wconf 89' lang='lat' dir='ltr'><strong>reliquerit</strong></span> <span class='ocrx_word' id='word_1_251' title='bbox 797 3179 1006 3260; x_wconf 88' lang='lat' dir='ltr'><strong>sacramenta</strong></span> <span class='ocrx_word' id='word_1_252' title='bbox 1037 3181 1071 3242; x_wconf 89' lang='lat' dir='ltr'><strong>et</strong></span> <span class='ocrx_word' id='word_1_253' title='bbox 1103 3175 1262 3242; x_wconf 87' lang='lat' dir='ltr'><strong>sacrificia</strong></span> <span class='ocrx_word' id='word_1_254' title='bbox 1291 3177 1350 3243; x_wconf 94' lang='lat' dir='ltr'><strong>ho·</strong></span> 
     </span>
     <span class='ocr_line' id='line_1_31' title="bbox 64 3264 1350 3349; baseline -0.002 -16"><span class='ocrx_word' id='word_1_255' title='bbox 64 3267 168 3333; x_wconf 78' lang='lat' dir='ltr'><strong>nibus</strong></span> <span class='ocrx_word' id='word_1_256' title='bbox 192 3264 410 3349; x_wconf 89' lang='lat' dir='ltr'><strong>dispensanda</strong></span> <span class='ocrx_word' id='word_1_257' title='bbox 436 3265 575 3329; x_wconf 81' lang='grc'><strong>1911999</strong></span> <span class='ocrx_word' id='word_1_258' title='bbox 598 3265 689 3329; x_wconf 86' lang='lat' dir='ltr'><strong>modo</strong></span> <span class='ocrx_word' id='word_1_259' title='bbox 719 3268 752 3329; x_wconf 91' lang='lat' dir='ltr'><strong>et</strong></span> <span class='ocrx_word' id='word_1_260' title='bbox 782 3265 959 3331; x_wconf 90' lang='lat' dir='ltr'><strong>secundum</strong></span> <span class='ocrx_word' id='word_1_261' title='bbox 989 3266 1163 3330; x_wconf 78' lang='lat' dir='ltr'><strong>humanam</strong></span> <span class='ocrx_word' id='word_1_262' title='bbox 1196 3264 1350 3331; x_wconf 88' lang='lat' dir='ltr'><strong>determi-</strong></span> 
     </span>
     <span class='ocr_line' id='line_1_32' title="bbox 64 3357 204 3423; baseline -0.014 0"><span class='ocrx_word' id='word_1_263' title='bbox 64 3357 204 3423; x_wconf 89' lang='lat' dir='ltr'><strong>tionem.</strong></span> 
     </span>
    </p>
   </div>
   <div class='ocr_carea' id='block_1_9' title="bbox 64 3474 1412 4089">
    <p class='ocr_par' dir='ltr' id='par_1_10' title="bbox 64 3474 1412 4089">
     <span class='ocr_line' id='line_1_33' title="bbox 116 3474 1412 3558; baseline 0.005 -16"><span class='ocrx_word' id='word_1_264' title='bbox 116 3478 172 3542; x_wconf 85' lang='lat' dir='ltr'><strong>An</strong></span> <span class='ocrx_word' id='word_1_265' title='bbox 196 3496 387 3552; x_wconf 80' lang='lat' dir='ltr'><strong>ouansrruu</strong></span> <span class='ocrx_word' id='word_1_266' title='bbox 409 3474 502 3540; x_wconf 72' lang='grc'><strong>1111.</strong></span> <span class='ocrx_word' id='word_1_267' title='bbox 531 3478 558 3540; x_wconf 92' lang='lat'><strong>1.</strong></span> <span class='ocrx_word' id='word_1_268' title='bbox 590 3475 786 3558; x_wconf 80' lang='lat' dir='ltr'><strong>Applicatio,</strong></span> <span class='ocrx_word' id='word_1_269' title='bbox 811 3479 848 3540; x_wconf 91' lang='lat' dir='ltr'><strong>ut</strong></span> <span class='ocrx_word' id='word_1_270' title='bbox 864 3475 984 3553; x_wconf 89' lang='lat' dir='ltr'><strong>valeat,</strong></span> <span class='ocrx_word' id='word_1_271' title='bbox 1009 3474 1079 3540; x_wconf 88' lang='lat' dir='ltr'><strong>fieri</strong></span> <span class='ocrx_word' id='word_1_272' title='bbox 1103 3475 1199 3541; x_wconf 89' lang='lat' dir='ltr'><strong>debet</strong></span> <span class='ocrx_word' id='word_1_273' title='bbox 1222 3476 1412 3556; x_wconf 67' lang='grc'><strong>9911911199</strong></span> 
     </span>
     <span class='ocr_line' id='line_1_34' title="bbox 64 3563 1353 3650; baseline -0.001 -16"><span class='ocrx_word' id='word_1_274' title='bbox 64 3573 207 3650; x_wconf 84' lang='lat' dir='ltr'><strong>tequam</strong></span> <span class='ocrx_word' id='word_1_275' title='bbox 224 3565 374 3630; x_wconf 88' lang='lat' dir='ltr'><strong>sacrificii</strong></span> <span class='ocrx_word' id='word_1_276' title='bbox 391 3563 534 3630; x_wconf 87' lang='lat' dir='ltr'><strong>essentia</strong></span> <span class='ocrx_word' id='word_1_277' title='bbox 550 3564 747 3646; x_wconf 88' lang='lat' dir='ltr'><strong>perficiatur.</strong></span> <span class='ocrx_word' id='word_1_278' title='bbox 779 3564 875 3629; x_wconf 89' lang='lat' dir='ltr'><strong>Unde</strong></span> <span class='ocrx_word' id='word_1_279' title='bbox 890 3564 1103 3642; x_wconf 88' lang='lat' dir='ltr'><strong>concluditur,</strong></span> <span class='ocrx_word' id='word_1_280' title='bbox 1120 3586 1192 3630; x_wconf 92' lang='lat' dir='ltr'><strong>cum</strong></span> <span class='ocrx_word' id='word_1_281' title='bbox 1209 3566 1353 3633; x_wconf 87' lang='lat' dir='ltr'><strong>essentia</strong></span> 
     </span>
     <span class='ocr_line' id='line_1_35' title="bbox 64 3652 1352 3736; baseline -0.003 -11"><span class='ocrx_word' id='word_1_282' title='bbox 64 3665 94 3725; x_wconf 82' lang='lat' dir='ltr'><strong>ta</strong></span> <span class='ocrx_word' id='word_1_283' title='bbox 111 3655 208 3722; x_wconf 87' lang='lat' dir='ltr'><strong>sitin</strong></span> <span class='ocrx_word' id='word_1_284' title='bbox 225 3653 470 3719; x_wconf 90' lang='lat' dir='ltr'><strong>consecratione</strong></span> <span class='ocrx_word' id='word_1_285' title='bbox 487 3653 656 3734; x_wconf 91' lang='lat' dir='ltr'><strong>utriusque</strong></span> <span class='ocrx_word' id='word_1_286' title='bbox 672 3652 802 3736; x_wconf 88' lang='lat' dir='ltr'><strong>speciei,</strong></span> <span class='ocrx_word' id='word_1_287' title='bbox 826 3652 1078 3736; x_wconf 88' lang='lat' dir='ltr'><strong>applicationem</strong></span> <span class='ocrx_word' id='word_1_288' title='bbox 1095 3653 1213 3720; x_wconf 90' lang='lat' dir='ltr'><strong>debere</strong></span> <span class='ocrx_word' id='word_1_289' title='bbox 1228 3654 1352 3721; x_wconf 87' lang='lat' dir='ltr'><strong>iactam</strong></span> 
     </span>
     <span class='ocr_line' id='line_1_36' title="bbox 64 3741 1352 3823; baseline -0.002 -10"><span class='ocrx_word' id='word_1_290' title='bbox 64 3767 101 3813; x_wconf 88' lang='lat' dir='ltr'><strong>se</strong></span> <span class='ocrx_word' id='word_1_291' title='bbox 126 3744 246 3809; x_wconf 88' lang='lat' dir='ltr'><strong>saltem</strong></span> <span class='ocrx_word' id='word_1_292' title='bbox 270 3748 347 3810; x_wconf 87' lang='lat' dir='ltr'><strong>ante</strong></span> <span class='ocrx_word' id='word_1_293' title='bbox 370 3742 647 3808; x_wconf 89' lang='lat' dir='ltr'><strong>consecrationem</strong></span> <span class='ocrx_word' id='word_1_294' title='bbox 672 3741 791 3808; x_wconf 88' lang='lat' dir='ltr'><strong>calicis.</strong></span> <span class='ocrx_word' id='word_1_295' title='bbox 824 3743 872 3806; x_wconf 89' lang='grc' dir='ltr'><strong>Εο</strong></span> <span class='ocrx_word' id='word_1_296' title='bbox 888 3763 991 3823; x_wconf 90' lang='lat' dir='ltr'><strong>usque</strong></span> <span class='ocrx_word' id='word_1_297' title='bbox 1007 3742 1092 3808; x_wconf 92' lang='lat' dir='ltr'><strong>enim</strong></span> <span class='ocrx_word' id='word_1_298' title='bbox 1108 3743 1235 3810; x_wconf 87' lang='lat' dir='ltr'><strong>fructus</strong></span> <span class='ocrx_word' id='word_1_299' title='bbox 1250 3746 1352 3810; x_wconf 89' lang='lat' dir='ltr'><strong>sacri-</strong></span> 
     </span>
     <span class='ocr_line' id='line_1_37' title="bbox 64 3831 1353 3918; baseline 0.002 -20"><span class='ocrx_word' id='word_1_300' title='bbox 64 3835 91 3900; x_wconf 89' lang='grc'><strong>11</strong></span> <span class='ocrx_word' id='word_1_301' title='bbox 116 3854 185 3899; x_wconf 88' lang='grc'><strong>1191</strong></span> <span class='ocrx_word' id='word_1_302' title='bbox 208 3832 349 3909; x_wconf 78' lang='lat' dir='ltr'><strong>exsistit,</strong></span> <span class='ocrx_word' id='word_1_303' title='bbox 371 3831 509 3913; x_wconf 89' lang='lat' dir='ltr'><strong>ideoque</strong></span> <span class='ocrx_word' id='word_1_304' title='bbox 533 3831 724 3897; x_wconf 80' lang='lat' dir='ltr'><strong>sacrificium</strong></span> <span class='ocrx_word' id='word_1_305' title='bbox 742 3831 848 3896; x_wconf 90' lang='lat' dir='ltr'><strong>adhuc</strong></span> <span class='ocrx_word' id='word_1_306' title='bbox 863 3831 972 3896; x_wconf 85' lang='lat' dir='ltr'><strong>offerri</strong></span> <span class='ocrx_word' id='word_1_307' title='bbox 988 3852 1047 3897; x_wconf 90' lang='lat' dir='ltr'><strong>seu</strong></span> <span class='ocrx_word' id='word_1_308' title='bbox 1063 3833 1219 3917; x_wconf 89' lang='lat' dir='ltr'><strong>applicari</strong></span> <span class='ocrx_word' id='word_1_309' title='bbox 1241 3838 1353 3918; x_wconf 91' lang='lat' dir='ltr'><strong>potest</strong></span> 
     </span>
     <span class='ocr_line' id='line_1_38' title="bbox 64 3921 1353 4004; baseline -0.002 -13"><span class='ocrx_word' id='word_1_310' title='bbox 64 3946 86 3991; x_wconf 75' lang='lat' dir='ltr'><strong>¹o</strong></span> <span class='ocrx_word' id='word_1_311' title='bbox 111 3921 251 3990; x_wconf 89' lang='lat' dir='ltr'><strong>arbitrio</strong></span> <span class='ocrx_word' id='word_1_312' title='bbox 274 3921 471 3999; x_wconf 85' lang='lat' dir='ltr'><strong>sacerdotis;</strong></span> <span class='ocrx_word' id='word_1_313' title='bbox 501 3927 577 4004; x_wconf 84' lang='lat' dir='ltr'><strong>post</strong></span> <span class='ocrx_word' id='word_1_314' title='bbox 600 3921 894 3997; x_wconf 87' lang='lat' dir='ltr'><strong>consecrationem,</strong></span> <span class='ocrx_word' id='word_1_315' title='bbox 927 3941 999 3984; x_wconf 89' lang='lat' dir='ltr'><strong>cum</strong></span> <span class='ocrx_word' id='word_1_316' title='bbox 1022 3921 1087 3987; x_wconf 88' lang='lat' dir='ltr'><strong>iam</strong></span> <span class='ocrx_word' id='word_1_317' title='bbox 1118 3924 1253 3989; x_wconf 87' lang='lat' dir='ltr'><strong>effectus</strong></span> <span class='ocrx_word' id='word_1_318' title='bbox 1277 3944 1353 3988; x_wconf 90' lang='lat' dir='ltr'><strong>suos</strong></span> 
     </span>
     <span class='ocr_line' id='line_1_39' title="bbox 64 4009 923 4089; baseline -0.007 -9"><span class='ocrx_word' id='word_1_319' title='bbox 64 4011 234 4089; x_wconf 79' lang='lat' dir='ltr'><strong>eduxerit,</strong></span> <span class='ocrx_word' id='word_1_320' title='bbox 258 4011 393 4078; x_wconf 87' lang='lat' dir='ltr'><strong>arbitrio</strong></span> <span class='ocrx_word' id='word_1_321' title='bbox 417 4009 612 4076; x_wconf 90' lang='lat' dir='ltr'><strong>celebrantis</strong></span> <span class='ocrx_word' id='word_1_322' title='bbox 635 4010 838 4075; x_wconf 85' lang='lat' dir='ltr'><strong>subtractum</strong></span> <span class='ocrx_word' id='word_1_323' title='bbox 863 4014 923 4075; x_wconf 90' lang='lat' dir='ltr'><strong>est.</strong></span> 
     </span>
    </p>
   </div>
   <div class='ocr_carea' id='block_1_10' title="bbox 64 4115 1356 4742">
    <p class='ocr_par' dir='ltr' id='par_1_11' title="bbox 64 4115 1356 4742">
     <span class='ocr_line' id='line_1_40' title="bbox 120 4115 1353 4202; baseline -0.002 -17"><span class='ocrx_word' id='word_1_324' title='bbox 120 4120 160 4186; x_wconf 90' lang='lat' dir='ltr'><strong>R.</strong></span> <span class='ocrx_word' id='word_1_325' title='bbox 187 4121 217 4182; x_wconf 80' lang='lat'><strong>2.</strong></span> <span class='ocrx_word' id='word_1_326' title='bbox 264 4117 450 4202; x_wconf 81' lang='lat' dir='ltr'><strong>Applicatio</strong></span> <span class='ocrx_word' id='word_1_327' title='bbox 480 4121 591 4181; x_wconf 90' lang='lat' dir='ltr'><strong>tamen</strong></span> <span class='ocrx_word' id='word_1_328' title='bbox 621 4115 690 4180; x_wconf 87' lang='lat' dir='ltr'><strong>fieri</strong></span> <span class='ocrx_word' id='word_1_329' title='bbox 722 4120 832 4199; x_wconf 88' lang='lat' dir='ltr'><strong>potest</strong></span> <span class='ocrx_word' id='word_1_330' title='bbox 854 4116 951 4198; x_wconf 83' lang='lat' dir='ltr'><strong>louge</strong></span> <span class='ocrx_word' id='word_1_331' title='bbox 975 4125 1086 4198; x_wconf 81' lang='lat' dir='ltr'><strong>anteo,</strong></span> <span class='ocrx_word' id='word_1_332' title='bbox 1118 4117 1146 4181; x_wconf 91' lang='lat' dir='ltr'><strong>si</strong></span> <span class='ocrx_word' id='word_1_333' title='bbox 1176 4118 1270 4182; x_wconf 94' lang='lat' dir='ltr'><strong>modo</strong></span> <span class='ocrx_word' id='word_1_334' title='bbox 1294 4140 1353 4183; x_wconf 88' lang='lat' dir='ltr'><strong>vo-</strong></span> 
     </span>
     <span class='ocr_line' id='line_1_41' title="bbox 65 4203 1353 4290; baseline -0.003 -14"><span class='ocrx_word' id='word_1_335' title='bbox 65 4216 144 4276; x_wconf 85' lang='grc'><strong>1199</strong></span> <span class='ocrx_word' id='word_1_336' title='bbox 167 4206 353 4290; x_wconf 90' lang='lat' dir='ltr'><strong>applicandi</strong></span> <span class='ocrx_word' id='word_1_337' title='bbox 376 4206 410 4270; x_wconf 93' lang='lat' dir='ltr'><strong>in</strong></span> <span class='ocrx_word' id='word_1_338' title='bbox 433 4206 529 4270; x_wconf 88' lang='lat' dir='ltr'><strong>finem</strong></span> <span class='ocrx_word' id='word_1_339' title='bbox 553 4205 654 4269; x_wconf 87' lang='lat' dir='ltr'><strong>semel</strong></span> <span class='ocrx_word' id='word_1_340' title='bbox 678 4203 928 4270; x_wconf 85' lang='lat' dir='ltr'><strong>determinatum</strong></span> <span class='ocrx_word' id='word_1_341' title='bbox 947 4210 1140 4288; x_wconf 90' lang='lat' dir='ltr'><strong>permaneat</strong></span> <span class='ocrx_word' id='word_1_342' title='bbox 1155 4228 1213 4272; x_wconf 91' lang='lat' dir='ltr'><strong>seu</strong></span> <span class='ocrx_word' id='word_1_343' title='bbox 1228 4211 1353 4272; x_wconf 90' lang='lat' dir='ltr'><strong>retrac-</strong></span> 
     </span>
     <span class='ocr_line' id='line_1_42' title="bbox 64 4292 1354 4376; baseline -0.002 -14"><span class='ocrx_word' id='word_1_344' title='bbox 64 4305 104 4364; x_wconf 86' lang='lat' dir='ltr'><strong>ta</strong></span> <span class='ocrx_word' id='word_1_345' title='bbox 128 4318 195 4362; x_wconf 90' lang='lat' dir='ltr'><strong>non</strong></span> <span class='ocrx_word' id='word_1_346' title='bbox 220 4295 272 4361; x_wconf 91' lang='grc'><strong>911.</strong></span> <span class='ocrx_word' id='word_1_347' title='bbox 320 4295 380 4374; x_wconf 85' lang='lat' dir='ltr'><strong>Qui</strong></span> <span class='ocrx_word' id='word_1_348' title='bbox 402 4294 504 4376; x_wconf 86' lang='lat' dir='ltr'><strong>igitur</strong></span> <span class='ocrx_word' id='word_1_349' title='bbox 533 4292 625 4358; x_wconf 89' lang='lat' dir='ltr'><strong>initio</strong></span> <span class='ocrx_word' id='word_1_350' title='bbox 656 4293 775 4358; x_wconf 90' lang='lat' dir='ltr'><strong>mensis</strong></span> <span class='ocrx_word' id='word_1_351' title='bbox 806 4315 865 4376; x_wconf 93' lang='lat' dir='ltr'><strong>pro</strong></span> <span class='ocrx_word' id='word_1_352' title='bbox 889 4296 1034 4376; x_wconf 90' lang='lat' dir='ltr'><strong>quolibet</strong></span> <span class='ocrx_word' id='word_1_353' title='bbox 1065 4295 1117 4361; x_wconf 91' lang='lat' dir='ltr'><strong>die</strong></span> <span class='ocrx_word' id='word_1_354' title='bbox 1140 4296 1354 4362; x_wconf 89' lang='lat' dir='ltr'><strong>intentionem</strong></span> 
     </span>
     <span class='ocr_line' id='line_1_43' title="bbox 64 4382 1355 4468; baseline -0.002 -16"><span class='ocrx_word' id='word_1_355' title='bbox 64 4384 269 4456; x_wconf 79' lang='lat' dir='ltr'><strong>terminavit</strong></span> <span class='ocrx_word' id='word_1_356' title='bbox 291 4406 395 4467; x_wconf 88' lang='lat' dir='ltr'><strong>neque</strong></span> <span class='ocrx_word' id='word_1_357' title='bbox 411 4387 526 4465; x_wconf 90' lang='lat' dir='ltr'><strong>postea</strong></span> <span class='ocrx_word' id='word_1_358' title='bbox 541 4382 715 4464; x_wconf 88' lang='lat' dir='ltr'><strong>quidquam</strong></span> <span class='ocrx_word' id='word_1_359' title='bbox 733 4384 884 4460; x_wconf 87' lang='lat' dir='ltr'><strong>mutavit,</strong></span> <span class='ocrx_word' id='word_1_360' title='bbox 910 4405 1105 4466; x_wconf 89' lang='lat' dir='ltr'><strong>quamquam</strong></span> <span class='ocrx_word' id='word_1_361' title='bbox 1128 4406 1192 4450; x_wconf 90' lang='lat' dir='ltr'><strong>non</strong></span> <span class='ocrx_word' id='word_1_362' title='bbox 1216 4384 1355 4468; x_wconf 89' lang='lat' dir='ltr'><strong>amplius</strong></span> 
     </span>
     <span class='ocr_line' id='line_1_44' title="bbox 64 4471 1354 4556; baseline -0.003 -14"><span class='ocrx_word' id='word_1_363' title='bbox 64 4478 183 4544; x_wconf 78' lang='grc'><strong>119919</strong></span> <span class='ocrx_word' id='word_1_364' title='bbox 202 4471 472 4540; x_wconf 88' lang='lat' dir='ltr'><strong>determinatione</strong></span> <span class='ocrx_word' id='word_1_365' title='bbox 496 4472 630 4554; x_wconf 85' lang='lat' dir='ltr'><strong>cogitat,</strong></span> <span class='ocrx_word' id='word_1_366' title='bbox 655 4473 737 4538; x_wconf 88' lang='lat' dir='ltr'><strong>satis</strong></span> <span class='ocrx_word' id='word_1_367' title='bbox 760 4478 851 4538; x_wconf 91' lang='lat' dir='ltr'><strong>certo</strong></span> <span class='ocrx_word' id='word_1_368' title='bbox 876 4473 1083 4556; x_wconf 87' lang='lat' dir='ltr'><strong>applicationi</strong></span> <span class='ocrx_word' id='word_1_369' title='bbox 1106 4474 1236 4540; x_wconf 89' lang='lat' dir='ltr'><strong>debitae</strong></span> <span class='ocrx_word' id='word_1_370' title='bbox 1260 4474 1354 4540; x_wconf 89' lang='grc'><strong>99119-</strong></span> 
     </span>
     <span class='ocr_line' id='line_1_45' title="bbox 64 4562 1354 4647; baseline -0.006 -13"><span class='ocrx_word' id='word_1_371' title='bbox 64 4568 119 4634; x_wconf 90' lang='lat' dir='ltr'><strong>cit.</strong></span> <span class='ocrx_word' id='word_1_372' title='bbox 165 4562 357 4630; x_wconf 83' lang='lat' dir='ltr'><strong>Consultum</strong></span> <span class='ocrx_word' id='word_1_373' title='bbox 381 4567 490 4628; x_wconf 88' lang='lat' dir='ltr'><strong>autem</strong></span> <span class='ocrx_word' id='word_1_374' title='bbox 514 4583 579 4626; x_wconf 90' lang='lat' dir='ltr'><strong>uon</strong></span> <span class='ocrx_word' id='word_1_375' title='bbox 603 4567 653 4628; x_wconf 89' lang='lat' dir='ltr'><strong>est</strong></span> <span class='ocrx_word' id='word_1_376' title='bbox 676 4562 708 4626; x_wconf 90' lang='lat' dir='ltr'><strong>in</strong></span> <span class='ocrx_word' id='word_1_377' title='bbox 734 4567 863 4645; x_wconf 88' lang='lat' dir='ltr'><strong>tempus</strong></span> <span class='ocrx_word' id='word_1_378' title='bbox 887 4562 981 4626; x_wconf 91' lang='lat' dir='ltr'><strong>nimis</strong></span> <span class='ocrx_word' id='word_1_379' title='bbox 1003 4562 1136 4644; x_wconf 86' lang='lat' dir='ltr'><strong>longum</strong></span> <span class='ocrx_word' id='word_1_380' title='bbox 1161 4585 1219 4647; x_wconf 93' lang='lat' dir='ltr'><strong>pro</strong></span> <span class='ocrx_word' id='word_1_381' title='bbox 1243 4563 1354 4628; x_wconf 91' lang='lat' dir='ltr'><strong>futuro</strong></span> 
     </span>
     <span class='ocr_line' id='line_1_46' title="bbox 64 4650 1356 4742; baseline -0.005 -20"><span class='ocrx_word' id='word_1_382' title='bbox 64 4653 289 4742; x_wconf 80' lang='lat' dir='ltr'><strong>›plicationem</strong></span> <span class='ocrx_word' id='word_1_383' title='bbox 313 4650 546 4727; x_wconf 88' lang='lat' dir='ltr'><strong>determinare;</strong></span> <span class='ocrx_word' id='word_1_384' title='bbox 571 4651 667 4716; x_wconf 93' lang='lat' dir='ltr'><strong>immo</strong></span> <span class='ocrx_word' id='word_1_385' title='bbox 692 4652 746 4735; x_wconf 88' lang='lat' dir='ltr'><strong>pia</strong></span> <span class='ocrx_word' id='word_1_386' title='bbox 762 4652 875 4733; x_wconf 84' lang='lat' dir='ltr'><strong>praxis</strong></span> <span class='ocrx_word' id='word_1_387' title='bbox 891 4651 1058 4716; x_wconf 88' lang='lat' dir='ltr'><strong>suadenda</strong></span> <span class='ocrx_word' id='word_1_388' title='bbox 1077 4656 1130 4718; x_wconf 88' lang='lat' dir='ltr'><strong>est</strong></span> <span class='ocrx_word' id='word_1_389' title='bbox 1145 4653 1254 4737; x_wconf 89' lang='lat' dir='ltr'><strong>paullo</strong></span> <span class='ocrx_word' id='word_1_390' title='bbox 1278 4656 1356 4718; x_wconf 91' lang='lat' dir='ltr'><strong>ante</strong></span> 
     </span>
    </p>
   </div>
   <div class='ocr_carea' id='block_1_11' title="bbox 0 0 1526 5174">
    <p class='ocr_par' dir='ltr' id='par_1_12' title="bbox 0 0 1526 5174">
     <span class='ocr_line' id='line_1_47' title="bbox 0 0 1526 5174; baseline 0 0"><span class='ocrx_word' id='word_1_391' title='bbox 0 0 1526 5174; x_wconf 95' lang='lat' dir='ltr'><strong> </strong></span> 
     </span>
    </p>
   </div>
  </div>
 </body>
</html>
