3044 5174
144 272 210 336 304
595 268 800 323 Sacramentum
820 268 1011 339 paenitentiae.

1512 382 1514 417 ι

143 446 268 512 aliena:
292 466 357 511 non
380 445 485 511 solum
508 451 678 530 peccatum
702 447 901 532 paenitentis
924 448 981 513 sed
1005 447 1104 514 etiam
1126 446 1184 512 illa
1207 445 1316 512 aliena
1337 450 1472 530 peccata

144 535 285 601 materia
309 535 409 616 sigilli
432 557 504 601 esse
528 541 681 619 possunt;
706 541 784 603 sunt
805 558 842 602 re
865 558 955 614 vera,
979 536 1007 601 si
1031 536 1141 619 agitur
1164 535 1204 600 de
1219 556 1256 600 re
1273 535 1406 601 occulta
1420 537 1471 602 vel

144 626 185 690 de
215 624 362 706 qualibet
384 644 436 703 re,
468 624 559 690 cuius
583 626 831 692 communicatio
861 625 1042 710 periculum
1064 623 1277 690 revelationis
1299 623 1373 691 sive
1396 646 1470 708 gra·

144 735 261 779 vamen
286 713 416 796 aliquod
440 715 640 797 paenitentis
663 736 774 781 secum
797 716 894 781 ferat.

234 825 271 891 R.
298 828 327 891 3.
376 825 440 890 Sed
470 826 598 907 quando
630 827 670 890 de
694 825 821 892 obiecto
844 826 898 890 vel
922 846 1003 890 ansa
1026 824 1153 908 peceati
1175 822 1378 908 paenitentis
1402 824 1469 890 sive

144 914 244 979 etiam
275 914 315 978 de
346 913 462 980 alienis
490 914 635 998 peccatis
665 915 775 997 agitur
803 915 932 998 publice
961 913 1064 992 notis,
1098 913 1297 978 confessario
1328 934 1389 998 per
1418 935 1470 979 ac·

145 1003 256 1068 cidens
278 1002 410 1085 ignotis,
435 1024 540 1084 neque
559 1024 601 1068 ex
618 1004 773 1069 ulteriore
788 1003 902 1070 harum
919 1024 1028 1068 rerum
1045 1002 1233 1068 narratione
1249 1003 1303 1067 vel
1319 1003 1470 1084 loquendi

144 1093 240 1158 modo
270 1092 459 1157 confessarii
490 1093 593 1157 ullum
622 1093 833 1158 revelationis
863 1093 1041 1176 periculum
1065 1093 1119 1156 vel
1146 1112 1329 1174 gravamen
1359 1092 1470 1175 paeni·

144 1183 245 1247 tentis
267 1182 431 1263 aequitum
455 1182 537 1246 haec
560 1203 624 1246 non
648 1183 771 1248 cadunt
788 1184 848 1247 sub
864 1181 981 1263 sigillo,
1005 1180 1103 1246 immo
1120 1202 1162 1246 ex
1177 1180 1250 1265 ipsa
1266 1180 1469 1247 confessione

142 1271 209 1336 iam
233 1274 343 1354 potest
368 1291 527 1354 apparere
550 1271 631 1336 haec
653 1293 718 1336 non
745 1272 806 1336 sub
829 1271 936 1352 sigillo
968 1271 1049 1348 diei,
1079 1271 1138 1335 sed
1161 1270 1412 1335 commemorari
1436 1275 1469 1337 ut

143 1381 212 1425 rem
237 1360 328 1425 cuius
350 1360 468 1426 notitia
491 1369 699 1445 supponatur.
747 1360 1052 1425 Bellen-Palm.
1077 1360 1097 1427 l.
1124 1380 1150 1427 c.
1174 1381 1206 1425 n.
1232 1361 1307 1425 947.

79 1505 134 1559 535
233 1493 285 1556 An
308 1512 500 1569 onansrruu
524 1494 563 1555 2¹¹¹
587 1492 625 1557 R.
653 1495 681 1559 l.
729 1492 877 1576 Scrupuli
908 1491 978 1555 sine
1008 1491 1075 1556 ulla
1103 1489 1306 1556 dubitatione
1330 1491 1469 1558 materia

143 1580 242 1664 sigilli
266 1586 352 1661 sunt,
376 1581 404 1645 si
428 1580 599 1664 paenitens
623 1581 662 1646 de
684 1581 725 1645 iis
748 1603 784 1646 se
807 1585 942 1646 accusat
965 1580 1035 1644 sive
1058 1582 1097 1644 ut
1119 1580 1159 1645 de
1176 1579 1323 1663 peccatis
1339 1580 1468 1664 proprie
1511 1638 1514 1652 .

143 1671 238 1736 dictis
262 1671 332 1734 sive
355 1675 392 1736 ut
413 1670 453 1734 de
468 1669 777 1753 imperfectionibus.
816 1670 922 1735 Maior
938 1669 1066 1750 quidem
1084 1667 1259 1734 difficultas
1275 1673 1337 1746 est,
1361 1669 1469 1736 sintne

143 1759 283 1825 materia
311 1759 430 1824 secreti
460 1763 717 1842 sacramentalis,
751 1760 779 1824 si
812 1759 1047 1843 scrupulositas
1079 1779 1115 1823 se
1147 1759 1266 1842 prodat
1297 1779 1342 1823 ex
1374 1759 1466 1824 modo

142 1848 295 1931 loquendi
318 1848 372 1912 vel
395 1848 514 1929 agendi
538 1848 570 1912 in
593 1849 666 1931 ipsa
690 1849 902 1914 confessione.
942 1849 993 1913 Ad
1018 1848 1101 1930 quod
1122 1846 1385 1930 respondendum
1402 1851 1466 1913 est:

142 1937 175 2020 a)
198 1937 231 2002 id
255 1937 399 2020 practice
422 1958 497 2002 raro
521 1936 630 2002 facere
653 1938 892 2003 difficultatem.
933 1938 1020 2002 Nam
1044 1937 1155 2018 quiin
1179 1935 1386 2001 confessione
1409 1959 1467 2002 ena

141 2028 258 2112 aycardi
295 2031 419 2091 ratione
452 2027 738 2109 scrupulositatem
773 2048 852 2110 prae
884 2047 920 2091 se
952 2027 1033 2104 fert,
1069 2026 1154 2090 idem
1188 2025 1291 2090 faciet
1324 2025 1359 2090 in
1395 2026 1466 2091 aliis

141 2116 292 2197 negotiis,
317 2116 365 2181 ita
388 2120 425 2180 ut
448 2137 490 2180 ex
515 2116 631 2182 notitia
655 2121 751 2182 extra
774 2115 1010 2180 confessionem
1034 2114 1147 2180 habita
1170 2114 1285 2179 vitium
1310 2114 1393 2180 illud
1417 2115 1467 2186 fua

141 2211 251 2271 turum
274 2204 317 2269 sit
340 2204 560 2270 manifestum.
607 2204 642 2285 b)
665 2205 787 2282 Quodsi
816 2205 989 2288 respicitur
1018 2203 1136 2270 notitia
1165 2205 1269 2268 solum
1294 2205 1466 2269 occasione

142 2293 355 2359 confessionis
378 2293 507 2369 hausta,
535 2293 619 2359 hanc
642 2295 758 2359 stricto
782 2294 911 2358 omnino
935 2300 1061 2359 secreto
1085 2292 1256 2358 commisso
1280 2293 1389 2359 teneri
1412 2295 1467 2358 de·

142 2385 219 2449 bere
250 2404 343 2447 nemo
374 2387 425 2447 est
455 2382 510 2465 qui
540 2386 655 2465 neget,
687 2389 763 2449 sunt
791 2388 901 2449 tamen
935 2383 989 2464 qui
1020 2387 1141 2463 negent
1165 2382 1328 2447 rationem
1351 2383 1470 2449 secreti

141 2471 401 2539 sacramentalis.
441 2473 472 2555 c)
487 2472 705 2537 Nihilominus
722 2472 776 2537 alii
794 2473 892 2537 etiam
909 2471 1158 2537 sacramentalis
1173 2471 1292 2537 secreti
1308 2472 1471 2538 rationem

143 2563 258 2627 adesse
283 2564 427 2626 censent.
474 2561 560 2625 Nam
584 2562 612 2625 si
636 2561 796 2626 confessio
820 2561 1070 2626 sacramentalis
1093 2560 1337 2627 strictissimum
1361 2583 1471 2627 secre-

142 2657 212 2716 tum
237 2649 399 2732 postulat,
431 2649 463 2713 vi
487 2650 701 2715 institutionis
725 2650 871 2723 divinae,
903 2672 944 2715 ne
968 2651 1081 2715 fideles
1104 2651 1145 2714 ab
1168 2649 1373 2716 instituenda
1395 2672 1472 2716 con·

142 2739 285 2805 sessione
309 2739 530 2816 retineantur,
560 2740 593 2803 id
617 2740 708 2804 valet
733 2760 797 2803 non
821 2741 924 2804 solum
950 2740 989 2804 de
1013 2741 1126 2804 obiecto
1150 2738 1383 2818 confessionis,
1414 2741 1470 2805 sed

142 2830 182 2894 de
212 2832 285 2894 tota
315 2828 528 2893 confessionis
553 2833 681 2895 actione.
728 2830 823 2893 Hanc
852 2830 948 2894 homo
978 2849 1137 2911 peragere
1161 2849 1224 2892 non
1249 2832 1377 2911 potest,
1410 2829 1470 2894 nisi

142 2917 261 3001 prodat
285 2922 393 2983 certas
416 2919 605 3000 personales
629 2918 850 2992 condiciones;
877 2939 958 2999 quas
982 2917 1008 2981 si
1032 2916 1176 2999 alioquin
1200 2923 1313 2999 tegere
1338 2921 1373 2983 et
1397 2920 1472 2983 abs·

144 3007 284 3073 condere
314 3007 405 3072 valet
438 3028 558 3088 easque
588 3010 695 3072 tectas
726 3027 859 3071 manere
889 3006 1088 3090 paenitentis
1118 3007 1272 3085 interest,
1306 3027 1388 3072 sane
1419 3008 1472 3073 ille

142 3119 163 3162 a
187 3096 389 3162 confessione
412 3095 600 3179 peragenda
630 3117 694 3160 non
718 3096 824 3160 minus
848 3097 1089 3173 retraheretur,
1121 3096 1148 3159 si
1172 3096 1288 3160 liceret
1312 3095 1471 3162 eiusmodi

143 3185 292 3250 defectus
321 3185 510 3268 personales
541 3207 583 3250 ex
613 3187 707 3249 modo
739 3185 912 3251 confitendi
944 3185 1187 3249 econfesserio
1217 3191 1393 3268 perceptos
1420 3208 1472 3251 re-

142 3275 265 3350 velare,
290 3295 386 3355 quam
406 3274 433 3337 si
449 3274 563 3339 liceret
579 3276 728 3339 revelare
743 3274 815 3357 ipsa
831 3279 978 3357 peccata.
1010 3274 1102 3350 Quod
1118 3275 1223 3339 relate
1239 3274 1282 3338 ad
1298 3276 1471 3359 scrupulos

142 3363 287 3447 practice
311 3384 348 3427 eo
374 3362 479 3444 magis
505 3363 682 3428 tenendum
706 3369 773 3440 est,
805 3363 896 3445 qnia,
928 3363 956 3428 si
986 3362 1120 3427 insola
1150 3362 1373 3442 confessione,
1406 3386 1471 3429 non

143 3453 242 3527 aliae,
273 3452 509 3535 scrupulositas
539 3456 693 3535 apparet,
725 3454 787 3517 hoc
817 3473 889 3516 esse
913 3452 1042 3534 nequit,
1074 3451 1136 3516 nisi
1167 3452 1253 3533 quod
1284 3455 1470 3537 complures

143 3542 291 3606 defectus
317 3541 496 3606 existimati
527 3543 722 3606 afferantur:
753 3541 785 3605 id
809 3562 887 3605 vero
913 3541 1084 3605 materiam
1108 3541 1208 3622 sigilli
1232 3562 1304 3607 esse
1337 3543 1470 3608 dubium

143 3631 368 3785 θεῖΙιὲυΙΙὲπί.8
398 3630 655 3707 Tamburini,
687 3633 736 3695 De
758 3633 849 3698 naeth.
875 3632 1006 3713 confess.
1033 3633 1170 3714 append.
1195 3632 1233 3694 de
1256 3633 1361 3716 sipillo
1387 3654 1414 3699 c.
1439 3635 1469 3710 3,

145 3742 176 3785 n.
269 3741 286 3783 e
372 3773 378 3784 .

83 3841 135 3898 536
234 3827 273 3894 R.
292 3830 321 3892 2.
354 3826 469 3908 Neque
484 3826 626 3892 virtutes
642 3847 745 3908 neque
762 3847 815 3889 res
829 3825 1062 3901 indifferentes
1080 3824 1099 3891 i.
1118 3847 1145 3890 e.
1164 3846 1247 3906 quae
1264 3826 1306 3890 ab
1323 3828 1473 3893 omnibus

146 3916 298 3996 cognosci
321 3916 520 3997 paenitentis
543 3915 621 3979 nihil
646 3916 793 3991 interest,
819 3937 860 3979 ex
884 3936 955 3978 sese
978 3919 1054 3979 sunt
1071 3915 1209 3979 materia
1224 3913 1333 3996 sigilli.
1375 3916 1474 3982 Fiunt

145 4015 273 4081 tamen,
304 4006 432 4085 quando
466 4005 663 4088 paenitentis
692 4004 831 4070 interest
861 4026 900 4069 ea
924 4003 1095 4079 occultari,
1124 4004 1301 4068 secundum
1325 4025 1365 4070 ea
1391 4027 1474 4087 quae

146 4095 241 4158 modo
273 4094 360 4159 dicta
390 4099 467 4160 sunt
497 4099 531 4160 et
560 4115 644 4175 quoe
675 4094 763 4159 dicta
793 4097 869 4158 sunt
899 4114 997 4175 supra
1028 4093 1069 4158 ad
1093 4092 1281 4169 Quaesitum
1309 4097 1345 4158 l¹n
1377 4095 1417 4162 R.
1443 4099 1472 4173 2,

147 4183 285 4247 materia
308 4184 406 4265 sigilli
431 4184 590 4248 indirecta
614 4184 645 4247 vi
670 4183 771 4264 ipsius
795 4183 1024 4259 confessionis,
1056 4203 1094 4246 eo
1119 4183 1203 4264 quod
1233 4183 1307 4265 ipsa
1334 4189 1472 4266 peccata

146 4272 344 4355 paenitentis
368 4272 454 4336 circa
477 4273 551 4336 illas
574 4293 628 4336 res
651 4272 703 4335 vel
719 4273 859 4337 virtutes
875 4273 1102 4337 versabantur.
1142 4273 1181 4336 V.
1199 4292 1230 4352 g.
1248 4271 1277 4336 si
1300 4272 1473 4355 paenitens

146 4383 182 4425 se
206 4366 340 4426 accusat
362 4361 607 4442 ingratitudinis
632 4367 749 4426 auctae
772 4383 813 4425 ex
837 4361 995 4440 singulari
1020 4361 1128 4441 aliquo
1152 4361 1211 4423 Dei
1240 4362 1398 4428 beneficio
1422 4368 1473 4429 et-

146 4472 208 4532 que
233 4473 274 4515 ex
298 4449 457 4515 virtutum
481 4473 539 4533 per
563 4450 621 4514 Dei
653 4451 793 4531 gratiam
818 4450 1126 4525 communicatione,
1158 4450 1238 4514 haec
1268 4451 1473 4532 ingratitudo

146 4545 198 4605 est
221 4540 319 4620 sigilli
343 4541 482 4605 materia
507 4543 644 4619 directo,
671 4545 762 4604 certa
784 4540 841 4603 illa
864 4539 924 4603 Dei
950 4539 1120 4614 beneficia,
1146 4539 1373 4622 virtutumque
1397 4564 1473 4607 con-

146 4630 287 4694 firmatio
312 4635 362 4695 est
386 4633 542 4695 indirecta
567 4630 716 4704 materia,
741 4630 767 4693 si
792 4649 869 4693 vere
885 4633 1002 4693 contra
1020 4630 1100 4693 haec
1116 4628 1177 4693 Dei
1198 4628 1284 4695 dona
1301 4636 1473 4714 peccatum
