3044 5174
145 262 187 324 62
573 261 614 316 De
633 266 803 317 sacramento
822 260 1042 316 confirmationis.

145 457 218 501 cum
242 437 427 503 necessario
452 437 623 504 debuerint
644 438 797 505 insistere
820 439 852 503 in
876 438 988 504 dolore
1015 439 1175 524 perfectae
1197 442 1415 524 contritionis,
1445 441 1472 505 si

144 526 200 607 qui
222 526 350 609 peccati
375 527 523 592 mortalis
546 528 594 592 rei
618 527 854 593 confessionem
878 528 1053 594 maluerint
1076 529 1238 595 omittere.

234 623 272 689 R.
299 626 328 689 2.
365 624 456 701 Quod
479 624 520 690 iis
543 625 598 708 qui
614 647 640 692 s.
657 625 891 691 communionis
909 626 976 690 iam
998 625 1175 709 participes
1198 625 1279 692 iacti
1296 626 1472 708 aliquando

144 711 267 778 fuerint
295 734 321 778 s.
347 715 604 779 communionem
627 714 764 780 suadeat
793 718 892 797 atque
915 735 1040 797 negans
1063 715 1214 782 strictam
1237 715 1472 798 obligationem

143 802 283 867 suadeat
305 805 434 868 tanturn
458 804 619 886 parochus
642 808 732 869 recte
756 805 886 869 omnino
910 804 988 886 egit.

235 900 273 965 R.
299 903 329 965 3.
376 901 493 984 Neque
516 902 753 986 vituperandus
777 908 829 968 est
858 901 1019 986 parochus
1049 901 1104 985 qui
1134 922 1193 984 pro
1217 902 1473 969 circumstantiis

145 988 313 1072 putaverit
334 989 550 1056 insistendum
574 991 608 1056 in
631 1012 670 1057 eo
694 996 731 1057 ut
754 991 901 1057 declaret
922 990 1033 1056 ieiunii
1057 990 1218 1057 naturalis
1237 990 1471 1073 obligationem

144 1078 266 1143 nullam
291 1098 380 1155 esse;
411 1080 473 1144 etsi
501 1080 563 1146 hac
586 1081 714 1148 ratione
739 1080 861 1146 efficiat
884 1084 922 1146 ut
944 1080 1056 1157 multi,
1086 1081 1170 1146 alias
1192 1080 1292 1146 ieiuni
1314 1082 1471 1157 mansuri,

144 1167 343 1233 ientaculum
372 1173 513 1236 sumant.
561 1170 647 1234 Nam
671 1169 751 1235 nihil
774 1170 835 1235 nisi
866 1170 950 1251 quod
974 1190 1054 1234 vero
1078 1173 1237 1236 consonat
1266 1169 1360 1236 dixit.
1409 1170 1471 1235 Pro

145 1256 399 1323 circumstantiis
433 1262 544 1324 tamen
579 1263 710 1343 poterat
744 1258 915 1335 ieiunium,
951 1259 1012 1324 etsi
1044 1280 1110 1324 non
1141 1258 1323 1342 imponere,
1360 1264 1472 1325 tamen

145 1347 389 1423 commendare;
420 1347 562 1413 maxime
592 1369 664 1413 cum
689 1348 880 1414 Pontificale
907 1347 1059 1414 averbis
1089 1348 1310 1430 obligantibus
1341 1348 1472 1430 quidem

146 1435 326 1512 abstineat,
355 1435 508 1501 ieiunium
532 1439 644 1503 tamen
668 1459 726 1520 pro
750 1438 866 1520 regula
887 1442 1050 1522 proponat
1073 1437 1200 1503 dicens:
1234 1438 1472 1515 „confirmandi

147 1524 293 1590 deberent
315 1546 387 1590 esse
410 1525 536 1591 ieiuni.“

86 1634 136 1688 108
234 1622 273 1688 R.
298 1625 328 1688 4.
375 1623 413 1688 In
444 1644 483 1689 eo
512 1623 600 1706 quod
629 1623 684 1689 alii
715 1623 787 1689 aliis
817 1624 996 1690 succedunt
1025 1622 1058 1689 in
1088 1623 1228 1690 ecclesia
1257 1645 1321 1689 non
1353 1645 1415 1707 per
1437 1645 1473 1689 se

146 1710 275 1793 quidem
298 1711 428 1789 illicite,
459 1717 659 1779 tamennon
682 1718 734 1778 est
757 1717 867 1780 actum
890 1713 1109 1779 laudabiliter.
1155 1712 1258 1778 Immo
1281 1712 1309 1777 si
1341 1715 1471 1796 quando

145 1800 316 1884 episcopus
345 1822 461 1866 severe
490 1801 662 1886 prohibeat
691 1803 862 1885 quominus
892 1802 1105 1868 confirmandi
1136 1807 1213 1868 aute
1241 1804 1340 1867 finem
1369 1803 1474 1869 totius

146 1910 260 1955 sacrae
283 1890 422 1956 actionis
445 1891 611 1969 recedant,
636 1892 710 1957 huic
733 1897 910 1976 praecepto
934 1893 1086 1958 standum
1106 1896 1174 1957 est:
1199 1890 1240 1956 ad
1264 1891 1351 1973 quod
1375 1913 1472 1975 prae·

146 1984 274 2062 ceptum
308 1979 467 2045 edendum
500 1980 686 2064 episcopum
720 2002 784 2046 non
816 1980 921 2046 teneri
953 1980 1089 2062 colliges
1121 2001 1163 2046 ex
1192 1980 1363 2047 Benedicti
1395 1981 1472 2046 xlv

146 2069 194 2133 De
225 2090 292 2154 aya.
319 2070 413 2134 dioec.
438 2069 459 2134 l.
487 2072 544 2147 13,
577 2092 603 2136 o.
630 2072 688 2147 29,
720 2092 750 2137 n.
779 2072 829 2147 17,
860 2070 915 2153 qui
944 2070 1073 2154 praxim
1103 2069 1192 2134 illam
1224 2090 1289 2151 qua
1312 2069 1368 2135 alii
1401 2071 1472 2135 aliis

145 2157 322 2224 succedant
345 2163 444 2240 atque
466 2158 500 2223 in
524 2179 634 2224 eorum
658 2160 764 2225 locum
789 2159 960 2224 ecclesiam
982 2160 1107 2225 intrent
1135 2158 1205 2224 sine
1228 2158 1471 2242 vituperatione

147 2250 184 2311 ut
199 2248 266 2312 late
282 2247 449 2329 vigentem
466 2252 708 2314 commemorat.
741 2248 960 2313 Nihilominus
975 2248 1167 2314 Pontifioale
1182 2251 1309 2314 monet:
1334 2248 1472 2327 „Nullus

147 2337 356 2402 confirmatus
389 2336 536 2403 discedat
567 2337 628 2402 nisi
661 2337 885 2404 benedictione
915 2342 1052 2421 accepta
1084 2358 1181 2419 quam
1213 2336 1363 2420 pontifex
1397 2342 1471 2423 post

147 2424 289 2488 omnium
314 2426 591 2493 confirmationem
615 2426 734 2492 dabit.“

213 2616 511 2684 CONFIRMATIO
534 2617 845 2685 NON-SUBDITIS
869 2616 1077 2685 COLLATA.
1101 2656 1146 2666 -
1169 2617 1404 2688 PATRINUS.

711 2775 821 2842 dasne.
840 2782 899 2852 (30)

235 2916 434 2976 Confinnante
456 2916 594 2993 episcopo
615 2917 647 2975 in
668 2922 750 2975 certa
772 2917 894 2975 civitate
915 2936 953 2975 ex
974 2917 1081 2975 vicinis
1105 2915 1289 2975 dioecesibus
1308 2915 1341 2975 in
1362 2917 1468 2993 quibus

147 2997 297 3057 antistites
311 2998 407 3056 rarius
422 2998 566 3073 praebent
582 2997 832 3073 opportunitatem
845 3016 904 3055 non
925 3017 992 3056 raro
1014 2997 1147 3055 homiues
1162 2997 1324 3056 accedunt:
1346 3016 1466 3072 quorum

147 3076 259 3152 aliquos
281 3078 440 3154 parochus,
464 3096 528 3135 eum
550 3096 603 3153 pro
624 3076 789 3154 peregrinis
811 3077 976 3152 agnoverit,
997 3077 1129 3153 repellit,
1151 3077 1203 3136 alii
1222 3077 1367 3152 incogniti
1389 3078 1469 3137 felici

147 3176 288 3216 successu
310 3177 342 3216 se
365 3157 618 3216 confirmationem
639 3157 788 3233 recepisse
810 3158 983 3232 gloriantur.

236 3238 377 3297 Similiter
405 3238 576 3313 praefectus
606 3237 804 3313 apostolicus,
836 3239 885 3313 qui
914 3237 1040 3314 simplex
1068 3237 1209 3296 sacerdos
1238 3239 1275 3295 ab
1296 3238 1474 3313 Apostolicn

148 3317 222 3376 Sede
245 3338 297 3393 pro
320 3337 373 3377 suo
396 3317 534 3376 districtu
548 3322 726 3393 potestatem
743 3317 936 3377 confirmandi
959 3318 1084 3394 accepit,
1107 3318 1261 3376 confirmat
1275 3316 1406 3393 undique
1427 3319 1472 3377 ad·

147 3398 302 3457 venientes
330 3403 418 3474 atque
446 3398 477 3456 iu
507 3397 606 3456 vicina
633 3398 823 3473 praefectura
851 3400 1034 3474 praefectum
1063 3404 1216 3470 aegrotum
1244 3397 1328 3457 iuvat
1358 3417 1413 3474 pro
1439 3418 1473 3457 eo

148 3479 305 3554 supplens;
336 3479 365 3536 iu
392 3478 499 3536 itinere
528 3478 658 3546 demum,
689 3497 753 3536 oum
781 3477 811 3535 in
833 3478 954 3554 Europa
980 3497 1051 3536 suos
1080 3477 1234 3546 visitaret,
1265 3478 1370 3555 nepoti
1391 3480 1472 3538 mori·

148 3559 245 3616 bundo
268 3558 366 3617 solatii
388 3578 479 3617 causa
494 3565 613 3635 praeter
628 3559 687 3617 alia
702 3565 889 3616 sacramenta
904 3558 993 3616 etiam
1008 3557 1260 3616 confirmationem
1275 3557 1471 3630 administrat

149 3639 257 3697 omisso
279 3639 406 3714 patrino,
428 3644 530 3715 utpote
552 3638 653 3714 quiin
674 3639 847 3697 moribundo
869 3638 909 3697 sit
928 3638 1051 3697 inutilis.

150 3751 326 3822 Qunrarrua
348 3756 376 3811 1⁰
396 3753 461 3828 quis
483 3752 522 3812 sit
542 3753 677 3811 minister
698 3753 929 3811 confirmationis
951 3759 1012 3810 tum
1033 3752 1130 3829 quoad
1149 3752 1282 3812 valorem
1295 3759 1359 3812 tum
1381 3755 1474 3832 quoad

398 3834 567 3903 limitatam,
589 3833 653 3891 sive
675 3832 840 3890 ordinarius
862 3834 925 3891 sive
948 3832 1210 3892 extraordinarius.

351 3925 380 3980 2⁰
401 3942 458 3998 qua
479 3922 659 3981 necessitate
681 3922 868 3996 requirantur
888 3921 1006 3997 patrini.

351 4015 380 4071 3ο
401 4012 470 4088 quid
491 4012 526 4070 de
549 4012 667 4069 casibus
688 4011 848 4087 propositis
870 4012 910 4070 sit
931 4012 1093 4071 dicendum.

745 4195 880 4262 Solutio.

92 4356 140 4408 109
239 4338 292 4403 An
316 4360 505 4415 Qunasrruu
533 4344 568 4404 1¹¹¹
596 4340 635 4404 R.
662 4342 690 4404 1.
738 4337 888 4403 Minister
918 4336 1172 4402 confirmationis
1202 4339 1397 4403 ordinarius
1426 4342 1474 4403 est

151 4430 239 4494 solus
263 4429 449 4513 episcopus:
475 4451 505 4495 v.
535 4431 625 4495 Trid.
649 4449 729 4493 sess.
756 4431 784 4504 7,
810 4449 879 4492 cau.
906 4430 925 4491 3
950 4427 989 4491 de
1013 4428 1151 4509 confirm.

241 4529 280 4595 u.
298 4531 327 4594 2.
359 4528 559 4608 Quamquam
581 4525 634 4606 qui
651 4525 826 4608 episcopali
843 4525 1033 4589 charactere
1049 4523 1222 4605 insignitus
1239 4528 1291 4589 cst
1314 4525 1475 4607 quoslibet

154 4618 288 4683 ubilibet
303 4617 411 4683 valide
427 4620 605 4692 confirmat,
630 4614 719 4679 licite
735 4619 846 4680 tamen
862 4616 1055 4679 confirmare
1074 4618 1184 4698 potest
1199 4613 1288 4678 solus
1305 4616 1477 4701 episcopus
1513 4662 1518 4779 1
