3044 5174
219 280 418 352 Impedimenta
435 298 486 335 seu
503 279 721 348 irregularitates
741 309 774 319 -
794 297 829 334 ex
848 281 917 336 det:
935 281 996 335 Del.
1015 280 1145 346 lenitatis,
1163 280 1292 347 bigamia.
1358 284 1423 349 429

183 460 223 529 It
248 463 279 527 2.
325 458 359 525 Si
382 459 502 525 bellum
525 459 626 525 fuerit
649 460 821 539 iniustam,
851 457 1081 541 irregularitas
1110 457 1271 543 repetitur
1301 479 1343 524 ex
1367 459 1424 524 de·

92 548 189 617 licto:
214 568 334 633 quare,
358 570 432 615 cum
454 569 572 615 revera
595 546 697 630 aliqui
720 550 927 625 coriolanum,
952 568 1018 613 non
1040 550 1170 613 tantum
1193 548 1346 627 mutilati,
1372 552 1424 615 at-

93 658 157 721 que
180 638 338 704 Bartolus
360 636 509 704 actiones
530 638 678 722 posuerit
699 636 816 719 quibus
836 640 975 722 potuerit
996 637 1125 703 hostem
1148 636 1262 703 ferire:
1291 637 1424 703 dubiam

93 727 174 793 illud
197 747 277 793 num
298 747 417 794 revera
439 746 498 811 per
520 726 622 811 ipsius
645 725 772 792 Bartoli
795 725 957 792 actionem
974 724 1092 808 aliquis
1115 725 1241 791 occisus
1264 725 1318 803 sit,
1342 726 1424 792 irre·

94 817 309 899 gularitatem
331 836 374 881 ex
398 816 517 882 delicto
540 813 702 881 homicidii
726 814 814 880 dubii
837 836 902 880 non
925 814 1044 882 aufert.
1076 814 1192 898 Neque
1207 814 1240 879 in
1261 814 1322 881 hoc
1345 836 1424 880 casu

94 905 203 988 quoad
226 904 506 987 irregularitatem
528 904 668 972 interest
690 906 800 969 utrum
823 908 941 989 sponte
964 925 1008 969 an
1031 907 1164 970 coaetus
1184 904 1340 970 Bartolus
1362 904 1424 969 mi·

94 994 200 1062 Iitiam
223 993 414 1079 susceperit.
446 993 533 1060 Nam
556 994 619 1060 etsi
638 998 772 1060 coactus
788 993 897 1070 fuerit,
923 1014 995 1058 oum
1012 997 1101 1059 esset
1124 993 1157 1058 in
1180 993 1301 1061 iniusto
1325 993 1422 1070 bello,

95 1091 205 1150 aeirem
229 1087 359 1149 tanturn
383 1083 482 1149 ferire
505 1083 662 1159 debebat,
693 1102 758 1148 non
787 1082 836 1149 ita
866 1086 983 1148 contra
1012 1082 1124 1149 hostes
1154 1103 1254 1164 agere
1287 1085 1325 1148 ut
1347 1103 1424 1166 gra-

96 1173 184 1240 viter
206 1172 299 1239 feriri
320 1176 467 1256 possent.

183 1270 289 1336 Immo
318 1274 455 1355 propter
483 1268 590 1354 ipsam
620 1268 782 1334 actionem
806 1269 916 1346 illam,
950 1289 1015 1351 qua
1047 1269 1089 1334 ad
1119 1268 1169 1334 sui
1201 1268 1425 1334 defensionem

94 1361 225 1427 bostem
249 1358 477 1445 prostraverit,
501 1358 633 1424 videtur
656 1357 755 1424 etiam
779 1357 1059 1440 irregularitatem
1082 1358 1298 1425 contraxisse.
1337 1358 1424 1424 Nam

95 1470 170 1515 cum
200 1448 273 1534 ipse
301 1448 458 1515 fueritin
481 1446 741 1525 causainiusta‚
771 1447 827 1513 ille
855 1467 1031 1529 aggressor
1060 1468 1126 1512 non
1156 1447 1219 1513 fuit
1249 1468 1426 1531 aggressor

95 1538 254 1605 iniustus:
284 1536 347 1603 nisi
370 1537 458 1605 forte
481 1536 637 1603 Bartolus
666 1557 739 1601 sese
762 1536 805 1601 ad
835 1535 1032 1602 deditionem
1055 1539 1209 1621 paratum
1233 1536 1424 1615 ostenderit,

95 1626 308 1694 adversarias
330 1630 441 1693 autern
465 1626 498 1691 id
521 1626 631 1708 inique
655 1625 878 1709 denegaverit.

185 1726 337 1792 (letarum
360 1724 474 1790 militis
497 1722 651 1806 gregarii,
677 1723 731 1806 qui
756 1725 845 1788 debet
867 1721 1017 1789 militiam
1035 1723 1137 1805 sequi,
1161 1727 1337 1809 generatim
1359 1744 1426 1788 non

96 1818 147 1881 est
170 1814 316 1881 iudicare
339 1813 380 1880 da
402 1812 530 1879 iustitia
560 1811 637 1878 belli
665 1824 706 1878 'ao
730 1811 824 1896 proin
853 1811 1131 1895 irregularitatem
1162 1813 1300 1879 incurrit
1323 1818 1360 1877 ut
1383 1833 1425 1877 ex

96 1905 183 1971 bello
206 1903 303 1970 iusto.

185 2010 226 2079 R.
251 2012 281 2076 3.
328 2008 420 2088 Quod
443 2011 561 2093 postea
585 2011 622 2073 ut
644 2006 742 2073 iudex
765 2006 893 2073 iuratus
916 2007 949 2072 in
973 2028 1073 2073 causa
1096 2005 1265 2090 sanguinis
1289 2027 1425 2072 accusa·

95 2104 168 2167 tum
191 2098 337 2165 oriminis
360 2119 452 2164 reum
472 2095 709 2183 pronuntiavit,
734 2100 833 2179 atque
856 2095 910 2162 ille
927 2118 1045 2162 revera
1061 2095 1178 2180 capitis
1193 2117 1333 2180 poenam
1348 2097 1425 2161 sub·

94 2189 173 2256 ivit:
198 2187 354 2255 Bartolus
376 2185 591 2272 probabiliter
613 2189 753 2262 tantum,
778 2206 843 2251 non
867 2188 957 2251 certo
975 2206 1017 2250 ex
1033 2185 1164 2252 defectu
1181 2185 1327 2252 lenitatis
1343 2184 1425 2251 irre·

95 2277 222 2362 gularis
246 2279 313 2349 est:
345 2298 454 2359 aqua
476 2274 721 2358 irregularitate
751 2275 792 2339 ad
823 2275 986 2342 cautelam
1016 2296 1162 2340 summus
1191 2274 1341 2359 pontifex
1371 2276 1424 2340 vel

96 2368 197 2436 etiam
222 2366 393 2451 episcopus
417 2365 596 2450 dispensat.

129 2564 458 2628 IRREGULARITAS
480 2565 533 2624 EX
554 2563 731 2624 BIGAMIA
754 2563 828 2623 SEU
850 2564 901 2623 EX
923 2563 1106 2625 DEFEOTU
1127 2562 1391 2624 SAORAMENTI.

659 2714 770 2780 (Iasus.
790 2722 865 2791 (219)

187 2856 345 2918 Ferrarius
366 2856 506 2916 sacerdos
528 2855 655 2915 descivit
683 2855 888 2914 asacerdotio
917 2860 1004 2931 atque
1033 2855 1064 2913 in
1085 2855 1252 2914 Amerinam
1273 2856 1425 2932 profectus

96 2957 221 2999 uxorem
243 2936 328 2997 duxit
348 2936 483 3007 viduam,
512 2941 636 2995 matrem
659 2936 781 2994 duarum
801 2935 941 3006 filiarum,
970 2954 1086 3011 exque
1107 2935 1135 2994 ei
1155 2936 1255 3013 proles
1275 2940 1348 2994 nata
1370 2940 1424 2994 est.

96 3018 218 3094 Negotii
240 3036 332 3077 causa
352 3017 382 3075 in
405 3017 552 3093 Europam
572 3017 666 3075 redux
688 3016 773 3090 gravi
796 3018 896 3075 morbo
925 3022 1080 3091 correptus
1102 3034 1169 3074 sese
1191 3035 1256 3073 curn
1278 3016 1343 3073 Deo
1365 3020 1424 3074 stu·

96 3099 162 3159 duit
182 3097 385 3158 reconciliare.
428 3096 556 3156 Sanitati
584 3096 716 3155 redditus
736 3095 824 3155 valde
850 3096 932 3172 eupit
959 3102 992 3154 ut
1013 3096 1043 3154 in
1072 3095 1227 3172 pristinam
1250 3095 1424 3170 dignitatern

96 3179 282 3239 restituatur.

98 3292 279 3363 Quamnam
301 3295 330 3350 1ο
350 3309 426 3367 quae
447 3296 478 3350 et
497 3292 660 3367 quotuplex
680 3291 720 3349 sit
739 3290 945 3366 irregularitas
966 3309 1005 3348 ex
1024 3289 1165 3364 bigamia.

300 3391 331 3448 2⁰
351 3388 417 3465 quis
438 3389 534 3466 possIt
553 3389 584 3447 in
604 3389 656 3447 illa
677 3388 897 3464 irregularitate
919 3387 1099 3464 dispensare.

300 3490 330 3547 3ο
351 3487 420 3563 qaid
440 3487 470 3546 in
493 3506 565 3545 casu
586 3493 689 3546 nostro
710 3487 750 3546 sit
772 3486 945 3545 laciendum.

695 3671 831 3739 Salutio.

189 3817 243 3880 An
266 3834 458 3891 quaasrrun
487 3818 521 3878 1¹¹¹
544 3815 583 3881 It.
611 3818 640 3882 1.
685 3814 852 3891 Quaedam
876 3814 908 3879 in
932 3814 993 3880 hac
1018 3815 1210 3897 quaestione
1234 3820 1311 3881 sunt
1335 3818 1486 3884 certaria

99 3908 134 3970 et
156 3904 192 3969 in
214 3904 294 3969 iuris
317 3903 464 3969 fontibus
487 3925 661 3987 expressa:
693 3904 852 3986 quaedam
877 3903 1039 3969 communi
1070 3904 1198 3987 quidem
1228 3904 1426 3986 interpreta-

99 3995 190 4060 tione
222 3998 374 4077 recspta‚
410 4014 474 4057 non
507 3997 618 4058 tamen
651 3993 781 4058 omnino
814 3999 906 4059 certa
938 3993 991 4058 vel
1026 3998 1123 4058 extra
1157 3992 1424 4059 controversiam.

101 4085 195 4148 Certe
220 4087 414 4167 repetuntur
434 4103 476 4146 ex
499 4082 585 4148 decr.
603 4083 700 4164 Greg.
725 4084 746 4150 I.
775 4086 801 4159 1,
824 4082 877 4148 tit.
902 4085 960 4155 21;
986 4082 1071 4148 deor.
1090 4082 1196 4148 Bonis.
1214 4082 1292 4146 VIII
1309 4081 1355 4161 (in
1381 4081 1425 4162 6⁰)

100 4173 121 4237 I.
149 4175 179 4251 1,
202 4172 254 4239 tit.
281 4175 341 4248 12;
367 4176 466 4238 etex
490 4171 590 4236 variis
615 4193 661 4237 oc.
688 4171 811 4237 decreti
829 4171 938 4248 (irat,
963 4171 1029 4239 vid.
1054 4193 1099 4237 ec.
1126 4174 1246 4243 9-13,
1272 4171 1345 4236 dist.
1372 4172 1424 4235 34.

190 4278 229 4344 R.
255 4280 285 4344 2.
331 4278 553 4360 Distinguitur
583 4277 691 4360 quoad
720 4277 999 4359 irregularitatem
1024 4278 1167 4359 bigamia
1192 4301 1282 4360 carrea,
1313 4278 1425 4342 airaili·

100 4369 281 4450 tadinaria,
306 4370 556 4453 interpretativa.
605 4368 860 4433 Laurentius
884 4367 903 4433 I.
930 4388 956 4432 c.
982 4388 1011 4431 n.
1039 4369 1089 4433 70.

190 4466 342 4551 Biqamia
364 4488 439 4530 oei-o
463 4465 568 4531 oritur
591 4486 633 4530 ex
657 4465 780 4530 duobus
804 4464 871 4545 (vel
894 4464 1055 4548 pluribus)
1085 4462 1300 4528 matrimoniis
1324 4465 1427 4543 aeria·

100 4577 143 4623 ex
176 4576 280 4637 eaque
315 4554 506 4635 irregularis
538 4558 589 4620 est
627 4555 682 4638 qui
718 4575 820 4619 uxore
858 4554 1013 4619 defuncta
1050 4551 1188 4617 alteram
1226 4552 1338 4630 duxit,
1377 4551 1424 4617 ita

99 4651 211 4714 tamen
236 4648 274 4711 ut
297 4664 369 4709 cum
394 4647 534 4725 utraque
558 4644 800 4709 matrimonium
824 4641 1107 4709 consummaverit.
