3044 5174
147 263 209 327 132
300 300 304 308 ·
661 255 702 310 De
720 272 757 310 ss.
777 255 949 310 eucharistia.

144 456 182 500 eo
206 433 312 499 minus
334 432 484 499 totaliter
499 431 630 497 videtur
652 431 761 497 recedi
783 450 889 514 posse,
914 429 999 512 quod
1016 429 1222 496 Theobaldus
1239 435 1374 515 praeter
1397 432 1467 497 dies

144 522 322 590 dominicos
345 525 380 587 et
403 521 508 587 festos
524 521 624 587 etiam
641 520 740 586 ferias
755 520 807 584 V¹⁸
822 520 941 586 statuit
964 519 1080 602 quibus
1103 519 1224 587 missae
1247 520 1464 599 celebrentur,

144 633 249 695 neque
281 611 332 677 his
365 610 477 676 diebus
510 630 553 675 ex
585 608 751 675 binatione
783 608 960 676 difficultas
993 608 1179 674 celebrandi
1211 630 1270 694 pro
1303 610 1465 695 stipendio

143 702 277 769 ematur.

233 790 318 855 Hinc
341 807 457 854 censeo
489 808 532 852 ex
561 788 645 852 bono
676 792 710 853 et
733 807 837 869 aequo
862 785 985 851 reditus
1018 785 1167 853 distribui
1191 787 1310 853 debere
1333 789 1375 854 ab
1400 787 1466 872 epi-

143 899 253 963 scopo,
276 883 315 945 ut
337 876 458 962 partim
482 877 548 943 sint
571 897 630 960 pro
653 875 815 960 stipendio
831 874 1005 941 missarum
1021 875 1063 941 ad
1078 875 1292 942 intentionem
1309 878 1363 942 vel
1379 877 1466 943 utili-

80 1028 83 1034 .
143 973 249 1036 tatem
272 966 451 1032 Theobaldi
474 965 759 1043 celebrandarum,
790 964 910 1048 partim
940 985 999 1048 pro
1028 966 1292 1032 remuneratione
1316 966 1466 1050 specialis

144 1056 350 1138 fatigationis
373 1059 408 1121 at
430 1053 623 1120 incommodi
656 1053 742 1136 quod
772 1053 1012 1137 suscipiendum
1037 1058 1104 1132 est,
1137 1075 1210 1120 cum
1234 1054 1348 1121 diebus
1372 1076 1466 1140 prae·

144 1146 249 1231 ceptis
272 1145 457 1211 celebratur
478 1143 513 1208 in
536 1143 618 1209 vico.
650 1142 767 1225 Neque
785 1143 916 1208 videtur
938 1142 1082 1226 episcopi
1099 1142 1291 1210 facultatem
1308 1145 1466 1210 excedere

144 1239 182 1301 ut
211 1236 299 1300 solas
328 1233 446 1298 missas
475 1231 566 1298 feriis
597 1231 643 1295 Vr.
672 1232 705 1296 in
735 1230 808 1296 vico
838 1231 1049 1297 celebrandas
1078 1232 1235 1316 applicari
1266 1232 1379 1300 iubeat
1409 1255 1466 1317 pro

144 1323 349 1400 Theobaldo‚
383 1321 527 1403 reliquas
550 1325 677 1387 statuat
700 1320 822 1386 liberae
846 1341 918 1385 esse
941 1321 1170 1405 applicationis
1192 1327 1292 1404 atque
1315 1343 1376 1407 pro
1400 1323 1467 1388 solo

144 1412 280 1497 speciali
303 1411 415 1477 labore
438 1411 467 1476 ei
491 1411 547 1493 qui
569 1411 703 1475 missam
726 1410 810 1475 hanc
833 1410 976 1474 binaado
1003 1410 1147 1477 celebret
1169 1411 1466 1478 remunerationem

146 1505 317 1568 2-31nc.
349 1499 497 1582 assignet
519 1500 573 1565 vel
603 1502 750 1576 tantum,
786 1503 942 1580 quantum
972 1497 1071 1565 fuerit
1094 1502 1194 1577 taxa,
1227 1501 1255 1564 si
1287 1500 1414 1566 reditus
1436 1500 1466 1564 in

146 1592 290 1678 stapulas
319 1589 437 1655 missas
471 1588 683 1654 celebrandas
717 1586 898 1670 aequaliter
926 1586 1181 1663 distribuantur;
1215 1592 1326 1673 potest
1359 1583 1468 1656 tamen

145 1680 255 1764 paullo
271 1678 378 1744 minus
400 1681 547 1744 statuere
563 1698 622 1761 pro
638 1676 772 1761 speciali
794 1675 850 1740 illo
873 1675 985 1741 labore
1001 1680 1036 1742 et
1054 1697 1092 1742 eo
1115 1677 1254 1762 amplius
1277 1698 1337 1762 pro
1361 1679 1468 1745 missis

146 1790 231 1852 quae
253 1768 349 1834 simul
371 1773 540 1848 tamquam
563 1787 623 1850 pro
646 1764 807 1850 stipendio
830 1764 897 1832 sint
919 1764 1142 1849 applicandae.

234 1876 274 1942 R.
299 1878 329 1942 2.
376 1873 411 1941 Si
434 1873 621 1958 episcopus,
651 1877 688 1938 ut
711 1871 806 1938 modo
830 1870 914 1950 dixi,
938 1893 1008 1936 rem
1032 1873 1268 1957 composuerit,
1293 1873 1327 1939 in
1351 1875 1467 1959 agendi

146 1964 273 2031 ratione
296 1962 367 2030 sive
396 1962 530 2047 parochi
553 1962 624 2027 sive
653 1960 789 2027 aliorum
819 1961 1027 2027 sacerdotum
1058 1962 1147 2028 nulla
1179 1967 1231 2029 est
1253 1962 1467 2041 inordinatim

147 2053 341 2139 supponitur
364 2052 448 2118 enirn
472 2051 506 2116 in
522 2050 613 2116 feriis
628 2051 669 2127 V,
694 2049 823 2132 quando
839 2049 960 2117 festum
976 2050 1017 2115 de
1032 2055 1208 2135 praecepto
1224 2073 1290 2118 non
1306 2058 1466 2130 occurrat,

147 2144 251 2209 solam
274 2143 358 2208 hanc
382 2140 515 2206 missam
538 2160 597 2225 pro
620 2138 808 2205 Theobaldo
832 2139 1000 2206 celebrari.

84 2263 137 2316 229
236 2248 274 2315 R.
300 2251 330 2314 3.
377 2246 412 2313 Si
434 2267 513 2311 vero
537 2245 688 2330 episcopo
712 2244 818 2310 visum
848 2244 949 2310 fuerit
979 2249 1016 2311 ut
1045 2266 1105 2329 pro
1129 2245 1317 2312 Theobaldo
1341 2267 1470 2331 semper

147 2338 218 2403 fieri
242 2337 361 2403 debeat
391 2334 567 2420 applicatio
589 2335 726 2412 missae,
759 2334 812 2399 vel
842 2334 960 2400 saltem
990 2333 1082 2400 feriis
1105 2334 1151 2410 V,
1184 2334 1246 2401 etsi
1277 2335 1400 2402 festum
1431 2337 1468 2401 de

148 2431 323 2510 praecepto
347 2423 515 2502 inciderit,
546 2423 611 2489 alia
633 2422 688 2488 via
718 2422 892 2488 ineundum
922 2428 983 2489 est.
1031 2422 1192 2491 Videlicet
1222 2429 1280 2491 aut
1303 2425 1470 2491 celebrare

148 2516 245 2581 debet
275 2514 330 2579 ille
360 2513 415 2596 qui
444 2535 503 2598 pro
533 2512 695 2596 stipendio
719 2512 774 2576 vel
804 2533 862 2596 pro
893 2511 1093 2595 obligatione
1123 2512 1302 2595 parochiali
1326 2514 1469 2580 nondum

148 2602 328 2669 celebravit
356 2623 462 2685 neque
491 2623 530 2668 eo
561 2601 612 2666 die
636 2600 859 2668 celebraturus
883 2606 950 2679 est,
982 2607 1039 2667 aut
1069 2600 1170 2667 missa
1198 2623 1258 2687 pro
1281 2602 1469 2669 Theobaldo

148 2692 354 2769 celebranda,
378 2691 440 2757 etsi
463 2712 527 2756 non
550 2690 583 2755 in
607 2689 677 2756 eius
700 2690 782 2766 vico,
806 2691 1028 2756 transferatur
1050 2689 1083 2756 in
1106 2691 1204 2757 alium
1229 2690 1324 2759 diem.
1372 2692 1468 2771 Nam,

147 2782 175 2847 si
199 2781 296 2847 aliter
311 2801 364 2846 res
380 2780 461 2846 satis
478 2781 559 2844 hene
575 2778 722 2862 expediri
738 2778 860 2861 nequit,
884 2780 1055 2864 episcopus
1077 2780 1127 2844 cui
1145 2780 1320 2847 reducendi
1343 2783 1469 2846 numeri

147 2871 320 2936 missarum
343 2868 484 2935 facultas
507 2868 699 2950 denegatur,
723 2873 834 2934 tamen
857 2869 940 2935 satis
962 2868 1176 2953 probabiliter
1199 2869 1299 2936 habet
1321 2870 1394 2935 iure
1417 2892 1470 2935 or-

148 2959 273 3025 dinario
297 2958 489 3025 facultatem
513 2956 721 3041 dispensandi
745 2978 787 3022 ex
810 2956 897 3022 iusta
921 2978 1020 3023 causa
1044 2957 1130 3024 circa
1152 2962 1282 3042 tempus
1305 2965 1339 3026 et
1362 2960 1470 3025 locum

147 3049 320 3114 missarum
345 3047 563 3112 fundatarum.
602 3046 650 3113 Cf.
675 3046 1035 3112 Ballerini·Palm.
1061 3068 1090 3112 n.
1117 3050 1197 3123 2683
1222 3048 1350 3126 Marc,
1374 3050 1471 3115 Insti-

147 3141 282 3203 tutionee
304 3138 398 3223 Alpa.
423 3156 455 3201 n.
482 3138 576 3202 1617.

244 3327 500 3394 APPLIOATIO
525 3326 683 3392 MISSAE
708 3326 767 3392 EX
791 3325 1086 3393 PRAESCRIPTO
1112 3328 1380 3397 SUPERIORIS.

724 3475 834 3542 Casus.
856 3485 914 3552 (66)

237 3617 391 3677 Mensibus
421 3617 557 3692 Augusto
586 3621 617 3675 et
644 3616 809 3692 Septembri
835 3616 939 3692 quibus
967 3616 1085 3693 publica
1113 3619 1299 3677 sacerdotum
1329 3621 1472 3680 exercitia

148 3718 235 3759 sacra
257 3698 360 3758 haberi
381 3698 478 3757 solent
499 3696 658 3773 episcopus
679 3697 873 3773 praescripsit
894 3697 925 3755 in
947 3696 1094 3766 dioecesi,
1116 3703 1149 3756 ut
1171 3698 1342 3760 sacerdotes
1362 3701 1471 3777 singuli

149 3780 274 3855 singulis
291 3778 482 3837 hebdomadis
497 3777 619 3836 missam
640 3778 791 3836 celebrent
805 3797 858 3853 pro
880 3779 956 3836 bono
972 3796 1112 3836 successu
1127 3778 1231 3838 horum
1245 3779 1471 3852 exercitiorum

149 3881 206 3936 quo
229 3859 364 3935 exemplo
384 3858 527 3917 incitatus
549 3857 684 3933 superior
705 3856 807 3916 domus
827 3857 984 3932 religiosae
1006 3857 1038 3915 in
1058 3877 1116 3933 qua
1138 3859 1281 3918 exercitia
1301 3859 1354 3919 illa
1379 3863 1473 3938 plera·

150 3960 206 4017 que
227 3942 409 4016 peraguntur
429 3957 487 3996 non
510 3937 605 3997 solum
626 3937 663 3996 ad
684 3956 754 3996 suos
775 3936 909 3996 extendit
930 3938 1100 3996 mandatum
1124 3939 1263 4016 episcopi,
1285 3941 1338 3999 sed
1352 3941 1474 4020 insuper

150 4020 274 4096 singulis
296 4019 398 4077 diebus
420 4017 627 4077 exercitiorum
649 4017 786 4092 designat
808 4021 825 4075 5
846 4024 948 4094 patres
969 4017 1019 4093 qui
1041 4018 1176 4078 similiter
1197 4020 1356 4081 celebrent.

238 4101 348 4159 Verum
368 4104 431 4157 turn
453 4117 490 4156 ex
512 4096 714 4157 sacerdotibus
736 4098 938 4157 saecularibus
966 4104 1028 4156 tum
1057 4118 1095 4156 ex
1115 4099 1301 4174 regularibus
1323 4108 1396 4160 sunt
1425 4103 1474 4178 qui

150 4201 209 4240 non
230 4181 268 4239 ad
288 4179 369 4237 illam
390 4177 583 4237 intentionem
604 4177 725 4236 missam
746 4178 882 4248 offerant,
905 4177 956 4237 sed
978 4179 1042 4236 solo
1064 4185 1208 4239 memento
1222 4199 1284 4239 rem
1305 4182 1473 4252 absolvant,

151 4261 283 4320 diceutes
305 4259 474 4318 mandatum
496 4258 568 4316 illud
589 4258 796 4317 auctoritatem
818 4259 1002 4334 superiorum
1024 4260 1175 4318 excedere.

151 4367 327 4437 Qunnmrun
358 4367 386 4422 1⁰
416 4363 570 4501 possitnefi
582 4363 715 4439 superior
749 4363 812 4421 suis
846 4362 1000 4438 iniungere
1035 4364 1143 4423 missae
1178 4365 1408 4441 applicationem
1439 4369 1475 4428 ad

418 4449 530 4502 certum
573 4464 646 4503 nem.

359 4535 389 4591 2⁰
420 4534 642 4591 excesserintne
669 4533 699 4592 in
728 4553 800 4591 casu
829 4533 995 4609 superiores
1024 4553 1107 4591 suam
1133 4539 1311 4610 potestatem
1341 4555 1379 4595 an
1410 4540 1476 4597 sub·

418 4613 471 4670 diti
492 4613 589 4672 officio
611 4615 733 4688 gravius
755 4614 928 4688 obligationi
951 4614 1104 4672 defuerint.
