3044 5174
136 280 201 345 504
600 274 807 331 sacramentam
825 277 999 332 matrimonii.

225 451 264 517 R.
289 453 320 517 3.
358 450 503 517 Sumitur
526 455 637 518 tamen
661 456 813 518 neutrum
836 472 880 517 ex
894 451 1023 536 sponsis
1039 453 1176 518 abusum
1192 454 1398 521 matrimonii
1413 477 1471 540 pro

135 543 319 606 condicione
348 543 418 605 sine
449 562 512 626 quo
542 563 605 606 non
636 541 670 606 in
700 547 810 608 mente
833 541 996 608 habuisse.
1043 540 1134 617 Quod
1164 542 1192 608 si
1223 544 1391 610 alteruter
1413 545 1471 611 ha·

134 629 281 707 buisset,
321 628 484 694 obiectum
521 635 710 696 contractus
745 630 995 696 matrimonialis
1029 632 1202 698 intentione
1240 634 1469 701 contrahentis

136 724 225 785 esset
248 717 419 797 vitiatum;
444 721 553 800 atque,
578 719 748 786 deficiente
772 740 850 785 vero
875 740 1036 784 consensu
1058 719 1197 800 interno,
1222 723 1469 788 matrimonium

135 829 200 873 non
223 811 336 892 posset
359 807 478 874 enasci.
512 808 575 874 Sed
591 809 625 873 in
641 808 713 874 foro
729 813 867 874 externo
883 809 941 874 illa
956 829 1048 874 mens
1067 829 1132 874 non
1146 811 1289 876 sumitur
1312 812 1467 892 adfuisse,

135 897 197 962 nisi
221 896 368 962 condicio
391 897 497 980 turpis
522 898 657 963 deducto
678 898 781 980 fuerit
803 901 838 963 in
858 906 998 984 parturn.

224 1011 263 1078 R.
281 1015 311 1078 4.
344 1010 439 1077 Aliae
463 1011 668 1077 condiciones
691 1016 804 1095 turpes
821 1033 878 1077 εει]
894 1011 1143 1096 peccaminosae
1158 1034 1243 1095 quae
1258 1018 1339 1080 sunt
1356 1016 1469 1082 matri·

134 1101 234 1166 monii
258 1100 421 1166 essentiae
445 1100 668 1178 extrinsecae,
693 1101 756 1167 etsi
779 1101 813 1166 in
836 1106 969 1184 pactum
993 1101 1208 1180 deducantur,
1238 1124 1271 1169 v,
1297 1125 1330 1186 g.
1357 1111 1468 1170 mutua

134 1189 307 1274 promissio
331 1189 410 1256 furti
433 1190 487 1254 vel
511 1190 635 1255 fraudis
658 1190 712 1255 vel
735 1191 965 1272 cuiuscumque
988 1189 1147 1266 criminis,
1175 1191 1210 1256 in
1233 1191 1306 1257 foro
1330 1198 1468 1260 externo

134 1279 298 1345 habentur
330 1300 389 1362 pro
422 1279 532 1360 aliquo
562 1278 692 1346 adiecto
722 1301 780 1345 seu
810 1300 868 1363 pro
899 1281 989 1344 modo
1019 1279 1147 1356 addito,
1180 1301 1244 1362 quo
1276 1286 1468 1348 contractus

134 1367 386 1434 matrimonialis
409 1389 473 1432 non
498 1368 648 1434 vitietur:
674 1368 728 1451 qui
752 1368 838 1433 modi
862 1367 966 1434 additi
990 1388 1049 1451 pro
1072 1391 1136 1434 non
1152 1372 1287 1436 adiectis
1306 1371 1469 1438 habentur

135 1462 178 1536 et,
204 1462 241 1522 ut
264 1461 367 1540 patet,
392 1458 595 1523 exsecutioni
619 1457 690 1522 dari
717 1462 892 1539 nequeunt.

224 1572 263 1639 R.
288 1575 319 1638 5.
366 1572 402 1636 Id
426 1571 459 1637 in
483 1572 554 1638 foro
579 1594 707 1655 quoqne
730 1573 859 1638 interno
882 1572 1090 1637 iudicandum
1115 1578 1183 1650 est,
1216 1573 1280 1638 nisi
1308 1575 1466 1642 alteruter

134 1661 399 1728 contrahentium
428 1662 518 1727 illam
549 1662 797 1745 promissionem
828 1661 875 1727 rei
904 1661 1041 1728 illicitae
1071 1683 1130 1726 seu
1159 1662 1399 1745 obligationem
1428 1665 1464 1730 ad

134 1751 205 1816 eius
229 1752 474 1817 exsecutionem
497 1751 648 1817 habuerit
671 1773 731 1835 pro
755 1750 942 1816 condicione
966 1751 1036 1816 sine
1060 1771 1125 1833 qua
1148 1773 1223 1818 non.
1260 1753 1350 1817 Nam
1368 1754 1396 1819 si
1412 1754 1462 1830 ita,

134 1840 262 1907 obiecto
287 1846 476 1907 contractus
500 1839 682 1906 admixtum
704 1840 822 1906 fuisset
844 1839 967 1922 aliquid
979 1839 1196 1923 impossibile:
1221 1842 1309 1922 quod
1333 1843 1464 1927 impedit

134 1930 307 2013 quominus
337 1934 526 1996 contractus
557 1935 733 2013 utcumque
763 1929 892 1994 validus
922 1928 992 1994 fieri
1023 1929 1137 2012 possit.
1191 1928 1314 2005 Quodsi
1341 1931 1406 1997 hac
1435 1932 1462 1996 in

134 2040 170 2085 re
194 2018 314 2083 serium
339 2019 470 2083 dubium
488 2019 638 2096 exsistat,
663 2019 697 2083 in
714 2020 785 2084 loro
801 2018 931 2084 interno
954 2018 1126 2084 renovatio
1150 2039 1330 2085 consensus
1355 2021 1463 2088 matri·

135 2107 296 2184 monialis,
322 2107 455 2189 eiusque
479 2108 548 2172 veri
573 2114 607 2175 et
631 2107 714 2192 puri,
739 2107 893 2191 privatim
918 2107 1069 2173 facienda
1092 2113 1153 2174 est.

72 2265 125 2320 875
224 2247 277 2310 An
301 2265 493 2321 ouansrnuu
510 2249 549 2310 2¹¹¹
568 2246 606 2312 R.
629 2251 655 2311 1.
687 2243 840 2310 Condicio
857 2243 930 2309 Rufi
947 2243 1166 2310 substantiam
1183 2243 1388 2311 matrimonii
1406 2267 1464 2311 non

136 2332 289 2414 attingit:
313 2338 517 2417 propagatur
541 2335 624 2399 enim
650 2339 684 2399 et
708 2336 924 2399 conservatur
946 2354 1049 2415 genus
1067 2333 1245 2398 humanum
1262 2334 1368 2400 etiam
1384 2335 1463 2419 apud

136 2422 320 2487 haereticos
342 2422 397 2486 vel
421 2423 577 2489 infideles.
625 2423 732 2499 Quare
755 2422 998 2487 matrimonium
1022 2422 1118 2496 illud,
1150 2427 1311 2504 quantum
1341 2426 1463 2490 adhoc

136 2516 236 2594 caput
251 2510 383 2589 attinet,
400 2510 544 2576 validum
562 2518 614 2578 est
630 2513 840 2577 censendum:
857 2511 957 2594 impia
972 2515 1082 2576 tamen
1096 2511 1241 2577 condicio
1253 2513 1463 2596 relinquenda
1507 2585 1509 2597 Ι

136 2622 194 2665 εει]
218 2600 423 2665 emendanda
447 2604 507 2666 est.

225 2706 345 2782 Quodsi
379 2706 498 2771 seriam
531 2705 777 2789 promissionem
810 2727 951 2789 sponsae
983 2705 1070 2771 cirea
1103 2705 1237 2789 impiam
1270 2707 1358 2772 hauc
1392 2709 1463 2775 edu·

135 2795 297 2861 ostionem
321 2795 426 2860 Rufus
450 2817 509 2878 pro
533 2795 718 2860 conditione
742 2796 900 2878 sineque
924 2816 988 2858 non
1010 2795 1193 2870 habuisset,
1222 2797 1463 2863 matrimonium

135 2885 198 2950 e1it
221 2885 365 2950 validum
389 2885 422 2948 in
447 2906 525 2950 casu
549 2906 612 2966 quo
629 2905 749 2968 sponsa
765 2885 849 2949 hanc
866 2884 1070 2949 voluntatem
1093 2884 1209 2950 habuit
1226 2906 1262 2949 re
1278 2907 1379 2963 vera3
1404 2908 1462 2951 non

135 2973 197 3040 erit
228 2973 372 3038 validum
404 2974 437 3037 in
470 2995 547 3039 casu
581 2995 643 3055 quo
677 2974 881 3039 voluntatem
911 2973 1026 3039 habuit
1059 2975 1179 3038 fictam.
1213 3013 1258 3021 —
1291 2974 1326 3039 si
1356 2982 1462 3042 autem

134 3063 239 3128 Rufus
273 3063 410 3128 stultam
443 3063 556 3128 habuit
585 3064 791 3129 voluntatem
821 3084 886 3144 qua
915 3061 1058 3128 voluerit
1087 3062 1234 3128 valorem
1265 3064 1463 3130 matrimonii

134 3151 317 3234 dependere
340 3174 361 3218 a
384 3152 496 3217 futura
518 3153 707 3234 impletione
729 3152 818 3217 illius
841 3151 931 3235 impii
949 3151 1100 3234 promissi
1117 3151 1169 3215 vel
1186 3172 1206 3216 a
1221 3171 1303 3216 vera
1321 3156 1356 3218 et
1373 3157 1462 3218 firma

134 3242 321 3325 oblipetioue
343 3241 527 3325 implendae
550 3242 789 3324 promissionis:
814 3240 1057 3305 matrimonium
1073 3244 1125 3306 est
1140 3241 1253 3322 utique
1272 3241 1462 3307 invalidum.

135 3329 198 3394 Sed
221 3329 360 3396 intentio
384 3331 465 3395 adeo
490 3330 593 3396 stulta
616 3351 681 3394 non
700 3331 785 3395 solet
801 3329 936 3412 concipi,
961 3350 1066 3410 neque
1091 3350 1244 3411 umquam
1267 3329 1301 3394 in
1318 3331 1394 3396 foro
1412 3354 1464 3397 ex-

134 3424 229 3485 terno
253 3419 488 3501 praesumitur:
513 3418 571 3482 sed
596 3419 726 3485 debebit
749 3419 846 3502 plane
871 3419 1012 3502 probari.

226 3532 264 3598 R.
283 3535 313 3597 2.
346 3532 496 3597 Condicio
513 3533 620 3598 Rufini
645 3555 709 3597 non
733 3532 921 3598 immediate
944 3532 1047 3597 inficit
1063 3531 1226 3599 obiectum
1248 3532 1329 3598 iuris
1352 3535 1464 3601 matri·

136 3620 303 3698 monialis,
337 3642 409 3685 cum
442 3628 645 3706 supponatur
676 3623 823 3687 exerceri
854 3643 983 3704 semper
1015 3626 1105 3687 recte
1137 3626 1231 3686 actus
1261 3623 1465 3703 generationi

136 3715 249 3794 aptos;
281 3714 429 3775 attamen
459 3709 595 3794 impedit
625 3711 796 3792 quominus
826 3712 877 3776 ius
906 3711 986 3775 illud
1017 3711 1059 3776 ad
1089 3714 1183 3776 actus
1207 3710 1466 3778 matrimoniales

137 3799 214 3864 oriri
238 3799 352 3882 possit.
399 3799 488 3864 Finis
512 3801 597 3865 euim
620 3799 819 3866 matrimonii
849 3804 901 3865 est
930 3821 993 3865 non
1025 3800 1149 3883 prolem
1179 3819 1354 3882 procreare
1386 3822 1466 3883 quae

137 3889 249 3954 statim
275 3889 514 3971 exstinguatur,
539 3889 596 3953 sed
620 3889 744 3972 prolem
768 3910 1016 3974 permansuram
1039 3889 1072 3953 in
1093 3888 1256 3954 hominem
1270 3889 1466 3956 rationalem

137 3999 209 4044 sese
234 3978 450 4044 evoluturam.
491 3977 551 4055 Qui
575 3999 654 4060 crgo
678 3983 830 4044 statuunt
853 3979 939 4044 inter
962 4000 998 4043 se
1014 3978 1138 4061 prolem
1155 3977 1242 4044 forte
1266 3978 1467 4046 nascituram

137 4066 335 4152 interimere,
361 4071 477 4133 eontra
499 4069 597 4132 finem
622 4068 830 4134 essentialem
847 4067 1047 4132 matrimonii
1063 4066 1254 4148 delinquunt
1269 4088 1378 4149 neque
1394 4073 1466 4134 iuro

138 4156 393 4222 matrimonialia
425 4156 610 4221 exercenda
637 4156 698 4221 sibi
731 4157 898 4222 vindicare
932 4163 1088 4240 possunt,
1121 4160 1237 4239 utpote
1267 4176 1370 4237 quae,
1407 4160 1467 4222 fine

138 4245 307 4312 essentiali
342 4245 495 4324 excluso,
531 4268 596 4311 non
632 4247 804 4312 exsistant.
861 4246 1104 4312 Matrimonium
1140 4244 1241 4328 igitur
1275 4244 1386 4311 Rufini
1421 4247 1466 4310 in-

138 4334 283 4400 validum
308 4339 368 4400 est.

228 4449 266 4514 R.
292 4452 322 4515 3.
371 4449 479 4515 Etiam
510 4450 615 4530 magis
643 4450 806 4515 Rufiniani
836 4448 1080 4514 matrimonium
1110 4453 1161 4514 est
1191 4449 1389 4514 censendum
1421 4449 1466 4514 in-

140 4537 293 4604 validum.
333 4537 418 4602 Nam
442 4539 514 4603 iura
538 4541 790 4603 raeti-immistio
814 4559 954 4621 sponsae
978 4539 1057 4603 dare
1082 4559 1122 4602 ne
1145 4538 1178 4602 in
1201 4544 1313 4605 mente
1338 4540 1466 4622 quidem

140 4625 262 4692 habuit.
295 4627 385 4703 Quae
411 4628 481 4692 iura
505 4627 688 4693 consistunt
711 4628 745 4692 in
768 4627 916 4710 legitima
937 4628 1099 4709 exigenda
1123 4627 1253 4711 copula:
1279 4649 1379 4709 quam
1403 4629 1467 4694 Ru-
