3044 5174
247 1091 676 1180 SAORAMENTUM
705 1093 1019 1177 EXTREMAE
1050 1089 1366 1178 UNCTIONIS.

422 1279 667 1348 EXTREMAE
690 1278 928 1347 UNCTIONIS
950 1279 1184 1351 EFFEOTUS.

701 1426 812 1493 Casus.
831 1433 908 1503 (193)
1499 1334 1504 1471 l

229 1560 343 1632 Varro,
374 1579 440 1619 cum
461 1559 499 1618 ad
521 1559 695 1619 ebrietatem
717 1579 810 1636 usque
830 1559 974 1632 bibisset,
1003 1559 1162 1638 apoplexia
1181 1564 1300 1634 tactus,
1328 1562 1458 1623 sensibus
1502 1550 1504 1585 ²

141 1640 313 1699 destituitur
333 1645 421 1716 atque
441 1639 472 1698 in
493 1640 574 1699 vitae
595 1640 726 1717 periculo
747 1646 894 1702 versatur.
929 1639 1081 1699 Perochus
1103 1640 1278 1712 advocatus,
1301 1661 1370 1702 cum
1392 1643 1460 1703 sciat

142 1721 314 1780 ebrietatem
336 1740 396 1779 non
417 1739 484 1779 esse
498 1720 644 1779 Varronis
667 1720 918 1792 consuetudinem,
941 1740 1041 1779 secum
1055 1726 1198 1799 reputans
1211 1720 1242 1780 id
1255 1721 1390 1783 fortusse
1404 1723 1461 1783 sine

140 1802 227 1877 gravi
240 1800 385 1860 Varronis
406 1802 493 1876 culpa
508 1799 663 1870 accidisse,
685 1820 750 1859 eum
765 1801 820 1859 sub
836 1800 1009 1859 condicione
1030 1800 1167 1873 absolvit,
1190 1807 1279 1878 atque
1294 1802 1364 1862 dein
1380 1804 1460 1864 etiam

141 1883 196 1940 sub
224 1881 397 1940 condicione
427 1880 471 1952 ,si
500 1900 532 1940 es
560 1880 738 1956 dispositus‘
770 1880 845 1953 (scil.
872 1880 1028 1956 cogitando
1058 1889 1165 1940 etatum
1183 1886 1299 1960 pretim
1326 1902 1363 1943 eo
1392 1881 1460 1960 quod

140 1967 274 2021 extrema
295 1960 395 2020 unctio
416 1962 457 2020 sit
478 1966 695 2020 sacramentum
717 1960 862 2031 virorum)
885 1965 1018 2020 extrema
1039 1961 1177 2021 unctione
1198 1962 1302 2023 munit.
1339 1963 1461 2023 Puerum

139 2062 211 2101 vero
232 2051 291 2102 octo
311 2060 464 2111 annorum,
486 2060 571 2117 quem
593 2042 631 2100 ad
653 2041 871 2099 confessionem
892 2041 1020 2101 nondum
1035 2041 1206 2114 admiserat,
1226 2042 1305 2101 idem
1320 2045 1461 2120 parochus

140 2122 226 2198 ungit
247 2123 301 2180 sub
323 2121 495 2181 condicione
520 2120 563 2195 ,si
584 2139 679 2198 capax
701 2124 762 2181 es‘.

140 2238 318 2309 Quanmrun
340 2238 369 2295 10
390 2236 467 2295 sitne
499 2240 632 2295 extrema
662 2235 763 2294 unctio
794 2242 1011 2294 sacramentum
1040 2235 1176 2296 vivorum
1206 2256 1245 2297 an
1275 2245 1461 2309 mortuorum,

393 2335 538 2393 quaenam
559 2316 714 2393 dispositio
736 2315 773 2374 ad
794 2315 866 2374 illud
887 2316 1088 2393 recipiendum
1109 2316 1150 2377 sit
1170 2318 1352 2380 necessaria

341 2405 371 2461 2⁰
392 2408 512 2463 rectene
533 2409 632 2462 actum
653 2401 695 2461 sit
714 2401 746 2461 in
768 2401 887 2460 casibus
908 2401 1078 2478 propositis.

733 2586 868 2653 Salutio.

79 2744 131 2800 663
230 2727 282 2791 An
305 2747 497 2802 ouaasmuu
524 2731 560 2791 1¹²
584 2727 622 2795 R.
650 2729 677 2793 1.
725 2727 915 2793 Extremam
941 2726 1127 2792 unctionem
1150 2748 1209 2811 per
1236 2749 1272 2793 se
1302 2751 1369 2795 non
1394 2751 1459 2796 esse

140 2820 380 2881 sacramentum
400 2820 613 2894 mortuorum,
638 2816 695 2880 sod
712 2815 870 2893 vivorum,
895 2815 1043 2898 sequitur
1066 2837 1108 2881 ax
1129 2816 1279 2883 doctrina
1294 2819 1359 2884 fide
1376 2825 1459 2886 certa

141 2906 181 2970 de
203 2905 402 2972 necessitate
425 2905 622 2971 sacramenti
646 2905 877 2989 paenitentiae,
902 2906 987 2988 quod
1012 2909 1064 2970 est
1086 2906 1228 2971 medium
1244 2910 1459 2974 necessarium

140 2994 182 3060 ed
214 2995 412 3061 remittenda
443 2998 582 3079 peccata
613 2994 766 3059 mortalia
798 2997 874 3078 post
908 2994 1106 3078 baptismum
1141 2996 1332 3062 commissa:
1373 3000 1457 3064 ltili.

138 3105 219 3149 sess.
246 3087 296 3161 14,
322 3106 392 3168 cap.
418 3088 437 3148 2
461 3083 494 3149 in
518 3085 592 3151 fine.
638 3083 724 3149 Nam
748 3082 775 3148 si
800 3087 949 3150 extrema
972 3083 1083 3150 unctio
1106 3092 1349 3152 sacramentum
1379 3109 1458 3153 mor·
1501 3110 1504 3193 p

138 3176 267 3238 tuorum
293 3178 390 3250 esset,
414 3194 474 3257 per
496 3173 558 3238 hoc
579 3172 697 3254 aliquis
713 3176 920 3256 peccatorum
938 3172 1161 3238 remissionem
1177 3181 1290 3258 posset
1306 3174 1459 3258 quaerer'e

138 3265 238 3343 atque
261 3260 380 3327 falsum
406 3263 579 3339 evaderet,
610 3261 759 3326 omnibus
782 3266 857 3346 poet
881 3262 1078 3346 baptismum
1109 3262 1211 3347 lapsis
1241 3264 1459 3349 paenitentiae

139 3355 381 3417 sacramentum
405 3373 477 3416 esse
500 3352 731 3417 necessarium.

226 3439 386 3506 Gontiana
410 3440 510 3505 ctiam
532 3440 646 3525 praxis
662 3438 831 3505 Ecclesiae
855 3442 915 3516 est,
940 3445 978 3506 ut
1001 3443 1152 3505 extrema
1168 3441 1277 3508 unctio
1294 3449 1372 3526 post
1389 3466 1458 3510 con·

138 3527 314 3592 fossionem
343 3533 377 3594 et
408 3531 680 3595 sacramentalem
711 3528 949 3594 absolutionem
983 3528 1095 3607 detur,
1134 3529 1233 3596 immo
1263 3531 1360 3598 hodie
1390 3535 1459 3618 post

137 3639 164 3684 s.
189 3617 354 3684 viaticum.

226 3715 265 3782 R.
285 3719 313 3781 2.
339 3715 557 3781 Nihilominus
567 3739 629 3800 per
645 3718 792 3781 occidens
808 3721 956 3782 extrema
975 3717 1086 3782 unctio
1109 3721 1352 3785 sacramentum
1378 3741 1458 3786 mor·

137 3809 268 3870 tuorum
292 3809 351 3870 est.
390 3804 427 3868 Id
451 3804 535 3885 quod
560 3805 698 3870 innuunt
721 3805 822 3870 verba
845 3826 872 3872 s.
892 3805 1016 3870 lacobi:
1045 3806 1158 3884 ,Etsi
1182 3807 1215 3871 in
1239 3809 1388 3890 peccatis
1410 3809 1458 3887 sit,

137 3894 348 3960 remittentur
371 3893 429 3959 ai.“
465 3893 596 3959 Scilicet
619 3894 787 3977 probabile
811 3893 941 3976 quidem
960 3900 1011 3961 est
1027 3895 1129 3960 etiam
1145 3896 1185 3961 de
1201 3896 1335 3979 reliquis
1351 3920 1460 3965 sacra·

136 3982 256 4048 mentis
279 3981 438 4060 vivorum,
464 4003 551 4058 eum,
576 3982 631 4065 qui
654 3984 738 4048 bona
761 3984 824 4048 fide
849 3984 890 4048 ad
914 4004 954 4048 ea
977 3985 1119 4061 accedit,
1148 3984 1176 4049 si
1199 3985 1285 4051 forte
1309 3986 1342 4051 in
1374 3993 1459 4055 stetu

137 4071 263 4154 peccati
287 4072 346 4149 sit,
380 4077 413 4138 et
437 4071 640 4138 attritionem
664 4072 781 4137 saltem
804 4073 942 4150 hebeat,
974 4093 1085 4138 eorum
1109 4074 1317 4157 susceptione
1346 4075 1460 4143 iustifi-

136 4165 245 4226 catum
269 4159 318 4229 iri.
350 4160 508 4226 Attamen
531 4161 637 4243 quoad
662 4164 843 4227 extremam
860 4161 1045 4227 unctionem
1068 4162 1124 4229 ille
1143 4164 1278 4229 effectus
1293 4166 1460 4233 moraliter

136 4255 245 4315 certus
270 4253 330 4316 est.
369 4249 416 4315 cf.
447 4251 502 4317 lb.
527 4274 568 4316 m.
594 4250 641 4327 ll,
673 4252 753 4326 565;
785 4250 817 4316 S.
841 4251 975 4317 Thom.
998 4252 1066 4332 Aq.
1091 4252 1196 4336 suppl.
1221 4274 1252 4335 q.
1277 4256 1337 4332 30,
1370 4276 1400 4323 a.
1428 4260 1458 4330 l;

137 4339 168 4404 S.
194 4338 393 4421 Alphons.
418 4338 483 4417 Vl,
518 4342 599 4417 7313
631 4339 802 4417 Saurea,
836 4341 885 4405 De
911 4349 987 4406 ectr.
1015 4349 1097 4408 anet.
1123 4341 1205 4425 disp.
1231 4344 1291 4419 41,
1323 4349 1406 4412 sect.
1433 4348 1457 4421 l,

136 4450 166 4492 n.
195 4431 234 4492 19
260 4432 322 4494 etc.

75 4547 126 4599 664
225 4526 263 4590 R.
289 4528 318 4589 3.
359 4525 453 4590 Unde
477 4525 624 4608 sequitur
648 4525 892 4609 dispositionem
916 4548 975 4610 per
998 4548 1034 4591 se
1057 4527 1266 4609 requisitam,
1298 4529 1369 4597 sine
1400 4552 1459 4614 qua

136 4617 245 4678 scienti
260 4613 382 4678 nemini
398 4615 497 4680 liceat
513 4636 538 4680 a.
557 4614 742 4680 unctionem
758 4615 933 4699 suscipere,
959 4637 1031 4681 esse
1054 4620 1177 4682 statum
1199 4618 1340 4700 gratiae,
1364 4626 1459 4703 atquo
