3044 5174
156 277 220 342 206
607 271 813 329 Sacramentum
831 274 1024 345 paenitentiae.

154 471 219 515 non
249 450 291 516 ad
320 450 392 516 solu
421 449 569 531 rigorose
599 450 786 517 necessaria
812 472 886 518 sese
915 450 1125 533 restringere.
1173 453 1206 520 S.
1236 453 1355 537 Alpb.
1388 454 1410 521 l.
1442 475 1480 532 a,

154 540 311 606 Reuter
332 539 354 605 l.
379 561 406 606 c.
431 539 488 616 lV,
513 541 577 605 305
594 560 665 621 sqq.

93 681 144 736 352
244 673 296 738 An
320 693 512 749 ouansmun
536 674 575 736 2¹²
598 671 637 738 R.
664 674 692 739 l.
740 673 792 737 Ex
814 672 855 738 iis
878 694 962 755 quae
986 673 1026 739 de
1049 672 1183 740 Claudio
1207 677 1403 750 narrantur,
1432 673 1479 738 di·

155 761 291 827 cendum
330 765 381 828 est
416 783 489 827 eum
524 761 642 826 debere
677 761 834 827 eiusmodi
869 761 1086 845 cogitationes
1118 761 1283 840 confiteri,
1314 784 1354 828 ac
1387 763 1479 847 proin

154 850 334 917 timendum
358 853 410 917 est
431 850 538 927 valde,
563 872 604 916 ne
627 850 787 933 sacrilege
810 851 1036 918 celebraverit.
1084 851 1170 917 Nam
1194 851 1221 917 si
1244 850 1305 917 sibi
1330 851 1478 918 conscius

154 945 206 1006 est
229 961 265 1005 se
287 939 472 1006 voluntarie
495 939 612 1005 lusisse
636 960 707 1004 cum
731 938 844 1023 pravis
867 939 1131 1023 cogitationibus,
1157 941 1220 1006 iam
1237 960 1311 1006 sese
1327 941 1479 1026 exposuit

153 1029 308 1112 periculo,
333 1027 418 1095 etsi
441 1027 528 1094 forte
552 1028 683 1093 dubium
707 1028 760 1108 sit,
786 1050 861 1094 num
886 1029 928 1094 ad
944 1030 1005 1095 boc
1021 1029 1199 1113 periculum
1215 1030 1314 1114 plane
1329 1029 1477 1096 animad-

153 1118 303 1195 verterit,
327 1121 438 1184 tamen
462 1117 593 1182 dubium
610 1117 756 1196 ulterius,
780 1139 858 1183 num
879 1119 1039 1201 usquead
1063 1139 1256 1184 consensum
1280 1119 1476 1202 pervenerit,

155 1211 247 1273 creat
270 1211 339 1273 taur
362 1227 498 1288 gravem
523 1206 822 1290 praesumptionem
845 1211 961 1273 contra
985 1229 1069 1284 cum,
1094 1213 1131 1274 ut
1153 1228 1212 1292 pro
1227 1207 1436 1274 immunitate
1458 1230 1476 1273 a

35 1355 36 1358 ,
153 1299 289 1379 peccato
319 1296 414 1379 gravi
444 1317 508 1361 uon
538 1295 660 1362 habeat
688 1296 826 1361 solidam
856 1297 1026 1363 rationem.
1079 1296 1188 1379 Atque
1218 1295 1266 1361 ita
1296 1296 1416 1363 saltem
1445 1296 1475 1361 in

154 1384 312 1450 similibus
336 1384 464 1450 casibus
487 1405 546 1468 pro
569 1384 681 1450 futuro
704 1386 815 1468 urgeri
838 1385 968 1451 omnino
992 1386 1099 1463 debat,
1124 1389 1240 1452 utnon
1264 1385 1388 1452 audeat
1410 1385 1475 1451 sine

154 1474 358 1540 confessione
387 1473 569 1557 praemissa
598 1473 640 1539 ad
669 1494 798 1539 sacrum
831 1475 996 1540 accedere.
1043 1474 1156 1552 Quoad
1185 1474 1403 1558 praeteritum
1425 1495 1473 1540 res

154 1563 282 1628 demum
306 1562 427 1647 pendet
450 1563 491 1628 ab
515 1583 563 1639 co,
589 1562 748 1645 quomodo
765 1563 826 1628 sibi
850 1562 1069 1630 conscientiae
1092 1562 1256 1629 dictamen
1271 1562 1470 1629 formaverit.

153 1653 232 1717 Cum
257 1652 341 1717 enim
365 1651 410 1718 sit
428 1651 524 1717 homo
539 1651 730 1729 instructus,
754 1651 862 1735 potuit
878 1653 1020 1729 evenire,
1045 1657 1081 1718 ut
1096 1657 1187 1718 certo
1203 1651 1381 1718 dictamine
1396 1652 1471 1717 iudi-

153 1744 245 1807 caret
279 1761 314 1806 se
345 1746 480 1824 propter
511 1739 642 1806 dubium
673 1739 716 1806 ad
746 1741 981 1807 confessionem
1012 1763 1076 1807 non
1106 1740 1220 1807 teneri.
1275 1741 1468 1824 Quamquam

153 1830 313 1896 asserenti
336 1851 371 1895 se
394 1830 462 1895 tale
482 1829 642 1895 dictamen
667 1834 791 1895 certum
814 1829 976 1908 babuisse,
1001 1853 1064 1896 non
1082 1830 1181 1896 nimia
1196 1830 1278 1895 fides
1294 1831 1468 1896 adhibenda
1498 1810 1507 1925 Ι

153 1924 214 1998 est,
241 1919 404 2000 quianon
427 1941 503 1984 raro
528 1918 656 1994 accidit,
681 1940 701 1982 u
741 1919 813 2000 quis
836 1918 946 1984 bacin
970 1941 1006 1984 re
1022 1919 1092 2003 ipse
1115 1919 1177 1985 sibi
1193 1918 1322 1986 illudat.
1355 1920 1465 1985 Verum

153 2029 206 2073 res
229 2008 338 2073 divino
361 2007 479 2073 iudicio
503 2007 632 2072 demum
657 2012 708 2073 est
731 2007 955 2090 relinquenda.
1487 1968 1518 2397 L

241 2123 280 2190 R.
306 2126 336 2191 2.
381 2122 415 2189 Si
438 2123 590 2188 Claudius
614 2127 724 2188 autem
748 2122 961 2189 habitualiter
982 2124 1131 2191 horreret
1153 2127 1291 2208 peccata
1314 2123 1462 2196 mortalia.

152 2233 257 2294 neque
288 2233 330 2277 ex
359 2211 521 2278 industria
551 2212 708 2277 eiusmodi
737 2212 835 2276 rebus
866 2212 997 2277 lubricis
1028 2217 1170 2279 mentem
1201 2218 1410 2297 occupasset:
1437 2211 1461 2276 iu
1512 2192 1518 2232 ¹

153 2301 249 2366 dubio
273 2301 313 2366 de
329 2321 489 2366 consensu
506 2301 635 2366 suaderi
653 2300 782 2382 quidem
799 2301 933 2367 deberet
952 2301 1123 2379 confessio,
1148 2307 1326 2384 antequam
1350 2321 1461 2369 sacrun
1498 2347 1513 2375 =.

152 2391 297 2465 faceret,
321 2390 383 2454 nisi
407 2389 450 2455 sit
473 2390 568 2455 nimis
592 2390 730 2456 strictae
753 2390 989 2464 conscientiae;
1014 2395 1124 2456 tamen
1149 2411 1226 2456 vere
1249 2390 1373 2475 imponi
1396 2389 1461 2456 obli·
1486 2370 1518 2513 s:

153 2479 243 2561 gatio
267 2478 389 2561 nequit,
414 2479 556 2544 maxime
580 2479 608 2543 si
631 2479 759 2545 accedit
782 2479 867 2544 ratio
891 2479 1003 2561 gravis
1027 2479 1253 2546 verecundiae.
1494 2520 1518 2573 ¹.-

241 2594 280 2660 R.
305 2597 335 2659 3.
368 2594 416 2658 De
440 2598 574 2678 peceato
598 2593 631 2658 in
654 2593 824 2659 iuventute
848 2594 1036 2670 commisso,
1061 2593 1234 2677 siquando
1258 2598 1376 2678 postea
1398 2591 1461 2658 fecit

153 2683 389 2749 confessionem
412 2681 599 2765 generalem
624 2704 695 2748 eum
720 2683 831 2748 debita
853 2684 1120 2767 praeparatione,
1146 2705 1187 2748 ex
1211 2683 1461 2767 praesumptione
1496 2748 1509 2764 .

153 2772 288 2838 iudicari
312 2777 421 2855 potest
444 2771 567 2837 factam
591 2793 664 2836 esse
687 2771 940 2849 confessionem,
972 2771 1118 2854 adeoque
1147 2771 1227 2837 illud
1257 2794 1343 2838 nunc
1367 2779 1462 2838 tacere
1496 2799 1498 2802 >

153 2867 272 2946 potest.
305 2861 398 2926 Circa
421 2859 509 2925 aliud
532 2865 702 2943 peccatum
726 2861 826 2925 babet
846 2861 885 2925 de
899 2861 989 2943 facto
1006 2861 1211 2926 confessione
1227 2861 1360 2927 dubium
1376 2879 1462 2942 nega·

151 2951 255 3018 tivum
280 2955 419 3026 tantum,
444 2971 501 3014 seu
525 2949 685 3015 rationem
711 2949 886 3032 positivam
911 2949 1032 3014 nullam
1050 2951 1102 3015 vcl
1126 2952 1251 3026 levem3
1276 2955 1463 3035 quapropter
1498 3013 1518 3043 ,v

151 3041 229 3105 illud
255 3061 339 3105 nuno
363 3039 460 3104 debet
483 3039 640 3106 confiteri.
1512 3036 1518 3071 ³

90 3181 141 3234 353
241 3174 293 3238 An
315 3192 506 3247 quansrronr
528 3174 566 3236 3¹²
582 3171 619 3237 R.
666 3169 739 3235 Etsi
760 3173 932 3252 peccatum
952 3170 1031 3235 illud
1054 3191 1096 3235 ex
1117 3191 1153 3235 se
1177 3191 1350 3236 censuram
1371 3191 1466 3238 reser-
1502 3208 1508 3228 ι

151 3267 265 3327 vatam
287 3262 409 3326 habeat
431 3281 610 3337 annexam,
641 3259 674 3324 in
698 3259 795 3325 dubio
819 3281 957 3325 censura
987 3258 1117 3341 quidem
1140 3263 1312 3326 contracta
1335 3261 1390 3326 vel
1411 3280 1467 3325 non
1505 3278 1518 3316 t.

152 3355 323 3416 contracta
355 3354 406 3415 est
438 3371 497 3433 pro
532 3349 611 3414 facti
645 3349 802 3426 veritate,
838 3353 874 3414 at
909 3348 1090 3414 reservatio
1125 3370 1282 3414 censurae
1317 3370 1384 3415 non
1417 3369 1468 3414 en·
1508 3366 1511 3370 ⁴

151 3440 248 3506 sistit.
295 3439 501 3522 Quapropter
526 3438 663 3520 quilibet
688 3437 906 3502 confessarius
933 3437 1101 3503 Claudium
1130 3458 1150 3502 a
1175 3436 1314 3503 censura
1336 3438 1469 3504 liberare

153 3533 262 3612 potest
290 3533 323 3593 et
357 3528 495 3603 liberat,
530 3529 647 3592 saltem
683 3527 811 3608 quando
838 3527 919 3591 illud
949 3532 1138 3610 peccatum,
1171 3526 1233 3592 etsi
1264 3532 1302 3594 ut
1333 3528 1469 3602 dubium,
1515 3548 1518 3577 τ

152 3619 334 3683 confitetur.

240 3724 367 3804 Lugo,
398 3724 448 3787 De
465 3724 587 3806 poenit.
613 3721 694 3804 disp.
721 3724 779 3797 20,
811 3743 842 3786 n.
868 3723 910 3785 23
940 3721 1021 3786 haec
1050 3721 1166 3788 babet:
1203 3721 1407 3799 ,Absolvens
1426 3723 1471 3788 ‘ab

152 3813 278 3878 haeresi
303 3810 401 3876 dubia
417 3811 525 3875 valide
548 3811 700 3887 absolvit,
726 3816 760 3876 et
783 3809 945 3876 absolutio
962 3810 1094 3888 valebit,
1120 3811 1199 3876 licet
1214 3816 1332 3894 postea
1349 3816 1472 3878 constet

152 3902 192 3968 de
208 3901 403 3968 certitudine
419 3901 568 3965 incursae
585 3920 751 3966 censurae.
790 3899 865 3964 Non
881 3900 964 3964 enim
982 3899 1045 3965 fuit
1060 3899 1140 3966 data
1154 3900 1214 3964 sub
1231 3900 1420 3968 condicione
1436 3901 1472 3966 de
1515 3922 1518 3967 ι

152 3992 272 4069 futuro,
297 3990 423 4055 scilieet
446 3989 473 4053 si
489 3993 605 4073 postea
621 4011 684 4054 non
702 3992 870 4054 constaret
886 3988 926 4053 de
941 3989 1100 4065 veritate;
1126 3988 1201 4070 quia
1217 4011 1281 4055 non
1297 3995 1351 4057 est
1367 3991 1400 4056 in
1416 4011 1473 4055 usu
1515 3974 1518 4013 ¹

151 4081 318 4146 Ecclesiae
335 4079 412 4144 talis
427 4080 541 4143 modus
557 4078 747 4143 absolvendi
763 4078 804 4142 ab
821 4077 1172 4153 excommunicatione;
1189 4098 1269 4160 ergo
1285 4079 1313 4142 si
1329 4079 1364 4144 in
1380 4079 1472 4145 dubio
1516 4108 1518 4113 s

150 4170 278 4237 tollitur
300 4167 498 4245 reservatio,
524 4173 558 4233 et
581 4168 678 4232 datur
701 4171 849 4250 potestas
873 4166 1064 4232 absolvendi
1089 4188 1110 4231 a
1133 4188 1286 4244 censura,
1312 4169 1472 4235 absolutio

152 4261 262 4325 valida
285 4265 345 4335 est,
372 4257 526 4339 quidquid
550 4260 665 4340 postea
690 4261 917 4337 consequatur.
951 4256 984 4322 Si
1008 4260 1118 4321 autem
1142 4256 1243 4321 semel
1266 4256 1381 4323 valida
1404 4258 1472 4333 fuit,

151 4370 214 4412 non
238 4353 348 4432 potest
371 4352 486 4432 postea
510 4346 802 4411 excommunicatio
826 4344 932 4410 redire
956 4346 1026 4409 sine
1050 4366 1136 4410 nova
1152 4346 1257 4429 culpa.
1290 4346 1367 4412 Non
1392 4347 1473 4414 enim

151 4437 230 4503 data
252 4438 315 4502 fuit
338 4435 499 4501 absolutio
524 4437 565 4500 ad
589 4434 844 4508 reincidentiam,
870 4456 928 4499 nec
953 4435 1023 4499 dari
1047 4433 1170 4518 potuit,
1202 4434 1265 4499 nisi
1288 4435 1322 4500 in
1346 4437 1473 4503 casibus

149 4525 219 4590 iure
243 4525 425 4609 expressis,
454 4525 560 4607 qualis
584 4546 648 4588 uon
673 4529 724 4588 est
752 4524 832 4600 iste;
865 4544 943 4605 ergo
967 4528 1080 4589 manet
1110 4523 1282 4608 paenitens
1306 4526 1474 4592 absolutus

150 4616 190 4680 ab
215 4615 579 4680 excommunicatione.“
