3044 5174
131 271 172 335 18
580 266 620 320 De
638 267 817 321 sacramentis
835 267 995 335 generatim.

129 465 203 510 cere
226 464 291 509 non
314 443 399 510 tanti
432 447 483 509 est
512 443 636 526 negotii
666 464 771 525 neque
794 443 916 510 homini
939 443 1064 510 sineere
1094 445 1283 528 procedenti
1306 466 1366 530 per
1387 446 1446 512 Dei

127 533 271 617 gratiam
294 533 375 598 adeo
400 532 541 598 difficile.
586 533 671 598 Hinc
693 532 873 599 timendum
897 537 949 599 est
977 554 1019 599 ne
1041 533 1148 599 Titius
1170 535 1341 617 angustias
1365 538 1446 601 tem-

127 623 215 706 poris
247 621 466 705 praetendens
498 623 608 687 lucum
640 622 758 693 faciat:
792 622 889 704 idque
922 622 1021 688 etiarn
1053 624 1158 689 relate
1191 623 1232 688 ad
1265 629 1445 690 extremam

127 711 322 778 unctionem.
354 711 458 777 Multo
481 711 587 793 magis
609 711 715 776 relate
738 711 779 776 ad
796 711 976 795 baptismos
992 712 1130 778 collatos
1146 713 1330 797 putaverim
1352 734 1445 797 prac-

126 801 192 867 tice
216 822 291 866 eum
313 821 334 865 a
357 800 453 881 gravi
477 803 612 885 peccato
636 799 787 866 excusari
810 821 875 866 non
898 822 1004 885 posse.

83 922 117 977 25
216 908 254 973 Ιι.
280 910 310 972 3.
342 905 547 991 Baptismum
578 906 744 990 privatum
775 907 982 973 necessitatis
1013 907 1221 973 committens
1250 907 1321 974 viro
1351 908 1443 983 laico,

126 996 220 1078 eique
242 996 352 1079 impio,
377 994 557 1061 evitavitne
581 1017 658 1061 vere
674 1001 844 1079 peccatum
860 997 1009 1073 mortale,
1035 996 1120 1078 quod
1136 996 1350 1062 ministrando
1366 997 1445 1082 bap·

125 1085 258 1151 tismum
282 1085 521 1150 commisisset?

214 1174 350 1251 Fateor,
382 1173 411 1238 si
440 1174 602 1254 agebatur
631 1173 671 1239 de
701 1173 895 1257 baptizando
926 1173 1052 1239 infante
1081 1173 1168 1238 inter
1195 1173 1300 1258 ipsam
1330 1175 1443 1241 matris

127 1263 321 1339 sectionem,
346 1283 385 1328 eo
409 1263 495 1345 quod
518 1262 558 1327 de
582 1262 652 1328 vita
675 1262 761 1327 illico
784 1262 1048 1347 periclitabatur,
1080 1262 1239 1328 rationem
1263 1263 1443 1329 habendam
1479 1335 1482 1351 ,

126 1351 226 1417 fuisse
250 1351 381 1435 pudori,
413 1356 447 1416 et
477 1372 520 1417 ex
542 1352 604 1416 hae
628 1373 728 1417 causa
750 1355 820 1418 turn
844 1352 953 1436 potius
983 1351 1134 1434 chirurgo
1162 1372 1259 1433 quarn
1282 1352 1442 1419 sacerdoti

126 1440 392 1508 committendam
416 1461 488 1506 esse
512 1440 666 1524 baptismi
689 1441 906 1507 collationem.
938 1441 975 1505 ld
992 1461 1147 1524 expresse
1173 1440 1251 1506 dicit
1266 1441 1441 1508 Laeroix
1479 1510 1482 1515 ,

128 1531 148 1596 ι.
175 1534 210 1608 6,
241 1552 271 1614 p.
303 1531 328 1605 l,
360 1551 391 1596 ιι.
425 1531 487 1594 277
520 1530 560 1594 de
584 1529 799 1613 praeferenda
822 1529 962 1595 femina:
998 1529 1164 1611 ,Denique
1186 1530 1214 1594 si
1237 1529 1345 1595 infans
1368 1552 1441 1597 nec·
1479 1556 1482 1603 ι

126 1618 201 1683 dum
225 1618 376 1684 totaliter
398 1639 551 1700 egressus
575 1639 617 1684 ex
641 1623 736 1685 utero
759 1619 804 1685 sit
826 1618 1057 1703 baptizandus,
1090 1618 1207 1684 mulier
1229 1619 1441 1702 pracferenda
1480 1620 1482 1635 '

125 1713 177 1774 est
200 1708 390 1788 cuicumque
413 1708 495 1784 viro,
520 1707 619 1773 ctiam
636 1708 766 1792 proprio
783 1709 935 1793 parocho,
959 1707 1007 1773 sic
1023 1707 1109 1772 enim
1126 1707 1230 1789 exigit
1249 1708 1440 1784 honestae‘;
1477 1704 1482 1755 l

126 1818 224 1878 quam
253 1796 451 1863 sententiam
475 1797 507 1862 S.
531 1797 646 1880 Alph.
671 1797 736 1875 VI,
773 1800 832 1862 117
867 1797 948 1863 facit
971 1817 1074 1862 suam.
1121 1796 1174 1861 Ex
1205 1797 1276 1881 pari
1305 1796 1439 1875 ratione,

125 1886 211 1968 quod
242 1885 354 1951 dicunt
378 1886 418 1950 de
443 1885 577 1963 femina,
609 1885 747 1951 dixerim
771 1886 803 1950 in
829 1891 942 1951 nostra
965 1884 1187 1969 suppositione
1217 1886 1257 1951 de
1281 1886 1439 1969 chirurgo,
1476 1940 1480 1955 .

124 1974 152 2039 si
176 1974 271 2039 modo
295 1974 412 2040 confidi
435 1974 558 2059 possit,
583 1975 654 2040 fore
679 1980 715 2041 ut
738 1975 801 2040 rite
824 1975 933 2040 omnia
955 1980 1104 2058 praestet
1127 1994 1210 2057 quae
1234 1975 1275 2040 ad
1299 1975 1439 2040 validum

124 2064 321 2147 baptismum
344 2063 411 2130 sint
434 2063 628 2129 necessaria.

212 2160 335 2226 Verum
365 2161 450 2226 hauc
481 2161 641 2227 rationem
671 2161 804 2245 pudoris
827 2161 933 2227 Titius
963 2161 1150 2228 nullatenus
1180 2160 1300 2243 tetigit.
1347 2161 1438 2228 Unde

124 2250 378 2315 concludendum
402 2250 534 2315 videtur
555 2250 662 2315 locum
685 2250 838 2315 habuisse
861 2249 1058 2334 baptismum
1081 2250 1217 2316 infantis
1244 2250 1339 2335 plene
1362 2250 1437 2328 nati,
1479 2307 1482 2329 ,

124 2359 229 2421 neque
244 2339 389 2405 adfuisse
404 2340 581 2422 periculum
599 2339 776 2404 emoriendi
792 2343 868 2406 aute
884 2339 1093 2405 nativitatem
1110 2340 1300 2422 perfectam.
1336 2337 1438 2415 Quare
1480 2363 1482 2367 ·

124 2429 236 2493 valere
259 2427 372 2494 debuit
394 2428 510 2510 regula
533 2427 674 2493 Ritualie
698 2427 785 2493 circa
808 2428 1006 2511 baptismum
1029 2428 1252 2495 necessitatis:
1281 2428 1333 2506 ,Si
1357 2428 1438 2494 adsit
1477 2382 1482 2495 ι

124 2517 287 2594 sacerdos,
311 2517 447 2582 diacono
470 2517 687 2600 praeferatur,
712 2517 867 2582 diaconus
890 2517 1098 2595 subdiacono,
1123 2517 1259 2583 clericus
1283 2517 1383 2596 laico,
1406 2522 1437 2583 et
1478 2530 1482 2553 ¹

124 2607 175 2670 vir
198 2606 349 2684 feminae,
375 2610 471 2683 etc.“;
496 2606 535 2671 de
559 2627 624 2688 qua
647 2607 762 2688 regula
784 2609 879 2671 notat
902 2607 935 2672 S.
958 2606 1072 2689 Alph.
1096 2606 1118 2671 l.
1143 2627 1189 2682 c.,
1214 2627 1255 2671 ex
1278 2606 1436 2672 sententia
1478 2558 1482 2667 ι

123 2695 252 2762 omnino
276 2695 447 2771 communi,
472 2716 543 2761 eam
560 2694 755 2779 praescripti
770 2695 891 2759 ordinis
907 2695 1149 2779 perversionem
1166 2716 1230 2777 qua
1244 2695 1347 2760 laicus
1362 2716 1436 2778 prae
1480 2724 1482 2729 ·

121 2786 291 2850 sacerdote
321 2784 466 2868 baptizet
496 2805 568 2850 esse
601 2793 760 2870 peccotum
790 2787 939 2850 crudele:
973 2789 1025 2861 ,et
1055 2783 1127 2849 ideo
1158 2784 1258 2850 etiam
1288 2784 1436 2849 sacerdos

121 2874 270 2958 graviter
293 2877 462 2958 peccaret,
494 2873 522 2938 si
545 2873 628 2938 laico
652 2873 967 2938 administrationem
999 2875 1159 2938 cederes
1209 2874 1298 2955 Ergo
1328 2873 1436 2956 praxis

120 2962 197 3028 Titii
222 2985 285 3029 non
309 2966 382 3029 erat
406 2968 460 3027 via
484 2961 643 3027 evadendi
674 2963 731 3027 sed
761 2962 946 3027 incurrendi
980 2962 1108 3046 peccati
1130 2963 1279 3027 mortalis
1301 2967 1435 3029 reatum.

210 3061 359 3125 Ceterum
383 3060 416 3124 in
439 3064 552 3124 nostro
583 3081 660 3125 casu
684 3081 748 3125 ιιοιι
779 3060 896 3125 aderat
925 3064 1021 3126 tanta
1051 3081 1151 3125 eausa
1181 3059 1357 3142 quaerendi
1380 3060 1436 3124 hoc
1474 3038 1482 3129 ι

121 3149 293 3231 effugium,
319 3169 383 3230 quo
407 3149 590 3215 evitaretur
612 3153 782 3232 peceatum
807 3170 919 3230 grave.
962 3149 1095 3214 Minime
1119 3149 1204 3213 enim
1228 3154 1359 3215 constat
1381 3149 1435 3213 ad·

121 3237 300 3303 ministrari
324 3237 521 3321 baptismum
546 3238 710 3321 privatum
734 3238 941 3304 necessitatis
965 3240 1006 3303 ab
1030 3259 1085 3314 ιο,
1117 3238 1172 3321 qui
1195 3238 1228 3303 in
1251 3242 1341 3304 statu
1364 3259 1436 3321 pec·

121 3326 186 3391 eati
210 3332 278 3404 est,
310 3348 382 3393 esse
406 3349 448 3392 ex
472 3348 506 3392 se
530 3349 651 3392 novum
674 3331 844 3411 peccatum
869 3348 982 3408 grave.
1029 3328 1139 3408 Atque
1169 3327 1202 3391 in
1226 3327 1288 3392 hae
1311 3348 1346 3391 re
1370 3330 1435 3391 tum

120 3415 226 3482 Titius
250 3422 318 3483 tum
342 3416 513 3498 chirurgus
542 3417 574 3481 in
599 3416 729 3498 aequali
758 3416 946 3481 condicione
976 3417 1189 3499 probabiliter
1213 3417 1434 3481 versabantur.

120 3507 257 3573 Frustra
287 3506 389 3589 igitur
421 3505 592 3587 chirurgus
627 3505 876 3589 praeferebatur
908 3505 1004 3571 Titio.
1058 3505 1221 3570 Nimirum
1254 3505 1286 3572 S.
1319 3505 1433 3588 Alph.

120 3594 140 3660 l.
166 3617 192 3661 c.
217 3617 247 3661 n.
271 3599 313 3660 32
337 3594 484 3680 praelert
507 3595 636 3677 quidem
660 3594 860 3678 opinionem,
885 3616 969 3676 quae
992 3599 1085 3660 tenet
1108 3594 1268 3659 obiective
1292 3596 1436 3676 graviter
1474 3624 1482 3736 5

120 3684 247 3767 peccari
271 3685 341 3749 sive
364 3706 384 3749 a
407 3683 491 3749 laico
515 3684 586 3748 sive
609 3705 629 3749 a
653 3684 840 3760 sacerdote,
872 3683 982 3764 quiin
1006 3689 1094 3750 statu
1126 3683 1253 3767 peceati
1276 3683 1435 3748 exsistens

120 3772 316 3857 baptismum
341 3774 440 3837 etiam
464 3772 629 3858 privatum
652 3776 781 3838 tantum
805 3773 971 3850 conferat;
999 3793 1112 3837 verum
1136 3771 1335 3855 probabilem
1361 3771 1436 3837 dicit
1475 3743 1481 3853 Ι

120 3862 317 3927 contrariam
352 3863 560 3928 sententiam.
607 3862 711 3939 Quam
743 3862 959 3937 sententiam,
995 3883 1078 3943 quae
1114 3867 1165 3928 est
1200 3862 1231 3927 S.
1263 3861 1436 3926 Thomas
1471 3869 1482 3891 ⁴

119 3950 305 4032 Aquinat
291 3951 363 4028 t,is
395 3972 473 4016 sane
496 3956 632 4052 propter
654 3951 757 4016 solam
783 3959 859 4016 auct
846 3951 946 4017 ιιοιιι
947 3955 1015 4016 tem
1038 3951 1144 4016 Titius
1173 3950 1317 4033 practice
1346 3971 1435 4015 assu·

119 4061 208 4105 mere
225 4044 282 4123 pot
284 4039 340 4106 uit
317 4040 483 4106 tVerba
496 4042 581 4106 Dect
567 4040 648 4106 toris
664 4040 815 4121 Angelici
830 4045 907 4106 sunt
893 4040 1003 4106 thaec
1020 4039 1192 4118 (διιιιιιιιιιι
1181 4041 1270 4104 ι.ιιιιιι
1288 4043 1318 4117 3,
1336 4061 1367 4121 q.
1385 4041 1433 4115 64,

119 4149 148 4194 a.
175 4133 210 4204 6,
237 4129 278 4193 ad
302 4130 353 4210 3):
384 4128 437 4206 ,In
461 4129 598 4195 articulo
623 4133 734 4194 tamen
758 4130 920 4194 necessita
922 4129 965 4195 tis
989 4151 1053 4193 non
1076 4134 1230 4213 peccaret
1255 4125 1435 4284 [sacerdtos]

118 4218 198 4302 bapt
184 4180 350 4284 tizando
337 4241 372 4282 ιιι
397 4241 471 4283 casu
490 4223 521 4282 ιιι
538 4242 598 4304 que
616 4227 642 4283 et
644 4221 707 4282 iem
724 4226 824 4302 poseat
813 4221 949 4283 tloicus
966 4221 1068 4302 bapti
1058 4242 1149 4298 ιιιι,ι
1171 4218 1218 4282 ιιι
1234 4219 1318 4282 enirn
1335 4221 1434 4300 patet,

119 4308 204 4387 quod
227 4329 291 4371 non
315 4328 350 4372 se
374 4307 543 4373 exhiberet
566 4308 751 4373 ministrum
775 4308 958 4385 Ecclesiae,
990 4308 1046 4371 sed
1077 4307 1267 4373 subveniret
1252 4307 1435 4373 tinecess

117 4402 131 4462 t
134 4403 220 4462 ιιιιιι
245 4396 413 4479 patienti“

206 4626 286 4691 ιιι
293 4627 426 4692 ,ιιΟιιι
393 4628 552 4703 tvivat,
576 4647 616 4690 ιιι
641 4647 793 4708 umquam
816 4627 973 4691 recidat'
928 4632 997 4691 tin
1021 4633 1190 4710 peccatum
1215 4628 1363 4694 mortale

74 4535 107 4588 26
206 4522 257 4583 lin
282 4524 535 4595 prinnannus*
560 4542 601 4585 ex
625 4521 719 4586 dietis
742 4528 800 4604 pat
802 4526 1059 4603 etresponsum.
1107 4521 1220 4587 Βιιιιιι
1206 4525 1274 4587 tzor
1472 4477 1482 4796 l

1469 4941 1482 5140 l
