<?xml version="1.0" encoding="UTF-8"?>
<!DOCTYPE html PUBLIC "-//W3C//DTD XHTML 1.0 Transitional//EN"
    "http://www.w3.org/TR/xhtml1/DTD/xhtml1-transitional.dtd">
<html xmlns="http://www.w3.org/1999/xhtml" xml:lang="en" lang="en">
 <head>
  <title>
</title>
<meta http-equiv="Content-Type" content="text/html;charset=utf-8" />
  <meta name='ocr-system' content='tesseract 3.04.00' />
  <meta name='ocr-capabilities' content='ocr_page ocr_carea ocr_par ocr_line ocrx_word'/>
</head>
<body>
  <div class='ocr_page' id='page_1' title='image "./casusconscienti00lehmgoog_0179.png"; bbox 0 0 3044 5174; ppageno 0'>
   <div class='ocr_carea' id='block_1_1' title="bbox 374 106 1387 172">
    <p class='ocr_par' dir='ltr' id='par_1_1' title="bbox 374 106 1387 172">
     <span class='ocr_line' id='line_1_1' title="bbox 374 106 1387 172; baseline -0.002 -9"><span class='ocrx_word' id='word_1_1' title='bbox 374 109 475 163; x_wconf 83' lang='lat' dir='ltr'><strong>Missae</strong></span> <span class='ocrx_word' id='word_1_2' title='bbox 494 109 648 163; x_wconf 80' lang='lat' dir='ltr'>celebratio.</span> <span class='ocrx_word' id='word_1_3' title='bbox 670 139 701 148; x_wconf 96' lang='lat'>-</span> <span class='ocrx_word' id='word_1_4' title='bbox 721 106 883 161; x_wconf 84' lang='lat' dir='ltr'><strong>Observatio</strong></span> <span class='ocrx_word' id='word_1_5' title='bbox 902 106 1079 160; x_wconf 85' lang='lat' dir='ltr'><strong>rubricarum.</strong></span> <span class='ocrx_word' id='word_1_6' title='bbox 1326 109 1387 172; x_wconf 83' lang='lat'><strong>157</strong></span> 
     </span>
    </p>
   </div>
   <div class='ocr_carea' id='block_1_2' title="bbox 10 286 1388 768">
    <p class='ocr_par' dir='ltr' id='par_1_2' title="bbox 53 286 1388 688">
     <span class='ocr_line' id='line_1_2' title="bbox 144 286 1388 367; baseline -0.005 -17"><span class='ocrx_word' id='word_1_7' title='bbox 144 289 233 350; x_wconf 85' lang='lat' dir='ltr'>Idem</span> <span class='ocrx_word' id='word_1_8' title='bbox 255 309 322 350; x_wconf 91' lang='lat' dir='ltr'><strong>oum</strong></span> <span class='ocrx_word' id='word_1_9' title='bbox 344 290 390 349; x_wconf 92' lang='lat' dir='ltr'><strong>die</strong></span> <span class='ocrx_word' id='word_1_10' title='bbox 410 291 574 367; x_wconf 89' lang='lat' dir='ltr'><strong>palmarum</strong></span> <span class='ocrx_word' id='word_1_11' title='bbox 596 291 721 349; x_wconf 75' lang='lat' dir='ltr'><strong>instaret</strong></span> <span class='ocrx_word' id='word_1_12' title='bbox 741 289 800 348; x_wconf 88' lang='lat' dir='ltr'><strong>iter</strong></span> <span class='ocrx_word' id='word_1_13' title='bbox 820 286 1004 354; x_wconf 79' lang='lat' dir='ltr'><strong>faciendum,</strong></span> <span class='ocrx_word' id='word_1_14' title='bbox 1026 287 1125 346; x_wconf 87' lang='lat' dir='ltr'><strong>oruisit</strong></span> <span class='ocrx_word' id='word_1_15' title='bbox 1147 287 1301 346; x_wconf 74' lang='lat' dir='ltr'><strong>historiam</strong></span> <span class='ocrx_word' id='word_1_16' title='bbox 1323 306 1388 364; x_wconf 86' lang='lat' dir='ltr'><strong>pas·</strong></span> 
     </span>
     <span class='ocr_line' id='line_1_3' title="bbox 53 366 1387 448; baseline -0.002 -21"><span class='ocrx_word' id='word_1_17' title='bbox 53 367 152 429; x_wconf 81' lang='lat' dir='ltr'><strong>sionis</strong></span> <span class='ocrx_word' id='word_1_18' title='bbox 173 374 299 448; x_wconf 85' lang='lat' dir='ltr'><strong>praeter</strong></span> <span class='ocrx_word' id='word_1_19' title='bbox 319 370 452 430; x_wconf 84' lang='lat' dir='ltr'><strong>ultimam</strong></span> <span class='ocrx_word' id='word_1_20' title='bbox 472 376 588 447; x_wconf 85' lang='lat' dir='ltr'><strong>partem</strong></span> <span class='ocrx_word' id='word_1_21' title='bbox 609 371 674 429; x_wconf 91' lang='lat' dir='ltr'><strong>loco</strong></span> <span class='ocrx_word' id='word_1_22' title='bbox 695 368 859 444; x_wconf 76' lang='lat' dir='ltr'><strong>evangelii3</strong></span> <span class='ocrx_word' id='word_1_23' title='bbox 888 366 942 427; x_wconf 83' lang='grc'>111.</span> <span class='ocrx_word' id='word_1_24' title='bbox 964 367 1007 425; x_wconf 93' lang='lat' dir='ltr'><strong>IV</strong></span> <span class='ocrx_word' id='word_1_25' title='bbox 1029 367 1150 426; x_wconf 88' lang='lat' dir='ltr'><strong>maioris</strong></span> <span class='ocrx_word' id='word_1_26' title='bbox 1177 367 1387 436; x_wconf 80' lang='lat' dir='ltr'>hebdomadae,</span> 
     </span>
     <span class='ocr_line' id='line_1_4' title="bbox 55 447 1388 526; baseline -0.003 -17"><span class='ocrx_word' id='word_1_27' title='bbox 55 455 184 524; x_wconf 80' lang='lat' dir='ltr'><strong>urgente</strong></span> <span class='ocrx_word' id='word_1_28' title='bbox 206 450 337 526; x_wconf 79' lang='lat' dir='ltr'><strong>negotio,</strong></span> <span class='ocrx_word' id='word_1_29' title='bbox 360 451 449 510; x_wconf 89' lang='lat' dir='ltr'><strong>sumit</strong></span> <span class='ocrx_word' id='word_1_30' title='bbox 469 451 590 510; x_wconf 87' lang='lat' dir='ltr'><strong>misaam</strong></span> <span class='ocrx_word' id='word_1_31' title='bbox 611 449 744 509; x_wconf 80' lang='lat' dir='ltr'><strong>votivam</strong></span> <span class='ocrx_word' id='word_1_32' title='bbox 765 450 800 508; x_wconf 94' lang='lat' dir='ltr'><strong>de</strong></span> <span class='ocrx_word' id='word_1_33' title='bbox 822 447 970 525; x_wconf 84' lang='lat' dir='ltr'>passione.</span> <span class='ocrx_word' id='word_1_34' title='bbox 992 480 1031 487; x_wconf 90' lang='lat'>—</span> <span class='ocrx_word' id='word_1_35' title='bbox 1052 447 1218 522; x_wconf 88' lang='lat' dir='ltr'><strong>Aliquoties</strong></span> <span class='ocrx_word' id='word_1_36' title='bbox 1239 448 1327 507; x_wconf 90' lang='lat' dir='ltr'><strong>etiam</strong></span> <span class='ocrx_word' id='word_1_37' title='bbox 1350 466 1388 506; x_wconf 77' lang='lat' dir='ltr'><strong>aa</strong></span> 
     </span>
     <span class='ocr_line' id='line_1_5' title="bbox 57 527 1388 608; baseline -0.001 -22"><span class='ocrx_word' id='word_1_38' title='bbox 57 530 185 604; x_wconf 81' lang='lat' dir='ltr'><strong>quedam</strong></span> <span class='ocrx_word' id='word_1_39' title='bbox 207 531 325 591; x_wconf 87' lang='lat' dir='ltr'><strong>incuria</strong></span> <span class='ocrx_word' id='word_1_40' title='bbox 346 538 376 590; x_wconf 91' lang='lat' dir='ltr'><strong>et</strong></span> <span class='ocrx_word' id='word_1_41' title='bbox 403 531 633 608; x_wconf 74' lang='lat' dir='ltr'><strong>praecipitantia</strong></span> <span class='ocrx_word' id='word_1_42' title='bbox 661 531 788 588; x_wconf 88' lang='lat' dir='ltr'><strong>mutavit</strong></span> <span class='ocrx_word' id='word_1_43' title='bbox 808 527 963 604; x_wconf 87' lang='lat' dir='ltr'><strong>epistolam</strong></span> <span class='ocrx_word' id='word_1_44' title='bbox 985 529 1032 585; x_wconf 81' lang='lat' dir='ltr'><strong>val</strong></span> <span class='ocrx_word' id='word_1_45' title='bbox 1060 527 1247 602; x_wconf 81' lang='lat' dir='ltr'><strong>evangelium</strong></span> <span class='ocrx_word' id='word_1_46' title='bbox 1268 527 1388 587; x_wconf 79' lang='grc'>(1111111-</span> 
     </span>
     <span class='ocr_line' id='line_1_6' title="bbox 60 608 1388 688; baseline -0.001 -21"><span class='ocrx_word' id='word_1_47' title='bbox 60 610 134 669; x_wconf 84' lang='lat' dir='ltr'><strong>soria</strong></span> <span class='ocrx_word' id='word_1_48' title='bbox 157 631 227 670; x_wconf 88' lang='lat' dir='ltr'><strong>eum</strong></span> <span class='ocrx_word' id='word_1_49' title='bbox 249 611 287 670; x_wconf 88' lang='lat' dir='ltr'><strong>iia</strong></span> <span class='ocrx_word' id='word_1_50' title='bbox 309 631 384 686; x_wconf 88' lang='lat' dir='ltr'><strong>quae</strong></span> <span class='ocrx_word' id='word_1_51' title='bbox 405 616 548 670; x_wconf 88' lang='lat' dir='ltr'><strong>notantur</strong></span> <span class='ocrx_word' id='word_1_52' title='bbox 568 630 621 688; x_wconf 90' lang='lat' dir='ltr'><strong>pro</strong></span> <span class='ocrx_word' id='word_1_53' title='bbox 643 610 779 684; x_wconf 80' lang='lat' dir='ltr'><strong>Virgine:</strong></span> <span class='ocrx_word' id='word_1_54' title='bbox 807 609 884 685; x_wconf 89' lang='lat' dir='ltr'><strong>quod</strong></span> <span class='ocrx_word' id='word_1_55' title='bbox 912 626 978 666; x_wconf 90' lang='lat' dir='ltr'><strong>cum</strong></span> <span class='ocrx_word' id='word_1_56' title='bbox 1000 608 1181 682; x_wconf 88' lang='lat' dir='ltr'><strong>aliquantum</strong></span> <span class='ocrx_word' id='word_1_57' title='bbox 1212 627 1388 684; x_wconf 84' lang='lat' dir='ltr'><strong>progressus</strong></span> 
     </span>
    </p>

    <p class='ocr_par' dir='ltr' id='par_1_3' title="bbox 10 688 1207 768">
     <span class='ocr_line' id='line_1_7' title="bbox 10 688 1207 768; baseline -0.002 -21"><span class='ocrx_word' id='word_1_58' title='bbox 10 688 14 723; x_wconf 77' lang='lat'><em>¹</em></span> <span class='ocrx_word' id='word_1_59' title='bbox 60 690 281 761; x_wconf 73' lang='lat' dir='ltr'><strong>animadvertit</strong></span> <span class='ocrx_word' id='word_1_60' title='bbox 304 696 404 750; x_wconf 88' lang='lat' dir='ltr'><strong>tamen</strong></span> <span class='ocrx_word' id='word_1_61' title='bbox 425 711 460 749; x_wconf 90' lang='grc'><strong>11</strong></span> <span class='ocrx_word' id='word_1_62' title='bbox 482 711 557 766; x_wconf 90' lang='lat' dir='ltr'><strong>quae</strong></span> <span class='ocrx_word' id='word_1_63' title='bbox 578 690 688 768; x_wconf 85' lang='lat' dir='ltr'><strong>incepit</strong></span> <span class='ocrx_word' id='word_1_64' title='bbox 710 689 839 748; x_wconf 84' lang='lat' dir='ltr'><strong>absolvit</strong></span> <span class='ocrx_word' id='word_1_65' title='bbox 861 707 954 763; x_wconf 86' lang='lat' dir='ltr'><strong>neque</strong></span> <span class='ocrx_word' id='word_1_66' title='bbox 977 688 1056 746; x_wconf 87' lang='lat' dir='ltr'><strong>dicta</strong></span> <span class='ocrx_word' id='word_1_67' title='bbox 1078 688 1207 763; x_wconf 84' lang='lat' dir='ltr'><strong>corrigit.</strong></span> 
     </span>
    </p>
   </div>
   <div class='ocr_carea' id='block_1_3' title="bbox 10 801 1098 978">
    <p class='ocr_par' dir='ltr' id='par_1_4' title="bbox 10 801 1098 978">
     <span class='ocr_line' id='line_1_8' title="bbox 10 801 1098 913; baseline -0.002 -50"><span class='ocrx_word' id='word_1_68' title='bbox 10 820 20 913; x_wconf 59' lang='lat' dir='ltr'><strong>p</strong></span> <span class='ocrx_word' id='word_1_69' title='bbox 62 801 241 872; x_wconf 74' lang='lat' dir='ltr'><strong>chuarroa</strong></span> <span class='ocrx_word' id='word_1_70' title='bbox 264 807 292 862; x_wconf 80' lang='lat'><strong>1⁰</strong></span> <span class='ocrx_word' id='word_1_71' title='bbox 313 805 399 882; x_wconf 89' lang='lat' dir='ltr'><strong>quale</strong></span> <span class='ocrx_word' id='word_1_72' title='bbox 420 810 576 882; x_wconf 87' lang='lat' dir='ltr'><strong>peceatum</strong></span> <span class='ocrx_word' id='word_1_73' title='bbox 596 805 636 864; x_wconf 90' lang='lat' dir='ltr'><strong>sit</strong></span> <span class='ocrx_word' id='word_1_74' title='bbox 657 805 768 880; x_wconf 90' lang='lat' dir='ltr'><strong>aliquid</strong></span> <span class='ocrx_word' id='word_1_75' title='bbox 789 804 819 863; x_wconf 90' lang='lat' dir='ltr'><strong>iu</strong></span> <span class='ocrx_word' id='word_1_76' title='bbox 842 802 933 862; x_wconf 88' lang='lat' dir='ltr'><strong>missa</strong></span> <span class='ocrx_word' id='word_1_77' title='bbox 955 803 1098 862; x_wconf 87' lang='lat' dir='ltr'><strong>omittere.</strong></span> 
     </span>
     <span class='ocr_line' id='line_1_9' title="bbox 260 901 1069 978; baseline 0 -18"><span class='ocrx_word' id='word_1_78' title='bbox 260 903 290 960; x_wconf 85' lang='grc' dir='ltr'><strong>2ο</strong></span> <span class='ocrx_word' id='word_1_79' title='bbox 312 902 380 978; x_wconf 90' lang='lat' dir='ltr'><strong>quid</strong></span> <span class='ocrx_word' id='word_1_80' title='bbox 402 902 439 961; x_wconf 92' lang='lat' dir='ltr'><strong>de</strong></span> <span class='ocrx_word' id='word_1_81' title='bbox 459 901 586 962; x_wconf 81' lang='lat' dir='ltr'><strong>Celerini</strong></span> <span class='ocrx_word' id='word_1_82' title='bbox 608 902 716 978; x_wconf 84' lang='lat' dir='ltr'><strong>agendi</strong></span> <span class='ocrx_word' id='word_1_83' title='bbox 736 902 851 962; x_wconf 89' lang='lat' dir='ltr'><strong>ratione</strong></span> <span class='ocrx_word' id='word_1_84' title='bbox 872 901 1069 960; x_wconf 88' lang='lat' dir='ltr'><strong>iudicandum.</strong></span> 
     </span>
    </p>
   </div>
   <div class='ocr_carea' id='block_1_4' title="bbox 11 1094 795 1165">
    <p class='ocr_par' dir='ltr' id='par_1_5' title="bbox 11 1094 795 1165">
     <span class='ocr_line' id='line_1_10' title="bbox 11 1094 795 1165; baseline -0.006 0"><span class='ocrx_word' id='word_1_85' title='bbox 11 1136 19 1165; x_wconf 72' lang='grc'><strong>1</strong></span> <span class='ocrx_word' id='word_1_86' title='bbox 658 1094 795 1162; x_wconf 85' lang='lat' dir='ltr'><strong>Solutio.</strong></span> 
     </span>
    </p>
   </div>
   <div class='ocr_carea' id='block_1_5' title="bbox 10 1234 1448 1765">
    <p class='ocr_par' dir='ltr' id='par_1_6' title="bbox 63 1234 1448 1497">
     <span class='ocr_line' id='line_1_11' title="bbox 149 1234 1448 1318; baseline -0.002 -16"><span class='ocrx_word' id='word_1_87' title='bbox 149 1235 205 1302; x_wconf 82' lang='lat' dir='ltr'><strong>Au</strong></span> <span class='ocrx_word' id='word_1_88' title='bbox 235 1255 428 1313; x_wconf 76' lang='grc'>1111111111</span> <span class='ocrx_word' id='word_1_89' title='bbox 460 1238 498 1301; x_wconf 74' lang='lat' dir='ltr'><strong>l&#39;n</strong></span> <span class='ocrx_word' id='word_1_90' title='bbox 527 1235 566 1303; x_wconf 91' lang='lat' dir='ltr'><strong>R.</strong></span> <span class='ocrx_word' id='word_1_91' title='bbox 600 1239 627 1303; x_wconf 92' lang='lat'><strong>1.</strong></span> <span class='ocrx_word' id='word_1_92' title='bbox 682 1234 844 1302; x_wconf 87' lang='lat' dir='ltr'><strong>Omittere</strong></span> <span class='ocrx_word' id='word_1_93' title='bbox 876 1235 1050 1318; x_wconf 90' lang='lat' dir='ltr'><strong>quidquam</strong></span> <span class='ocrx_word' id='word_1_94' title='bbox 1084 1256 1127 1300; x_wconf 83' lang='lat' dir='ltr'><strong>ex</strong></span> <span class='ocrx_word' id='word_1_95' title='bbox 1158 1235 1198 1300; x_wconf 91' lang='lat' dir='ltr'><strong>iis</strong></span> <span class='ocrx_word' id='word_1_96' title='bbox 1220 1255 1314 1317; x_wconf 61' lang='lat' dir='ltr'><strong>,quae</strong></span> <span class='ocrx_word' id='word_1_97' title='bbox 1346 1235 1448 1301; x_wconf 76' lang='grc'>111211</span> 
     </span>
     <span class='ocr_line' id='line_1_12' title="bbox 63 1323 1387 1408; baseline 0 -18"><span class='ocrx_word' id='word_1_98' title='bbox 63 1325 181 1392; x_wconf 88' lang='lat' dir='ltr'><strong>missae</strong></span> <span class='ocrx_word' id='word_1_99' title='bbox 205 1324 380 1391; x_wconf 82' lang='lat' dir='ltr'><strong>formulam</strong></span> <span class='ocrx_word' id='word_1_100' title='bbox 410 1324 463 1390; x_wconf 94' lang='lat' dir='ltr'><strong>die</strong></span> <span class='ocrx_word' id='word_1_101' title='bbox 485 1323 655 1407; x_wconf 85' lang='lat' dir='ltr'><strong>assignato</strong></span> <span class='ocrx_word' id='word_1_102' title='bbox 686 1324 856 1391; x_wconf 84' lang='lat' dir='ltr'><strong>dicendam</strong></span> <span class='ocrx_word' id='word_1_103' title='bbox 880 1324 1046 1408; x_wconf 89' lang='lat' dir='ltr'><strong>pertinent</strong></span> <span class='ocrx_word' id='word_1_104' title='bbox 1076 1345 1134 1408; x_wconf 91' lang='lat' dir='ltr'><strong>per</strong></span> <span class='ocrx_word' id='word_1_105' title='bbox 1158 1345 1194 1390; x_wconf 91' lang='lat' dir='ltr'><strong>se</strong></span> <span class='ocrx_word' id='word_1_106' title='bbox 1216 1328 1387 1408; x_wconf 86' lang='lat' dir='ltr'><strong>peccatum</strong></span> 
     </span>
     <span class='ocr_line' id='line_1_13' title="bbox 64 1413 1388 1497; baseline 0 -17"><span class='ocrx_word' id='word_1_107' title='bbox 64 1418 123 1491; x_wconf 87' lang='lat' dir='ltr'><strong>est,</strong></span> <span class='ocrx_word' id='word_1_108' title='bbox 147 1414 248 1497; x_wconf 88' lang='lat' dir='ltr'><strong>idque</strong></span> <span class='ocrx_word' id='word_1_109' title='bbox 271 1434 375 1496; x_wconf 83' lang='lat' dir='ltr'><strong>grave</strong></span> <span class='ocrx_word' id='word_1_110' title='bbox 398 1434 578 1496; x_wconf 85' lang='lat' dir='ltr'><strong>exgenere</strong></span> <span class='ocrx_word' id='word_1_111' title='bbox 601 1435 659 1480; x_wconf 91' lang='lat' dir='ltr'><strong>suo</strong></span> <span class='ocrx_word' id='word_1_112' title='bbox 683 1435 747 1478; x_wconf 91' lang='lat' dir='ltr'><strong>non</strong></span> <span class='ocrx_word' id='word_1_113' title='bbox 772 1417 853 1492; x_wconf 88' lang='lat' dir='ltr'><strong>toto,</strong></span> <span class='ocrx_word' id='word_1_114' title='bbox 878 1435 936 1480; x_wconf 86' lang='lat' dir='ltr'><strong>sen</strong></span> <span class='ocrx_word' id='word_1_115' title='bbox 952 1413 1020 1480; x_wconf 89' lang='lat' dir='ltr'><strong>tale</strong></span> <span class='ocrx_word' id='word_1_116' title='bbox 1036 1413 1122 1496; x_wconf 90' lang='lat' dir='ltr'><strong>quod</strong></span> <span class='ocrx_word' id='word_1_117' title='bbox 1138 1413 1295 1480; x_wconf 85' lang='lat' dir='ltr'><strong>admittat</strong></span> <span class='ocrx_word' id='word_1_118' title='bbox 1318 1435 1388 1480; x_wconf 90' lang='lat' dir='ltr'><strong>ma-</strong></span> 
     </span>
    </p>

    <p class='ocr_par' dir='ltr' id='par_1_7' title="bbox 10 1502 1389 1765">
     <span class='ocr_line' id='line_1_14' title="bbox 10 1502 1388 1615; baseline -0.002 -45"><span class='ocrx_word' id='word_1_119' title='bbox 10 1502 19 1615; x_wconf 80' lang='grc' dir='ltr'>Ι</span> <span class='ocrx_word' id='word_1_120' title='bbox 63 1503 167 1570; x_wconf 85' lang='lat' dir='ltr'><strong>toriae</strong></span> <span class='ocrx_word' id='word_1_121' title='bbox 198 1503 410 1588; x_wconf 80' lang='lat' dir='ltr'><strong>parvitatem.</strong></span> <span class='ocrx_word' id='word_1_122' title='bbox 461 1502 616 1569; x_wconf 90' lang='lat' dir='ltr'><strong>Parvitas</strong></span> <span class='ocrx_word' id='word_1_123' title='bbox 649 1507 759 1570; x_wconf 90' lang='lat' dir='ltr'><strong>autem</strong></span> <span class='ocrx_word' id='word_1_124' title='bbox 792 1503 845 1568; x_wconf 89' lang='lat' dir='ltr'><strong>vel</strong></span> <span class='ocrx_word' id='word_1_125' title='bbox 878 1502 1027 1586; x_wconf 80' lang='lat' dir='ltr'><strong>gravitas</strong></span> <span class='ocrx_word' id='word_1_126' title='bbox 1059 1502 1218 1569; x_wconf 89' lang='lat' dir='ltr'><strong>materiae</strong></span> <span class='ocrx_word' id='word_1_127' title='bbox 1249 1524 1313 1568; x_wconf 88' lang='lat' dir='ltr'><strong>nou</strong></span> <span class='ocrx_word' id='word_1_128' title='bbox 1346 1524 1388 1569; x_wconf 84' lang='lat' dir='ltr'><strong>ex</strong></span> 
     </span>
     <span class='ocr_line' id='line_1_15' title="bbox 11 1590 1389 1697; baseline 0 -39"><span class='ocrx_word' id='word_1_129' title='bbox 11 1642 17 1697; x_wconf 60' lang='grc' dir='ltr'>Ι</span> <span class='ocrx_word' id='word_1_130' title='bbox 63 1592 131 1658; x_wconf 87' lang='grc'>1111</span> <span class='ocrx_word' id='word_1_131' title='bbox 154 1590 321 1659; x_wconf 88' lang='lat' dir='ltr'><strong>materiali</strong></span> <span class='ocrx_word' id='word_1_132' title='bbox 344 1590 569 1676; x_wconf 84' lang='lat' dir='ltr'><strong>magnitudine</strong></span> <span class='ocrx_word' id='word_1_133' title='bbox 599 1592 652 1657; x_wconf 88' lang='lat' dir='ltr'><strong>vel</strong></span> <span class='ocrx_word' id='word_1_134' title='bbox 682 1591 850 1676; x_wconf 87' lang='lat' dir='ltr'><strong>parvitate</strong></span> <span class='ocrx_word' id='word_1_135' title='bbox 882 1592 1093 1669; x_wconf 87' lang='lat' dir='ltr'><strong>aestimatur,</strong></span> <span class='ocrx_word' id='word_1_136' title='bbox 1124 1591 1182 1656; x_wconf 90' lang='lat' dir='ltr'><strong>sed</strong></span> <span class='ocrx_word' id='word_1_137' title='bbox 1212 1592 1312 1658; x_wconf 89' lang='lat' dir='ltr'><strong>etiam</strong></span> <span class='ocrx_word' id='word_1_138' title='bbox 1336 1613 1389 1658; x_wconf 88' lang='lat' dir='ltr'><strong>se-</strong></span> 
     </span>
     <span class='ocr_line' id='line_1_16' title="bbox 64 1679 789 1765; baseline -0.001 -18"><span class='ocrx_word' id='word_1_139' title='bbox 64 1681 204 1747; x_wconf 90' lang='lat' dir='ltr'><strong>cundum</strong></span> <span class='ocrx_word' id='word_1_140' title='bbox 227 1680 392 1747; x_wconf 87' lang='lat' dir='ltr'><strong>diversam</strong></span> <span class='ocrx_word' id='word_1_141' title='bbox 415 1679 558 1765; x_wconf 87' lang='lat' dir='ltr'><strong>partium</strong></span> <span class='ocrx_word' id='word_1_142' title='bbox 583 1681 789 1764; x_wconf 84' lang='lat' dir='ltr'><strong>dignitatem.</strong></span> 
     </span>
    </p>
   </div>
   <div class='ocr_carea' id='block_1_6' title="bbox 64 1786 1388 2138">
    <p class='ocr_par' dir='ltr' id='par_1_8' title="bbox 64 1786 1388 2138">
     <span class='ocr_line' id='line_1_17' title="bbox 149 1786 1388 1870; baseline 0 -17"><span class='ocrx_word' id='word_1_143' title='bbox 149 1787 190 1854; x_wconf 86' lang='lat' dir='ltr'><strong>R.</strong></span> <span class='ocrx_word' id='word_1_144' title='bbox 209 1790 240 1853; x_wconf 84' lang='lat'><strong>2.</strong></span> <span class='ocrx_word' id='word_1_145' title='bbox 273 1786 442 1853; x_wconf 80' lang='lat' dir='ltr'><strong>Generalis</strong></span> <span class='ocrx_word' id='word_1_146' title='bbox 466 1787 626 1870; x_wconf 89' lang='lat' dir='ltr'><strong>quaedam</strong></span> <span class='ocrx_word' id='word_1_147' title='bbox 650 1787 763 1869; x_wconf 88' lang='lat' dir='ltr'><strong>regula</strong></span> <span class='ocrx_word' id='word_1_148' title='bbox 787 1790 855 1852; x_wconf 90' lang='lat' dir='ltr'><strong>est:</strong></span> <span class='ocrx_word' id='word_1_149' title='bbox 882 1787 914 1869; x_wconf 84' lang='lat'><strong>1)</strong></span> <span class='ocrx_word' id='word_1_150' title='bbox 930 1786 963 1852; x_wconf 90' lang='lat' dir='ltr'><strong>in</strong></span> <span class='ocrx_word' id='word_1_151' title='bbox 988 1807 1111 1853; x_wconf 88' lang='lat' dir='ltr'><strong>canone</strong></span> <span class='ocrx_word' id='word_1_152' title='bbox 1136 1787 1266 1852; x_wconf 88' lang='lat' dir='ltr'><strong>omissio</strong></span> <span class='ocrx_word' id='word_1_153' title='bbox 1290 1787 1388 1869; x_wconf 83' lang='lat' dir='ltr'><strong>longe</strong></span> 
     </span>
     <span class='ocr_line' id='line_1_18' title="bbox 64 1875 1388 1959; baseline 0 -18"><span class='ocrx_word' id='word_1_154' title='bbox 64 1876 191 1943; x_wconf 79' lang='lat' dir='ltr'><strong>facilius</strong></span> <span class='ocrx_word' id='word_1_155' title='bbox 220 1876 334 1959; x_wconf 82' lang='lat' dir='ltr'><strong>gravis</strong></span> <span class='ocrx_word' id='word_1_156' title='bbox 357 1879 409 1942; x_wconf 89' lang='lat' dir='ltr'><strong>est</strong></span> <span class='ocrx_word' id='word_1_157' title='bbox 431 1897 529 1959; x_wconf 89' lang='lat' dir='ltr'><strong>quam</strong></span> <span class='ocrx_word' id='word_1_158' title='bbox 552 1879 648 1942; x_wconf 84' lang='lat' dir='ltr'><strong>extra</strong></span> <span class='ocrx_word' id='word_1_159' title='bbox 672 1896 845 1949; x_wconf 87' lang='lat' dir='ltr'><strong>canonem;</strong></span> <span class='ocrx_word' id='word_1_160' title='bbox 878 1875 911 1957; x_wconf 85' lang='grc'><strong>2)</strong></span> <span class='ocrx_word' id='word_1_161' title='bbox 935 1880 1031 1942; x_wconf 86' lang='lat' dir='ltr'><strong>extra</strong></span> <span class='ocrx_word' id='word_1_162' title='bbox 1055 1896 1213 1942; x_wconf 89' lang='lat' dir='ltr'><strong>canonem</strong></span> <span class='ocrx_word' id='word_1_163' title='bbox 1236 1876 1388 1942; x_wconf 89' lang='lat' dir='ltr'><strong>omittere</strong></span> 
     </span>
     <span class='ocr_line' id='line_1_19' title="bbox 65 1964 1387 2050; baseline -0.001 -18"><span class='ocrx_word' id='word_1_164' title='bbox 65 1986 117 2032; x_wconf 86' lang='lat' dir='ltr'><strong>eas</strong></span> <span class='ocrx_word' id='word_1_165' title='bbox 140 1968 256 2050; x_wconf 86' lang='lat' dir='ltr'><strong>partes</strong></span> <span class='ocrx_word' id='word_1_166' title='bbox 279 1986 363 2049; x_wconf 89' lang='lat' dir='ltr'><strong>quaa</strong></span> <span class='ocrx_word' id='word_1_167' title='bbox 386 1964 420 2030; x_wconf 91' lang='lat' dir='ltr'><strong>in</strong></span> <span class='ocrx_word' id='word_1_168' title='bbox 444 1985 638 2049; x_wconf 88' lang='lat' dir='ltr'><strong>unaquaque</strong></span> <span class='ocrx_word' id='word_1_169' title='bbox 653 1964 763 2043; x_wconf 86' lang='lat' dir='ltr'><strong>missa,</strong></span> <span class='ocrx_word' id='word_1_170' title='bbox 788 1964 864 2032; x_wconf 89' lang='lat' dir='ltr'><strong>licet</strong></span> <span class='ocrx_word' id='word_1_171' title='bbox 881 1965 1011 2031; x_wconf 88' lang='lat' dir='ltr'><strong>diversa</strong></span> <span class='ocrx_word' id='word_1_172' title='bbox 1027 1964 1177 2044; x_wconf 83' lang='lat' dir='ltr'><strong>formula,</strong></span> <span class='ocrx_word' id='word_1_173' title='bbox 1202 1968 1387 2044; x_wconf 86' lang='lat' dir='ltr'><strong>occurrunt,</strong></span> 
     </span>
     <span class='ocr_line' id='line_1_20' title="bbox 65 2053 937 2138; baseline 0 -18"><span class='ocrx_word' id='word_1_174' title='bbox 65 2055 166 2122; x_wconf 87' lang='lat' dir='ltr'><strong>multo</strong></span> <span class='ocrx_word' id='word_1_175' title='bbox 190 2053 322 2121; x_wconf 82' lang='lat' dir='ltr'><strong>facilius</strong></span> <span class='ocrx_word' id='word_1_176' title='bbox 345 2075 450 2137; x_wconf 80' lang='lat' dir='ltr'><strong>grave</strong></span> <span class='ocrx_word' id='word_1_177' title='bbox 473 2059 524 2120; x_wconf 88' lang='grc'><strong>111</strong></span> <span class='ocrx_word' id='word_1_178' title='bbox 547 2075 645 2138; x_wconf 89' lang='lat' dir='ltr'><strong>quam</strong></span> <span class='ocrx_word' id='word_1_179' title='bbox 669 2055 822 2121; x_wconf 87' lang='lat' dir='ltr'><strong>omittere</strong></span> <span class='ocrx_word' id='word_1_180' title='bbox 844 2054 937 2120; x_wconf 90' lang='lat' dir='ltr'><strong>alias.</strong></span> 
     </span>
    </p>
   </div>
   <div class='ocr_carea' id='block_1_7' title="bbox 60 2158 1388 2422">
    <p class='ocr_par' dir='ltr' id='par_1_9' title="bbox 60 2158 1388 2422">
     <span class='ocr_line' id='line_1_21' title="bbox 149 2158 1387 2245; baseline -0.001 -18"><span class='ocrx_word' id='word_1_181' title='bbox 149 2160 191 2228; x_wconf 90' lang='lat' dir='ltr'><strong>R.</strong></span> <span class='ocrx_word' id='word_1_182' title='bbox 226 2162 258 2227; x_wconf 89' lang='lat'><strong>3.</strong></span> <span class='ocrx_word' id='word_1_183' title='bbox 303 2158 357 2226; x_wconf 83' lang='lat' dir='ltr'><strong>Ad</strong></span> <span class='ocrx_word' id='word_1_184' title='bbox 387 2159 600 2245; x_wconf 88' lang='lat' dir='ltr'><strong>particularia</strong></span> <span class='ocrx_word' id='word_1_185' title='bbox 630 2160 854 2226; x_wconf 87' lang='lat' dir='ltr'><strong>descendendo</strong></span> <span class='ocrx_word' id='word_1_186' title='bbox 885 2159 949 2225; x_wconf 90' lang='lat' dir='ltr'><strong>dici</strong></span> <span class='ocrx_word' id='word_1_187' title='bbox 975 2163 1103 2243; x_wconf 84' lang='lat' dir='ltr'><strong>potest:</strong></span> <span class='ocrx_word' id='word_1_188' title='bbox 1136 2159 1169 2242; x_wconf 91' lang='lat'><strong>1)</strong></span> <span class='ocrx_word' id='word_1_189' title='bbox 1199 2159 1232 2225; x_wconf 94' lang='lat' dir='ltr'><strong>iu</strong></span> <span class='ocrx_word' id='word_1_190' title='bbox 1263 2181 1387 2227; x_wconf 87' lang='lat' dir='ltr'><strong>canone</strong></span> 
     </span>
     <span class='ocr_line' id='line_1_22' title="bbox 60 2249 1388 2334; baseline 0.001 -20"><span class='ocrx_word' id='word_1_191' title='bbox 60 2250 193 2317; x_wconf 84' lang='lat' dir='ltr'><strong>omissio</strong></span> <span class='ocrx_word' id='word_1_192' title='bbox 217 2249 390 2316; x_wconf 84' lang='lat' dir='ltr'><strong>cuiuslibet</strong></span> <span class='ocrx_word' id='word_1_193' title='bbox 414 2249 572 2316; x_wconf 88' lang='lat' dir='ltr'><strong>orationis</strong></span> <span class='ocrx_word' id='word_1_194' title='bbox 595 2250 804 2334; x_wconf 88' lang='lat' dir='ltr'><strong>particularis</strong></span> <span class='ocrx_word' id='word_1_195' title='bbox 827 2249 880 2315; x_wconf 89' lang='lat' dir='ltr'><strong>vel</strong></span> <span class='ocrx_word' id='word_1_196' title='bbox 911 2250 980 2314; x_wconf 91' lang='lat' dir='ltr'><strong>eius</strong></span> <span class='ocrx_word' id='word_1_197' title='bbox 1004 2249 1209 2315; x_wconf 82' lang='lat' dir='ltr'><strong>detruncatio</strong></span> <span class='ocrx_word' id='word_1_198' title='bbox 1233 2254 1328 2317; x_wconf 89' lang='lat' dir='ltr'><strong>tauta</strong></span> <span class='ocrx_word' id='word_1_199' title='bbox 1350 2253 1388 2316; x_wconf 93' lang='lat' dir='ltr'><strong>ut</strong></span> 
     </span>
     <span class='ocr_line' id='line_1_23' title="bbox 64 2337 1075 2422; baseline 0 -18"><span class='ocrx_word' id='word_1_200' title='bbox 64 2361 195 2406; x_wconf 88' lang='lat' dir='ltr'><strong>sensum</strong></span> <span class='ocrx_word' id='word_1_201' title='bbox 217 2360 313 2405; x_wconf 87' lang='lat' dir='ltr'><strong>suum</strong></span> <span class='ocrx_word' id='word_1_202' title='bbox 336 2338 432 2422; x_wconf 90' lang='lat' dir='ltr'><strong>plene</strong></span> <span class='ocrx_word' id='word_1_203' title='bbox 455 2338 590 2406; x_wconf 88' lang='lat' dir='ltr'><strong>amittat</strong></span> <span class='ocrx_word' id='word_1_204' title='bbox 613 2343 767 2405; x_wconf 88' lang='lat' dir='ltr'><strong>censetur</strong></span> <span class='ocrx_word' id='word_1_205' title='bbox 789 2339 902 2421; x_wconf 77' lang='lat' dir='ltr'><strong>gravia</strong></span> <span class='ocrx_word' id='word_1_206' title='bbox 925 2337 1075 2404; x_wconf 89' lang='lat' dir='ltr'><strong>materia.</strong></span> 
     </span>
    </p>
   </div>
   <div class='ocr_carea' id='block_1_8' title="bbox 10 2436 1387 2975">
    <p class='ocr_par' dir='ltr' id='par_1_10' title="bbox 64 2436 1387 2699">
     <span class='ocr_line' id='line_1_24' title="bbox 151 2436 1387 2520; baseline -0.001 -18"><span class='ocrx_word' id='word_1_207' title='bbox 151 2436 186 2520; x_wconf 87' lang='grc'><strong>2)</strong></span> <span class='ocrx_word' id='word_1_208' title='bbox 216 2436 324 2502; x_wconf 80' lang='lat' dir='ltr'><strong>Extra</strong></span> <span class='ocrx_word' id='word_1_209' title='bbox 348 2456 506 2502; x_wconf 87' lang='lat' dir='ltr'><strong>canonem</strong></span> <span class='ocrx_word' id='word_1_210' title='bbox 530 2456 632 2518; x_wconf 82' lang='lat' dir='ltr'><strong>grave</strong></span> <span class='ocrx_word' id='word_1_211' title='bbox 657 2439 709 2501; x_wconf 92' lang='grc'><strong>111</strong></span> <span class='ocrx_word' id='word_1_212' title='bbox 732 2436 883 2503; x_wconf 92' lang='lat' dir='ltr'><strong>omittere</strong></span> <span class='ocrx_word' id='word_1_213' title='bbox 913 2456 985 2501; x_wconf 88' lang='lat' dir='ltr'><strong>eam</strong></span> <span class='ocrx_word' id='word_1_214' title='bbox 1008 2440 1136 2519; x_wconf 83' lang='lat' dir='ltr'><strong>partem</strong></span> <span class='ocrx_word' id='word_1_215' title='bbox 1168 2457 1252 2518; x_wconf 87' lang='lat' dir='ltr'><strong>quae</strong></span> <span class='ocrx_word' id='word_1_216' title='bbox 1275 2436 1387 2518; x_wconf 82' lang='lat' dir='ltr'><strong>singu·</strong></span> 
     </span>
     <span class='ocr_line' id='line_1_25' title="bbox 64 2524 1387 2608; baseline -0.001 -18"><span class='ocrx_word' id='word_1_217' title='bbox 64 2526 165 2592; x_wconf 85' lang='lat' dir='ltr'><strong>larem</strong></span> <span class='ocrx_word' id='word_1_218' title='bbox 197 2524 336 2592; x_wconf 84' lang='lat' dir='ltr'><strong>sortitur</strong></span> <span class='ocrx_word' id='word_1_219' title='bbox 365 2525 582 2602; x_wconf 81' lang='lat' dir='ltr'><strong>functionem,</strong></span> <span class='ocrx_word' id='word_1_220' title='bbox 613 2546 645 2591; x_wconf 81' lang='lat' dir='ltr'><strong>v,</strong></span> <span class='ocrx_word' id='word_1_221' title='bbox 669 2546 701 2607; x_wconf 86' lang='lat' dir='ltr'><strong>g.</strong></span> <span class='ocrx_word' id='word_1_222' title='bbox 726 2529 832 2591; x_wconf 89' lang='lat' dir='ltr'><strong>totum</strong></span> <span class='ocrx_word' id='word_1_223' title='bbox 856 2525 1079 2607; x_wconf 85' lang='lat' dir='ltr'><strong>evangelium,</strong></span> <span class='ocrx_word' id='word_1_224' title='bbox 1111 2525 1284 2608; x_wconf 88' lang='lat' dir='ltr'><strong>epistolam</strong></span> <span class='ocrx_word' id='word_1_225' title='bbox 1314 2546 1387 2590; x_wconf 92' lang='lat' dir='ltr'><strong>cum</strong></span> 
     </span>
     <span class='ocr_line' id='line_1_26' title="bbox 65 2613 877 2699; baseline -0.001 -18"><span class='ocrx_word' id='word_1_226' title='bbox 65 2613 224 2697; x_wconf 82' lang='lat' dir='ltr'><strong>graduali,</strong></span> <span class='ocrx_word' id='word_1_227' title='bbox 249 2613 450 2680; x_wconf 84' lang='lat' dir='ltr'><strong>offertorium</strong></span> <span class='ocrx_word' id='word_1_228' title='bbox 473 2613 568 2699; x_wconf 87' lang='lat' dir='ltr'><strong>panis</strong></span> <span class='ocrx_word' id='word_1_229' title='bbox 591 2618 625 2680; x_wconf 90' lang='lat' dir='ltr'><strong>et</strong></span> <span class='ocrx_word' id='word_1_230' title='bbox 649 2614 726 2692; x_wconf 83' lang='lat' dir='ltr'><strong>vini,</strong></span> <span class='ocrx_word' id='word_1_231' title='bbox 750 2613 877 2680; x_wconf 87' lang='lat' dir='ltr'><strong>similia.</strong></span> 
     </span>
    </p>

    <p class='ocr_par' dir='ltr' id='par_1_11' title="bbox 10 2711 1387 2975">
     <span class='ocr_line' id='line_1_27' title="bbox 22 2711 1387 2795; baseline 0 -18"><span class='ocrx_word' id='word_1_232' title='bbox 22 2782 26 2787; x_wconf 65' lang='grc'><strong>,</strong></span> <span class='ocrx_word' id='word_1_233' title='bbox 151 2712 187 2794; x_wconf 86' lang='grc'><strong>3)</strong></span> <span class='ocrx_word' id='word_1_234' title='bbox 210 2712 328 2779; x_wconf 85' lang='grc' dir='ltr'>Ρ11111</span> <span class='ocrx_word' id='word_1_235' title='bbox 351 2733 435 2795; x_wconf 89' lang='lat' dir='ltr'><strong>quae</strong></span> <span class='ocrx_word' id='word_1_236' title='bbox 458 2733 523 2777; x_wconf 91' lang='lat' dir='ltr'><strong>uon</strong></span> <span class='ocrx_word' id='word_1_237' title='bbox 553 2711 586 2777; x_wconf 94' lang='lat' dir='ltr'><strong>in</strong></span> <span class='ocrx_word' id='word_1_238' title='bbox 617 2711 765 2778; x_wconf 85' lang='lat' dir='ltr'><strong>omnibus</strong></span> <span class='ocrx_word' id='word_1_239' title='bbox 788 2712 895 2778; x_wconf 88' lang='lat' dir='ltr'><strong>missis</strong></span> <span class='ocrx_word' id='word_1_240' title='bbox 925 2715 1100 2778; x_wconf 89' lang='lat' dir='ltr'><strong>occurrunt</strong></span> <span class='ocrx_word' id='word_1_241' title='bbox 1123 2712 1292 2788; x_wconf 87' lang='lat' dir='ltr'><strong>omittere,</strong></span> <span class='ocrx_word' id='word_1_242' title='bbox 1324 2712 1387 2779; x_wconf 87' lang='lat' dir='ltr'><strong>etsi</strong></span> 
     </span>
     <span class='ocr_line' id='line_1_28' title="bbox 10 2766 1385 2886; baseline 0.001 -20"><span class='ocrx_word' id='word_1_243' title='bbox 10 2766 19 2871; x_wconf 75' lang='lat' dir='ltr'><strong>l</strong></span> <span class='ocrx_word' id='word_1_244' title='bbox 64 2806 139 2869; x_wconf 89' lang='lat' dir='ltr'><strong>sunt</strong></span> <span class='ocrx_word' id='word_1_245' title='bbox 162 2801 262 2884; x_wconf 80' lang='lat' dir='ltr'><strong>longe</strong></span> <span class='ocrx_word' id='word_1_246' title='bbox 284 2800 442 2880; x_wconf 82' lang='lat' dir='ltr'><strong>maiores,</strong></span> <span class='ocrx_word' id='word_1_247' title='bbox 467 2806 619 2868; x_wconf 86' lang='lat' dir='ltr'><strong>censetur</strong></span> <span class='ocrx_word' id='word_1_248' title='bbox 642 2801 771 2867; x_wconf 90' lang='lat' dir='ltr'><strong>veniale</strong></span> <span class='ocrx_word' id='word_1_249' title='bbox 794 2805 941 2874; x_wconf 83' lang='lat' dir='ltr'><strong>tautum,</strong></span> <span class='ocrx_word' id='word_1_250' title='bbox 972 2822 1005 2868; x_wconf 80' lang='lat' dir='ltr'><strong>v,</strong></span> <span class='ocrx_word' id='word_1_251' title='bbox 1028 2822 1059 2883; x_wconf 85' lang='lat' dir='ltr'><strong>g.</strong></span> <span class='ocrx_word' id='word_1_252' title='bbox 1085 2801 1237 2867; x_wconf 88' lang='lat' dir='ltr'><strong>omittere</strong></span> <span class='ocrx_word' id='word_1_253' title='bbox 1262 2803 1385 2886; x_wconf 76' lang='lat' dir='ltr'><strong>Gloria,</strong></span> 
     </span>
     <span class='ocr_line' id='line_1_29' title="bbox 10 2880 1245 2975; baseline -0.001 -17"><span class='ocrx_word' id='word_1_254' title='bbox 10 2880 14 2943; x_wconf 76' lang='lat' dir='ltr'><strong>l</strong></span> <span class='ocrx_word' id='word_1_255' title='bbox 65 2892 175 2975; x_wconf 74' lang='lat' dir='ltr'><strong>Credo,</strong></span> <span class='ocrx_word' id='word_1_256' title='bbox 200 2889 357 2975; x_wconf 84' lang='lat' dir='ltr'><strong>epistolae</strong></span> <span class='ocrx_word' id='word_1_257' title='bbox 380 2891 581 2956; x_wconf 86' lang='lat' dir='ltr'><strong>accessorias</strong></span> <span class='ocrx_word' id='word_1_258' title='bbox 604 2890 637 2955; x_wconf 94' lang='lat' dir='ltr'><strong>in</strong></span> <span class='ocrx_word' id='word_1_259' title='bbox 661 2891 774 2956; x_wconf 89' lang='lat' dir='ltr'><strong>diebus</strong></span> <span class='ocrx_word' id='word_1_260' title='bbox 798 2893 954 2974; x_wconf 89' lang='lat' dir='ltr'><strong>quattuor</strong></span> <span class='ocrx_word' id='word_1_261' title='bbox 976 2895 1160 2974; x_wconf 87' lang='lat' dir='ltr'><strong>temporum</strong></span> <span class='ocrx_word' id='word_1_262' title='bbox 1183 2895 1245 2958; x_wconf 89' lang='lat' dir='ltr'><strong>etc.</strong></span> 
     </span>
    </p>
   </div>
   <div class='ocr_carea' id='block_1_9' title="bbox 10 3013 1447 4247">
    <p class='ocr_par' dir='ltr' id='par_1_12' title="bbox 62 3013 1447 3366">
     <span class='ocr_line' id='line_1_30' title="bbox 150 3013 1447 3089; baseline 0.001 -9"><span class='ocrx_word' id='word_1_263' title='bbox 150 3014 204 3080; x_wconf 83' lang='lat' dir='ltr'><strong>An</strong></span> <span class='ocrx_word' id='word_1_264' title='bbox 233 3033 426 3089; x_wconf 78' lang='lat' dir='ltr'><strong>ooaasmonr</strong></span> <span class='ocrx_word' id='word_1_265' title='bbox 455 3016 495 3078; x_wconf 77' lang='lat'><strong>2¹¹</strong></span> <span class='ocrx_word' id='word_1_266' title='bbox 523 3013 562 3081; x_wconf 90' lang='lat' dir='ltr'><strong>R.</strong></span> <span class='ocrx_word' id='word_1_267' title='bbox 592 3016 620 3080; x_wconf 91' lang='lat'><strong>1.</strong></span> <span class='ocrx_word' id='word_1_268' title='bbox 667 3013 766 3079; x_wconf 86' lang='lat' dir='ltr'><strong>Ratio</strong></span> <span class='ocrx_word' id='word_1_269' title='bbox 796 3013 969 3080; x_wconf 88' lang='lat' dir='ltr'><strong>omittendi</strong></span> <span class='ocrx_word' id='word_1_270' title='bbox 1000 3017 1034 3079; x_wconf 91' lang='lat' dir='ltr'><strong>et</strong></span> <span class='ocrx_word' id='word_1_271' title='bbox 1064 3013 1277 3079; x_wconf 89' lang='lat' dir='ltr'><strong>abbreviandi</strong></span> <span class='ocrx_word' id='word_1_272' title='bbox 1306 3028 1447 3082; x_wconf 73' lang='grc'>1111271</span> 
     </span>
     <span class='ocr_line' id='line_1_31' title="bbox 62 3101 1386 3186; baseline 0.001 -18"><span class='ocrx_word' id='word_1_273' title='bbox 62 3103 144 3169; x_wconf 90' lang='lat' dir='ltr'><strong>sumi</strong></span> <span class='ocrx_word' id='word_1_274' title='bbox 168 3124 235 3169; x_wconf 91' lang='lat' dir='ltr'><strong>non</strong></span> <span class='ocrx_word' id='word_1_275' title='bbox 258 3105 389 3186; x_wconf 87' lang='lat' dir='ltr'><strong>poterat</strong></span> <span class='ocrx_word' id='word_1_276' title='bbox 412 3123 454 3169; x_wconf 86' lang='lat' dir='ltr'><strong>ex</strong></span> <span class='ocrx_word' id='word_1_277' title='bbox 477 3102 534 3169; x_wconf 90' lang='lat' dir='ltr'><strong>illa</strong></span> <span class='ocrx_word' id='word_1_278' title='bbox 550 3102 690 3185; x_wconf 88' lang='lat' dir='ltr'><strong>quadam</strong></span> <span class='ocrx_word' id='word_1_279' title='bbox 707 3103 964 3186; x_wconf 86' lang='lat' dir='ltr'><strong>perturbatione,</strong></span> <span class='ocrx_word' id='word_1_280' title='bbox 989 3124 1087 3185; x_wconf 88' lang='lat' dir='ltr'><strong>quam</strong></span> <span class='ocrx_word' id='word_1_281' title='bbox 1103 3101 1270 3168; x_wconf 83' lang='lat' dir='ltr'><strong>Celerinus</strong></span> <span class='ocrx_word' id='word_1_282' title='bbox 1287 3106 1386 3169; x_wconf 89' lang='lat' dir='ltr'><strong>cantu</strong></span> 
     </span>
     <span class='ocr_line' id='line_1_32' title="bbox 62 3192 1385 3276; baseline 0 -18"><span class='ocrx_word' id='word_1_283' title='bbox 62 3192 267 3276; x_wconf 79' lang='lat' dir='ltr'><strong>patiebatur:</strong></span> <span class='ocrx_word' id='word_1_284' title='bbox 299 3213 404 3274; x_wconf 87' lang='lat' dir='ltr'><strong>neque</strong></span> <span class='ocrx_word' id='word_1_285' title='bbox 427 3192 469 3258; x_wconf 91' lang='lat' dir='ltr'><strong>ab</strong></span> <span class='ocrx_word' id='word_1_286' title='bbox 492 3193 579 3258; x_wconf 89' lang='lat' dir='ltr'><strong>omni</strong></span> <span class='ocrx_word' id='word_1_287' title='bbox 602 3197 738 3276; x_wconf 88' lang='lat' dir='ltr'><strong>peccato</strong></span> <span class='ocrx_word' id='word_1_288' title='bbox 762 3192 913 3258; x_wconf 82' lang='lat' dir='ltr'><strong>excusari</strong></span> <span class='ocrx_word' id='word_1_289' title='bbox 943 3196 1062 3276; x_wconf 91' lang='lat' dir='ltr'><strong>potest.</strong></span> <span class='ocrx_word' id='word_1_290' title='bbox 1109 3192 1193 3257; x_wconf 86' lang='lat' dir='ltr'><strong>Erat</strong></span> <span class='ocrx_word' id='word_1_291' title='bbox 1215 3197 1385 3275; x_wconf 88' lang='lat' dir='ltr'><strong>peceatum</strong></span> 
     </span>
     <span class='ocr_line' id='line_1_33' title="bbox 62 3280 1386 3366; baseline 0.002 -22"><span class='ocrx_word' id='word_1_292' title='bbox 62 3281 192 3348; x_wconf 82' lang='lat' dir='ltr'><strong>reniale</strong></span> <span class='ocrx_word' id='word_1_293' title='bbox 217 3281 251 3364; x_wconf 87' lang='lat'><strong>1)</strong></span> <span class='ocrx_word' id='word_1_294' title='bbox 267 3281 419 3347; x_wconf 90' lang='lat' dir='ltr'><strong>omittere</strong></span> <span class='ocrx_word' id='word_1_295' title='bbox 435 3280 770 3358; x_wconf 86' lang='lat' dir='ltr'><strong>commemorationes,</strong></span> <span class='ocrx_word' id='word_1_296' title='bbox 795 3281 923 3347; x_wconf 87' lang='lat' dir='ltr'><strong>etiamsi</strong></span> <span class='ocrx_word' id='word_1_297' title='bbox 939 3281 1121 3365; x_wconf 85' lang='lat' dir='ltr'><strong>complures</strong></span> <span class='ocrx_word' id='word_1_298' title='bbox 1138 3285 1242 3359; x_wconf 87' lang='lat' dir='ltr'><strong>erant,</strong></span> <span class='ocrx_word' id='word_1_299' title='bbox 1268 3282 1386 3366; x_wconf 89' lang='lat' dir='ltr'><strong>quippe</strong></span> 
     </span>
    </p>

    <p class='ocr_par' dir='ltr' id='par_1_13' title="bbox 10 3369 1386 3543">
     <span class='ocr_line' id='line_1_34' title="bbox 10 3369 1386 3455; baseline 0 -18"><span class='ocrx_word' id='word_1_300' title='bbox 10 3384 12 3389; x_wconf 81' lang='grc'>’</span> <span class='ocrx_word' id='word_1_301' title='bbox 62 3392 145 3454; x_wconf 87' lang='lat' dir='ltr'><strong>quae</strong></span> <span class='ocrx_word' id='word_1_302' title='bbox 168 3369 237 3437; x_wconf 84' lang='lat' dir='ltr'><strong>aiut</strong></span> <span class='ocrx_word' id='word_1_303' title='bbox 259 3390 337 3455; x_wconf 88' lang='lat' dir='ltr'><strong>pars</strong></span> <span class='ocrx_word' id='word_1_304' title='bbox 355 3370 555 3442; x_wconf 71' lang='lat' dir='ltr'><strong>accessoriaz</strong></span> <span class='ocrx_word' id='word_1_305' title='bbox 581 3371 687 3448; x_wconf 89' lang='lat' dir='ltr'><strong>alitor,</strong></span> <span class='ocrx_word' id='word_1_306' title='bbox 711 3370 739 3435; x_wconf 88' lang='lat' dir='ltr'><strong>si</strong></span> <span class='ocrx_word' id='word_1_307' title='bbox 763 3370 926 3436; x_wconf 88' lang='lat' dir='ltr'><strong>omisisset</strong></span> <span class='ocrx_word' id='word_1_308' title='bbox 949 3369 1131 3437; x_wconf 88' lang='lat' dir='ltr'><strong>orationem</strong></span> <span class='ocrx_word' id='word_1_309' title='bbox 1154 3392 1227 3436; x_wconf 88' lang='lat' dir='ltr'><strong>oum</strong></span> <span class='ocrx_word' id='word_1_310' title='bbox 1250 3392 1310 3437; x_wconf 91' lang='lat' dir='ltr'><strong>sua</strong></span> <span class='ocrx_word' id='word_1_311' title='bbox 1334 3392 1386 3437; x_wconf 89' lang='lat' dir='ltr'><strong>se·</strong></span> 
     </span>
     <span class='ocr_line' id='line_1_35' title="bbox 62 3458 1066 3543; baseline -0.001 -18"><span class='ocrx_word' id='word_1_312' title='bbox 62 3465 152 3528; x_wconf 89' lang='lat' dir='ltr'><strong>creta</strong></span> <span class='ocrx_word' id='word_1_313' title='bbox 175 3459 231 3524; x_wconf 88' lang='lat' dir='ltr'><strong>vel</strong></span> <span class='ocrx_word' id='word_1_314' title='bbox 253 3459 555 3542; x_wconf 87' lang='lat' dir='ltr'><strong>postcommunione</strong></span> <span class='ocrx_word' id='word_1_315' title='bbox 578 3459 680 3543; x_wconf 85' lang='lat' dir='ltr'><strong>ipsius</strong></span> <span class='ocrx_word' id='word_1_316' title='bbox 703 3460 822 3525; x_wconf 86' lang='lat' dir='ltr'><strong>missae</strong></span> <span class='ocrx_word' id='word_1_317' title='bbox 844 3458 1066 3543; x_wconf 89' lang='lat' dir='ltr'><strong>principalem.</strong></span> 
     </span>
    </p>

    <p class='ocr_par' dir='ltr' id='par_1_14' title="bbox 61 3547 1384 3883">
     <span class='ocr_line' id='line_1_36' title="bbox 151 3547 1384 3639; baseline 0.001 -27"><span class='ocrx_word' id='word_1_318' title='bbox 151 3547 186 3630; x_wconf 90' lang='grc'><strong>2)</strong></span> <span class='ocrx_word' id='word_1_319' title='bbox 210 3547 348 3613; x_wconf 87' lang='lat' dir='ltr'><strong>Veniale</strong></span> <span class='ocrx_word' id='word_1_320' title='bbox 371 3547 472 3616; x_wconf 87' lang='lat' dir='ltr'><strong>etiam</strong></span> <span class='ocrx_word' id='word_1_321' title='bbox 495 3553 568 3615; x_wconf 88' lang='lat' dir='ltr'><strong>erat</strong></span> <span class='ocrx_word' id='word_1_322' title='bbox 592 3548 743 3614; x_wconf 87' lang='lat' dir='ltr'><strong>omittere</strong></span> <span class='ocrx_word' id='word_1_323' title='bbox 769 3551 889 3639; x_wconf 47' lang='lat' dir='ltr'><strong>Orod&amp;</strong></span> <span class='ocrx_word' id='word_1_324' title='bbox 918 3551 952 3628; x_wconf 88' lang='lat'><strong>3)</strong></span> <span class='ocrx_word' id='word_1_325' title='bbox 976 3551 1054 3615; x_wconf 87' lang='lat' dir='ltr'><strong>aute</strong></span> <span class='ocrx_word' id='word_1_326' title='bbox 1077 3569 1103 3614; x_wconf 90' lang='grc'><strong>1.</strong></span> <span class='ocrx_word' id='word_1_327' title='bbox 1129 3548 1384 3614; x_wconf 89' lang='lat' dir='ltr'><strong>communionem</strong></span> 
     </span>
     <span class='ocr_line' id='line_1_37' title="bbox 61 3635 1384 3721; baseline -0.001 -18"><span class='ocrx_word' id='word_1_328' title='bbox 61 3638 216 3705; x_wconf 89' lang='lat' dir='ltr'><strong>omittere</strong></span> <span class='ocrx_word' id='word_1_329' title='bbox 247 3635 386 3721; x_wconf 88' lang='lat' dir='ltr'><strong>primam</strong></span> <span class='ocrx_word' id='word_1_330' title='bbox 419 3636 601 3704; x_wconf 90' lang='lat' dir='ltr'><strong>orationem</strong></span> <span class='ocrx_word' id='word_1_331' title='bbox 634 3637 786 3703; x_wconf 87' lang='lat' dir='ltr'><strong>existimo</strong></span> <span class='ocrx_word' id='word_1_332' title='bbox 819 3638 918 3704; x_wconf 89' lang='lat' dir='ltr'><strong>etiam</strong></span> <span class='ocrx_word' id='word_1_333' title='bbox 952 3659 1024 3703; x_wconf 88' lang='lat' dir='ltr'><strong>esse</strong></span> <span class='ocrx_word' id='word_1_334' title='bbox 1054 3636 1183 3702; x_wconf 88' lang='lat' dir='ltr'><strong>veniale</strong></span> <span class='ocrx_word' id='word_1_335' title='bbox 1214 3641 1384 3721; x_wconf 89' lang='lat' dir='ltr'><strong>peccatum</strong></span> 
     </span>
     <span class='ocr_line' id='line_1_38' title="bbox 61 3725 1384 3810; baseline 0 -18"><span class='ocrx_word' id='word_1_336' title='bbox 61 3731 210 3804; x_wconf 87' lang='lat' dir='ltr'><strong>tantum,</strong></span> <span class='ocrx_word' id='word_1_337' title='bbox 250 3729 366 3810; x_wconf 84' lang='lat' dir='ltr'><strong>utpote</strong></span> <span class='ocrx_word' id='word_1_338' title='bbox 400 3747 483 3808; x_wconf 92' lang='lat' dir='ltr'><strong>quae</strong></span> <span class='ocrx_word' id='word_1_339' title='bbox 518 3727 551 3791; x_wconf 90' lang='lat' dir='ltr'><strong>in</strong></span> <span class='ocrx_word' id='word_1_340' title='bbox 590 3725 784 3808; x_wconf 87' lang='lat' dir='ltr'><strong>quibusdam</strong></span> <span class='ocrx_word' id='word_1_341' title='bbox 817 3726 943 3804; x_wconf 87' lang='lat' dir='ltr'><strong>missis,</strong></span> <span class='ocrx_word' id='word_1_342' title='bbox 988 3726 1215 3792; x_wconf 86' lang='lat' dir='ltr'><strong>defunctorum</strong></span> <span class='ocrx_word' id='word_1_343' title='bbox 1250 3726 1384 3806; x_wconf 88' lang='lat' dir='ltr'><strong>scilicet,</strong></span> 
     </span>
     <span class='ocr_line' id='line_1_39' title="bbox 61 3816 244 3883; baseline -0.005 -2"><span class='ocrx_word' id='word_1_344' title='bbox 61 3816 244 3883; x_wconf 89' lang='lat' dir='ltr'><strong>omittatur.</strong></span> 
     </span>
    </p>

    <p class='ocr_par' dir='ltr' id='par_1_15' title="bbox 10 3911 1385 4247">
     <span class='ocr_line' id='line_1_40' title="bbox 10 3911 1385 4003; baseline 0.001 -26"><span class='ocrx_word' id='word_1_345' title='bbox 10 3978 15 4003; x_wconf 30' lang='lat' dir='ltr'>h</span> <span class='ocrx_word' id='word_1_346' title='bbox 148 3912 242 3990; x_wconf 91' lang='lat' dir='ltr'><strong>Quod</strong></span> <span class='ocrx_word' id='word_1_347' title='bbox 266 3915 374 3978; x_wconf 89' lang='lat' dir='ltr'><strong>autem</strong></span> <span class='ocrx_word' id='word_1_348' title='bbox 391 3911 556 3977; x_wconf 84' lang='lat' dir='ltr'><strong>Celerinus</strong></span> <span class='ocrx_word' id='word_1_349' title='bbox 571 3913 652 3978; x_wconf 88' lang='lat' dir='ltr'><strong>haec</strong></span> <span class='ocrx_word' id='word_1_350' title='bbox 669 3912 775 3978; x_wconf 90' lang='lat' dir='ltr'><strong>omnia</strong></span> <span class='ocrx_word' id='word_1_351' title='bbox 799 3912 893 3977; x_wconf 92' lang='lat' dir='ltr'><strong>simul</strong></span> <span class='ocrx_word' id='word_1_352' title='bbox 910 3911 1051 3988; x_wconf 85' lang='lat' dir='ltr'><strong>omittat,</strong></span> <span class='ocrx_word' id='word_1_353' title='bbox 1076 3918 1241 3995; x_wconf 86' lang='lat' dir='ltr'><strong>aggravat</strong></span> <span class='ocrx_word' id='word_1_354' title='bbox 1257 3912 1385 3995; x_wconf 89' lang='lat' dir='ltr'><strong>quidem</strong></span> 
     </span>
     <span class='ocr_line' id='line_1_41' title="bbox 61 4001 1385 4086; baseline 0 -19"><span class='ocrx_word' id='word_1_355' title='bbox 61 4003 129 4068; x_wconf 90' lang='lat' dir='ltr'><strong>eius</strong></span> <span class='ocrx_word' id='word_1_356' title='bbox 153 4003 300 4086; x_wconf 88' lang='lat' dir='ltr'><strong>eulpam;</strong></span> <span class='ocrx_word' id='word_1_357' title='bbox 331 4023 394 4068; x_wconf 92' lang='lat' dir='ltr'><strong>non</strong></span> <span class='ocrx_word' id='word_1_358' title='bbox 420 4007 498 4085; x_wconf 89' lang='lat' dir='ltr'><strong>puto</strong></span> <span class='ocrx_word' id='word_1_359' title='bbox 530 4007 641 4067; x_wconf 87' lang='lat' dir='ltr'><strong>tamen</strong></span> <span class='ocrx_word' id='word_1_360' title='bbox 665 4001 697 4066; x_wconf 88' lang='lat' dir='ltr'><strong>in</strong></span> <span class='ocrx_word' id='word_1_361' title='bbox 721 4002 880 4084; x_wconf 84' lang='lat' dir='ltr'><strong>singulari</strong></span> <span class='ocrx_word' id='word_1_362' title='bbox 904 4023 981 4067; x_wconf 91' lang='lat' dir='ltr'><strong>casu</strong></span> <span class='ocrx_word' id='word_1_363' title='bbox 1004 4002 1176 4067; x_wconf 90' lang='lat' dir='ltr'><strong>materiam</strong></span> <span class='ocrx_word' id='word_1_364' title='bbox 1202 4003 1385 4067; x_wconf 88' lang='lat' dir='ltr'><strong>coalescere</strong></span> 
     </span>
     <span class='ocr_line' id='line_1_42' title="bbox 61 4091 1385 4174; baseline 0.001 -18"><span class='ocrx_word' id='word_1_365' title='bbox 61 4093 92 4157; x_wconf 92' lang='lat' dir='ltr'><strong>in</strong></span> <span class='ocrx_word' id='word_1_366' title='bbox 114 4112 272 4174; x_wconf 82' lang='lat' dir='ltr'><strong>gravem,</strong></span> <span class='ocrx_word' id='word_1_367' title='bbox 303 4112 376 4156; x_wconf 90' lang='lat' dir='ltr'><strong>cum</strong></span> <span class='ocrx_word' id='word_1_368' title='bbox 399 4091 508 4157; x_wconf 91' lang='lat' dir='ltr'><strong>omnia</strong></span> <span class='ocrx_word' id='word_1_369' title='bbox 531 4112 570 4156; x_wconf 86' lang='lat' dir='ltr'><strong>ea</strong></span> <span class='ocrx_word' id='word_1_370' title='bbox 594 4112 677 4174; x_wconf 90' lang='lat' dir='ltr'><strong>quae</strong></span> <span class='ocrx_word' id='word_1_371' title='bbox 702 4091 811 4156; x_wconf 88' lang='lat' dir='ltr'><strong>omisit</strong></span> <span class='ocrx_word' id='word_1_372' title='bbox 835 4113 898 4156; x_wconf 88' lang='lat' dir='ltr'><strong>nou</strong></span> <span class='ocrx_word' id='word_1_373' title='bbox 922 4091 954 4155; x_wconf 91' lang='grc'><strong>11</strong></span> <span class='ocrx_word' id='word_1_374' title='bbox 979 4091 1176 4172; x_wconf 89' lang='lat' dir='ltr'><strong>quibuslibet</strong></span> <span class='ocrx_word' id='word_1_375' title='bbox 1199 4091 1307 4155; x_wconf 88' lang='lat' dir='ltr'><strong>missis</strong></span> <span class='ocrx_word' id='word_1_376' title='bbox 1332 4112 1385 4157; x_wconf 90' lang='lat' dir='ltr'><strong>oc-</strong></span> 
     </span>
     <span class='ocr_line' id='line_1_43' title="bbox 61 4184 207 4247; baseline 0.007 -1"><span class='ocrx_word' id='word_1_377' title='bbox 61 4184 207 4247; x_wconf 85' lang='lat' dir='ltr'><strong>currant.</strong></span> 
     </span>
    </p>
   </div>
   <div class='ocr_carea' id='block_1_10' title="bbox 60 4285 1388 4549">
    <p class='ocr_par' dir='ltr' id='par_1_16' title="bbox 60 4285 1388 4549">
     <span class='ocr_line' id='line_1_44' title="bbox 150 4285 1386 4369; baseline -0.001 -17"><span class='ocrx_word' id='word_1_378' title='bbox 150 4286 189 4353; x_wconf 86' lang='grc'><strong>11.</strong></span> <span class='ocrx_word' id='word_1_379' title='bbox 215 4289 246 4353; x_wconf 89' lang='grc'><strong>2.</strong></span> <span class='ocrx_word' id='word_1_380' title='bbox 286 4285 441 4352; x_wconf 86' lang='lat' dir='ltr'><strong>Similiter</strong></span> <span class='ocrx_word' id='word_1_381' title='bbox 463 4307 568 4369; x_wconf 88' lang='lat' dir='ltr'><strong>pauca</strong></span> <span class='ocrx_word' id='word_1_382' title='bbox 594 4286 725 4351; x_wconf 89' lang='lat' dir='ltr'><strong>nomina</strong></span> <span class='ocrx_word' id='word_1_383' title='bbox 748 4291 936 4352; x_wconf 89' lang='lat' dir='ltr'><strong>sanctorum</strong></span> <span class='ocrx_word' id='word_1_384' title='bbox 959 4286 991 4351; x_wconf 91' lang='lat' dir='ltr'><strong>iu</strong></span> <span class='ocrx_word' id='word_1_385' title='bbox 1009 4306 1133 4350; x_wconf 88' lang='lat' dir='ltr'><strong>canone</strong></span> <span class='ocrx_word' id='word_1_386' title='bbox 1158 4285 1309 4352; x_wconf 89' lang='lat' dir='ltr'><strong>omittere</strong></span> <span class='ocrx_word' id='word_1_387' title='bbox 1332 4307 1386 4351; x_wconf 88' lang='lat' dir='ltr'><strong>rea</strong></span> 
     </span>
     <span class='ocr_line' id='line_1_45' title="bbox 60 4374 1385 4460; baseline -0.002 -17"><span class='ocrx_word' id='word_1_388' title='bbox 60 4378 175 4460; x_wconf 83' lang='lat' dir='ltr'><strong>gravis</strong></span> <span class='ocrx_word' id='word_1_389' title='bbox 197 4396 263 4441; x_wconf 90' lang='grc'>1111</span> <span class='ocrx_word' id='word_1_390' title='bbox 286 4378 356 4443; x_wconf 85' lang='lat' dir='ltr'><strong>est:</strong></span> <span class='ocrx_word' id='word_1_391' title='bbox 387 4375 484 4441; x_wconf 92' lang='lat' dir='ltr'><strong>immo</strong></span> <span class='ocrx_word' id='word_1_392' title='bbox 509 4375 637 4458; x_wconf 91' lang='lat' dir='ltr'><strong>quando</strong></span> <span class='ocrx_word' id='word_1_393' title='bbox 662 4375 809 4441; x_wconf 87' lang='lat' dir='ltr'><strong>defectus</strong></span> <span class='ocrx_word' id='word_1_394' title='bbox 832 4375 886 4439; x_wconf 86' lang='lat' dir='ltr'><strong>ille</strong></span> <span class='ocrx_word' id='word_1_395' title='bbox 910 4375 1052 4439; x_wconf 87' lang='lat' dir='ltr'><strong>Missalia</strong></span> <span class='ocrx_word' id='word_1_396' title='bbox 1076 4395 1141 4440; x_wconf 91' lang='lat' dir='ltr'><strong>non</strong></span> <span class='ocrx_word' id='word_1_397' title='bbox 1164 4374 1385 4458; x_wconf 85' lang='lat' dir='ltr'><strong>praevidetur,</strong></span> 
     </span>
     <span class='ocr_line' id='line_1_46' title="bbox 61 4463 1388 4549; baseline -0.001 -19"><span class='ocrx_word' id='word_1_398' title='bbox 61 4487 166 4549; x_wconf 87' lang='lat' dir='ltr'><strong>neque</strong></span> <span class='ocrx_word' id='word_1_399' title='bbox 190 4464 322 4530; x_wconf 87' lang='lat' dir='ltr'><strong>nomina</strong></span> <span class='ocrx_word' id='word_1_400' title='bbox 345 4463 402 4529; x_wconf 88' lang='lat' dir='ltr'><strong>illa</strong></span> <span class='ocrx_word' id='word_1_401' title='bbox 426 4485 561 4546; x_wconf 89' lang='lat' dir='ltr'><strong>quorum</strong></span> <span class='ocrx_word' id='word_1_402' title='bbox 587 4464 794 4531; x_wconf 86' lang='lat' dir='ltr'><strong>characteres</strong></span> <span class='ocrx_word' id='word_1_403' title='bbox 818 4464 929 4530; x_wconf 86' lang='lat' dir='ltr'><strong>detriti</strong></span> <span class='ocrx_word' id='word_1_404' title='bbox 953 4468 1028 4528; x_wconf 88' lang='lat' dir='ltr'><strong>sunt</strong></span> <span class='ocrx_word' id='word_1_405' title='bbox 1052 4465 1210 4529; x_wconf 90' lang='lat' dir='ltr'><strong>memoria</strong></span> <span class='ocrx_word' id='word_1_406' title='bbox 1232 4468 1388 4530; x_wconf 84' lang='lat' dir='ltr'><strong>tenentur</strong></span> 
     </span>
    </p>
   </div>
   <div class='ocr_carea' id='block_1_11' title="bbox 0 0 1526 5174">
    <p class='ocr_par' dir='ltr' id='par_1_17' title="bbox 0 0 1526 5174">
     <span class='ocr_line' id='line_1_47' title="bbox 0 0 1526 5174; baseline 0 1"><span class='ocrx_word' id='word_1_407' title='bbox 0 0 1526 5174; x_wconf 95' lang='lat' dir='ltr'><strong> </strong></span> 
     </span>
    </p>
   </div>
  </div>
 </body>
</html>
