3044 5174
1506 39 1520 291 l

148 303 213 367 312
601 297 806 355 Sacramentum
824 300 1015 371 paenitentiae.
1512 296 1518 409 Ι

148 496 227 541 usus
250 476 292 542 ad
316 475 495 558 quamlibet
525 474 786 560 dispositionem,
817 475 907 559 quae
930 477 1112 560 paenitenti
1140 477 1264 545 inferat
1292 500 1469 562 gravamen

150 565 299 648 aliquod,
329 585 387 630 seu
411 584 509 647 quam
538 564 567 631 si
596 564 696 631 sciret
723 565 894 649 paenitens
923 565 1054 650 impune
1084 567 1330 634 aconfessario
1359 569 1470 654 peragi

149 675 254 739 posse,
280 653 440 720 confessio
463 655 559 720 fieret
580 653 750 721 molestior
772 659 807 722 et
829 655 966 722 odiosa·

237 752 276 819 R.
301 754 332 818 3.
379 751 474 818 Unde
503 755 598 836 patet
626 752 810 836 opinionem
840 755 918 818 ante
947 753 1115 818 decretum
1144 754 1323 821 Clementis
1345 754 1426 820 VIII
1453 778 1471 821 a

149 840 312 922 theologis
334 841 446 908 multis
469 842 613 925 optimae
636 845 735 907 notae
757 840 924 919 traditam,
949 841 1042 923 quasi
1065 841 1221 908 eiusmodi
1245 864 1342 909 usum
1365 849 1471 911 exter-

149 952 225 994 num
249 930 359 996 facere
382 930 497 1009 liceat,
528 930 591 995 nisi
619 930 674 995 ille
696 932 756 996 fiat
779 951 852 996 cum
874 930 1017 1013 periculo
1050 933 1336 1016 rnooifestutionis,
1366 933 1417 1000 ita
1438 940 1472 999 ut

149 1019 205 1085 alii
228 1023 345 1086 contra
374 1019 595 1103 paenitentem
626 1019 750 1102 aliquid
778 1018 937 1103 auspicem
965 1019 1109 1101 possint,
1143 1043 1208 1087 non
1237 1043 1312 1088 esse
1335 1023 1472 1106 amplius

149 1112 255 1174 tutam
280 1108 312 1172 in
337 1108 444 1191 praxi.
490 1108 573 1174 Aliis
596 1109 721 1186 verbis,
754 1129 819 1173 non
848 1108 919 1173 sola
947 1109 1171 1176 manifestatio
1200 1110 1341 1178 notitiae
1362 1133 1472 1177 sacra-

149 1197 312 1275 mentalis,
336 1197 393 1262 sed
417 1197 554 1279 quilibet
576 1219 655 1262 usus
678 1200 836 1263 externus
858 1197 1100 1281 paenitentibus
1123 1198 1156 1264 in
1171 1220 1293 1282 genere
1315 1201 1472 1266 molestus

150 1287 268 1369 alege
291 1285 390 1368 sigilli
413 1286 663 1353 sacramentalis
685 1286 885 1370 prohibetur.

87 1406 139 1459 549
238 1401 291 1466 Ao
315 1421 507 1477 quansrruu
530 1404 570 1466 2¹⁷²
592 1401 631 1467 lt.
659 1404 687 1469 l.
734 1400 860 1466 Camilli
890 1400 1009 1482 agendi
1032 1401 1118 1467 ratio
1150 1423 1192 1468 ex
1216 1424 1282 1468 una
1304 1408 1403 1487 parte
1426 1403 1472 1470 vi·

149 1489 246 1555 detur
267 1489 441 1556 manifeste
465 1511 536 1556 esse
560 1489 744 1555 formaliter
773 1493 887 1555 contra
917 1488 1083 1556 decretum
1106 1491 1282 1559 Clementis
1305 1493 1405 1569 VIII3
1434 1514 1472 1558 ex

150 1579 257 1646 altera
279 1583 376 1664 parte
399 1578 503 1644 videri
526 1579 622 1645 alicui
645 1582 757 1663 potest
780 1579 861 1644 haec
883 1578 969 1644 ratio
993 1579 1112 1661 agendi
1127 1581 1161 1646 in
1176 1586 1290 1647 nostro
1306 1603 1388 1647 casu
1412 1604 1472 1647 non

150 1690 222 1736 esse
252 1674 368 1736 contra
397 1669 522 1752 legem,
553 1689 626 1733 eum
656 1688 720 1733 non
750 1667 794 1734 sit
823 1672 939 1734 contra
962 1668 1045 1750 legis
1067 1670 1183 1745 finem,
1215 1690 1254 1736 eo
1284 1671 1372 1751 quod
1397 1671 1473 1736 nihil

149 1759 330 1842 paenitenti
352 1758 528 1841 ingratum,
553 1757 611 1822 sed
633 1757 742 1841 potius
766 1756 896 1839 aliquod
912 1762 1042 1838 gratum
1065 1759 1134 1824 fiat.
1166 1759 1229 1824 Est
1250 1763 1363 1825 autern
1388 1780 1473 1826 com·

149 1847 256 1913 munis
279 1848 428 1914 doctrina
451 1868 516 1912 non
547 1867 620 1912 esse
643 1851 758 1913 contre
781 1845 937 1928 sigillum:
971 1845 1206 1912 confessarium
1230 1867 1266 1912 se
1290 1868 1333 1913 ex
1356 1849 1476 1916 notitia

151 1935 365 2004 confessionis
388 1936 525 2002 reddere
547 1934 730 2020 paenitenti
752 1935 858 2016 magis
881 1938 1012 2016 gratum
1036 1941 1070 2002 et
1092 1936 1281 2003 beneficum.

238 2034 276 2101 R.
304 2038 333 2102 2.
365 2032 594 2112 Nihilominus,
618 2033 647 2098 si
669 2055 704 2099 re
728 2054 808 2099 vera
831 2032 862 2097 in
887 2037 1000 2099 nostro
1016 2054 1094 2099 casu
1111 2033 1280 2118 dispositio
1296 2034 1475 2117 superioris

147 2144 244 2201 nova,
269 2145 312 2189 ex
335 2124 454 2191 notitia
469 2122 681 2189 confessionis
696 2123 795 2199 iacta,
820 2121 964 2188 Antonio
981 2143 1045 2187 non
1062 2122 1107 2189 sit
1121 2123 1227 2188 minus
1242 2126 1351 2205 grata,
1375 2123 1474 2189 immo

150 2233 192 2278 ex
221 2234 257 2278 se
287 2213 429 2279 fortasse
461 2212 603 2295 gratior:
636 2211 803 2294 ingratum
833 2215 867 2278 et
897 2211 1071 2277 molestum
1100 2223 1229 2295 semper
1257 2218 1310 2278 est
1340 2219 1476 2298 propter

149 2301 385 2367 confessionem
416 2306 523 2368 minae
552 2309 662 2386 uptam
690 2300 802 2366 haberi
834 2300 876 2365 ad
906 2299 994 2365 aliud
1024 2321 1140 2365 munus
1168 2301 1234 2366 iam
1261 2300 1473 2369 destinatum.

149 2391 356 2474 Quapropter
384 2411 500 2456 censeo
524 2389 694 2455 Camillum
724 2393 859 2473 propter
887 2390 1127 2455 sacramentale
1156 2389 1299 2472 sigillum
1331 2412 1398 2457 non
1429 2391 1477 2458 ita

150 2500 250 2562 agere
274 2480 429 2564 potuisse,
453 2481 537 2545 sicut
560 2479 692 2562 reipsa
715 2478 793 2560 egit.

238 2576 277 2642 R.
309 2579 339 2642 3.
371 2577 493 2642 Verum
518 2575 597 2641 nihil
621 2575 829 2660 impediebat,
853 2575 930 2658 quin
952 2575 986 2641 in
1010 2575 1214 2642 confessione
1229 2575 1386 2644 Camillus
1409 2578 1476 2644 An·

150 2664 240 2732 tenio
272 2665 394 2732 diceret
424 2687 459 2731 se
488 2666 521 2730 in
553 2665 662 2731 animo
686 2664 814 2748 quidem
844 2685 960 2746 gerere
989 2664 1095 2748 ipsum
1124 2664 1199 2730 huic
1227 2671 1318 2733 certo
1348 2668 1476 2733 muneri

152 2754 333 2838 applicare:
357 2755 414 2820 sed
438 2776 522 2820 nunc
546 2775 581 2819 se
604 2754 748 2820 iudicare
772 2753 886 2818 melius
910 2774 984 2818 esso
1006 2775 1076 2819 rem
1098 2758 1243 2832 mutare,
1277 2754 1305 2820 si
1329 2755 1394 2838 ipsi
1417 2756 1478 2822 hoc

152 2865 216 2909 uon
248 2842 458 2927 displicuerit.
513 2843 634 2920 Quodsi
664 2842 738 2907 dein
768 2841 930 2907 Antonius
963 2842 1064 2908 libere
1095 2843 1264 2926 respondit
1297 2843 1360 2909 sihi
1393 2845 1478 2910 hanc

150 2932 366 2998 mutationem
397 2932 527 2997 minime
558 2954 629 2997 esse
659 2931 841 3012 ingratam,
873 2931 1043 3007 Camillus,
1075 2952 1117 2996 ex
1140 2933 1237 2997 venia
1266 2933 1308 2997 ab
1332 2934 1478 2999 Antonio

152 3021 241 3096 data,
258 3021 376 3088 notitia
392 3021 604 3086 confessionis
621 3020 663 3085 ad
678 3019 860 3086 faciendam
877 3020 965 3085 illam
983 3019 1198 3086 mutationem
1211 3020 1258 3086 uti
1273 3024 1418 3104 poterat.
1434 3062 1478 3071 -

150 3111 253 3176 Immo
275 3131 335 3194 pro
357 3110 524 3192 gravitate
540 3109 587 3175 rci
603 3112 637 3174 et
651 3108 795 3193 periculo
811 3110 918 3191 potuit
935 3129 1016 3185 esse,
1041 3112 1078 3176 ut
1093 3109 1248 3175 Camillus
1267 3111 1393 3176 debent
1408 3115 1479 3177 An-

151 3204 270 3265 tonium
294 3201 433 3284 obliquae
455 3201 501 3263 ad
524 3200 668 3264 dandum
690 3220 885 3280 consensum,
909 3202 939 3262 si
953 3200 1039 3263 vellet
1055 3199 1173 3264 absolvi
1180 3221 1194 3280 ;
1215 3198 1243 3264 si
1258 3198 1413 3265 nimirum
1436 3223 1478 3266 ex

69 3301 76 3317 ·
152 3288 363 3371 dispositione
393 3288 501 3371 priore
530 3309 628 3370 quam
651 3287 806 3352 Camillus
829 3291 939 3352 mente
962 3292 1174 3371 conceperat,
1206 3294 1402 3370 sequeretur
1424 3311 1479 3356 oo·

152 3377 241 3442 casio
264 3377 413 3460 proxima
436 3399 494 3460 pro
519 3377 660 3443 Antonio
684 3376 815 3441 aliudve
839 3397 941 3457 gravo
965 3376 1096 3442 melum.

241 3473 280 3540 R.
305 3475 335 3540 4.
383 3474 539 3540 Similiter
561 3475 622 3540 dici
647 3473 744 3539 dehet
767 3474 945 3557 parochum
968 3494 1032 3538 non
1062 3474 1209 3558 potuisse
1232 3477 1369 3558 propter
1393 3476 1479 3543 noti·

152 3562 234 3628 tiam
259 3563 471 3628 confessionis
494 3565 635 3648 puellam
652 3562 826 3628 excludere
850 3583 1029 3638 amunere,
1054 3562 1095 3628 ad
1111 3562 1197 3645 quod
1214 3583 1286 3628 eam
1310 3584 1480 3631 assumere

152 3656 337 3730 statuerat,
368 3673 409 3717 ne
432 3653 472 3717 ob
496 3652 726 3736 gravissimum
751 3651 880 3734 quidem
905 3652 1074 3728 damnum,
1106 3653 1191 3735 quod
1224 3652 1287 3718 sibi
1317 3658 1392 3721 erat
1415 3655 1479 3720 ori·

152 3745 273 3808 turum.
304 3743 374 3806 Lex
398 3741 483 3807 enim
506 3741 605 3824 sigilli
628 3740 877 3806 sacramentalis
900 3740 1026 3806 servari
1050 3741 1146 3807 debet
1169 3741 1269 3809 etiam
1293 3763 1367 3807 cum
1391 3743 1479 3809 malo

153 3836 311 3897 extremo.

242 3920 378 3985 Poterat
401 3923 512 3985 autem
536 3922 570 3985 et
600 3919 740 3985 debebat
763 3918 929 4001 Sapricius
959 3918 1117 4002 puellam,
1149 3939 1222 3984 cum
1253 3921 1479 4000 confiteretur,

154 4007 316 4086 inducere,
341 4013 377 4073 ut
401 4008 601 4075 consentiret
622 4007 656 4073 in
681 4007 806 4074 consilii
829 4007 1054 4073 mutationem.

91 4130 144 4183 550
244 4123 296 4188 Ao
312 4143 503 4199 onnusmuu
528 4125 566 4187 3¹²
591 4122 630 4188 R.
656 4125 684 4187 1.
719 4122 751 4187 Si
775 4122 885 4205 puella
908 4121 1012 4187 nolnit
1028 4121 1247 4202 acquiescere,
1271 4123 1480 4192 absolutione

153 4209 289 4292 indigna
319 4213 400 4277 erat.
447 4211 534 4276 Nam
567 4212 665 4277 etiam
699 4212 844 4276 oblatum
875 4232 992 4275 munus
1022 4211 1161 4276 ancillae
1190 4210 1277 4294 apud
1301 4213 1479 4295 parochum

153 4300 329 4367 tenebatur
352 4300 525 4374 declinare,
550 4300 627 4382 quia
643 4300 749 4365 officio
770 4303 938 4382 assumpto
955 4299 1130 4382 parochum
1153 4299 1275 4366 iniuste
1296 4301 1482 4368 coniciebat

154 4389 187 4453 in
219 4389 449 4471 gravissimum
480 4389 711 4455 diffamationis
741 4389 919 4472 periculum
952 4410 1023 4452 cum
1055 4388 1184 4471 publico
1215 4390 1370 4456 scandalo
1403 4413 1480 4456 con·

155 4477 311 4544 iunctum.
409 4489 417 4511 '

244 4568 282 4633 R.
315 4570 345 4634 2.
393 4567 427 4632 Si
458 4567 568 4651 puella
598 4569 713 4651 utpote
746 4567 912 4632 obstinata
945 4565 1014 4630 sine
1048 4565 1252 4631 absolutione
1285 4567 1482 4635 dimittenda

154 4661 244 4723 erat:
267 4657 438 4741 parochus,
465 4654 527 4723 etsi
551 4656 720 4721 consilium
743 4677 837 4720 suurn
863 4678 900 4720 ea
914 4659 1027 4720 notitia
1044 4655 1251 4738 confessionis
1266 4677 1332 4722 non
1349 4662 1483 4741 poterat
