3044 5174
420 294 539 348 Ministri
557 293 678 363 probitas
696 296 854 348 crustatus
872 294 986 362 gratiae.
1321 300 1362 364 19

121 473 162 537 R.
191 473 222 537 2.
256 469 290 535 Si
313 472 425 534 tamen
454 466 561 533 tristis
591 467 702 550 lapsus
733 467 904 546 acciderit,
935 491 1030 554 quam
1058 474 1198 555 primm
1228 472 1363 539 studeat

76 581 103 626 re
136 581 200 644 per
232 557 473 624 confessionem
503 556 574 621 sive
604 577 663 639 per
694 557 877 640 perfectam
910 557 1137 624 contritionem
1170 560 1205 624 in
1237 565 1360 627 statum

76 652 165 717 stiae
189 648 299 714 redire
322 667 427 728 neque
451 666 510 729 per
533 667 630 710 unam
654 647 769 712 horam
792 647 880 713 sinat
903 647 995 713 sein
1018 652 1109 713 statu
1132 650 1261 732 peccati
1283 651 1362 716 hae·

76 761 117 805 re.
167 737 353 804 Secundum
375 735 508 802 Rituale
531 734 624 800 Rom.
659 736 864 812 „meminisse
887 737 984 803 debet
1014 759 1050 802 se
1074 738 1161 803 omni
1185 738 1255 804 fere
1277 742 1362 805 tem-

77 829 123 894 ris
158 831 326 892 momento
358 826 400 890 ad
432 828 502 890 tam
534 827 670 889 sanctae
704 825 998 892 administrationis
1032 826 1175 892 officium
1209 832 1363 912 paratum

76 939 107 984 so
132 919 321 1000 oportere“.

124 1023 166 1090 R.
184 1025 216 1089 3.
247 1022 282 1088 Si
305 1025 381 1106 post
403 1020 532 1103 lapsum
555 1019 719 1085 infelicem
739 1025 817 1087 ante
833 1026 1062 1104 recuperatum
1085 1025 1209 1088 statum
1233 1024 1363 1106 gratiae

76 1170 78 1177 ,
100 1112 273 1196 inopinato
297 1111 339 1176 ad
355 1113 563 1175 sacramenta
580 1111 778 1175 conferenda
793 1115 939 1187 vocetur,
964 1114 1121 1192 quantum
1144 1111 1211 1178 fert
1233 1119 1363 1198 tempus

91 1201 288 1278 necessitas,
312 1203 449 1265 conetur
471 1198 589 1264 saltem
613 1198 646 1263 in
662 1198 717 1264 via
740 1204 849 1264 actum
871 1200 1077 1266 contritionis
1100 1200 1218 1266 elicere
1241 1203 1363 1269 Deum-

76 1311 99 1357 e
123 1291 167 1357 ad
191 1291 224 1355 id
247 1289 375 1372 gratiae
398 1286 556 1353 auxilium
580 1308 622 1352 ex
646 1288 743 1353 corde
766 1309 900 1370 rogare:
925 1289 1012 1370 quod
1035 1289 1063 1354 si
1086 1289 1198 1367 faciat,
1223 1312 1287 1357 non
1311 1298 1364 1359 est

76 1380 220 1446 nendum
252 1399 293 1443 ne
322 1398 358 1443 se
381 1398 467 1443 novo
490 1380 626 1459 peccato
651 1377 853 1459 coinquinet;
886 1399 961 1443 nam
986 1379 1164 1444 secundum
1188 1380 1220 1446 S.
1244 1379 1362 1465 Alph.

80 1492 108 1536 c.
144 1491 175 1535 n.
208 1470 250 1533 34
281 1467 363 1533 satis
394 1469 445 1532 est
480 1465 571 1541 „elici
602 1466 831 1532 contritionem
861 1467 1076 1550 probabiliter
1105 1468 1361 1544 existimatam“,

78 1559 122 1624 od
147 1557 271 1622 homini
295 1559 416 1622 sinam
440 1556 486 1619 od
508 1555 612 1620 Deam·
639 1557 748 1622 redire
770 1558 884 1622 volenti
912 1556 1113 1640 impossibile
1136 1579 1201 1622 non
1225 1562 1292 1636 est,
1324 1580 1363 1625 eo

77 1649 121 1714 od
135 1648 227 1713 Deus
239 1645 360 1712 homini
376 1643 501 1728 petenti
520 1647 554 1708 et
566 1643 700 1711 facienti
717 1645 803 1727 quod
821 1649 873 1711 est
888 1645 923 1709 in
935 1666 971 1710 se
987 1646 1098 1728 gratia
1114 1667 1173 1712 sua
1189 1668 1255 1712 non
1267 1648 1361 1714 desit.

125 1737 181 1802 Ex
205 1735 245 1801 iis
268 1755 352 1818 quae
367 1733 464 1798 modo
480 1732 585 1798 fusius
601 1733 781 1800 dictasunt
797 1734 894 1800 facile
911 1736 1020 1800 solves
1036 1758 1145 1802 cosam
1160 1740 1361 1819 sequentem.

238 1934 451 2001 MINISTER
474 1934 521 1999 IN
545 1931 688 2000 STATU
711 1934 894 2000 PECCATI
918 1935 1168 2005 EXSISTENS.

615 2092 725 2158 dasus.
746 2100 786 2169 (9)

128 2235 225 2296 Carus
247 2233 394 2310 parochus
416 2231 576 2291 infeliciter
595 2231 698 2308 lapsus
719 2251 773 2309 per
794 2237 856 2292 tres
878 2252 972 2292 annos
987 2233 1085 2293 haesit
1105 2233 1136 2293 in
1156 2240 1280 2311 peccato
1301 2254 1364 2296 suo.

76 2317 163 2378 terim
185 2322 286 2374 tamen
308 2313 406 2373 omnia
426 2331 549 2371 munera
570 2311 754 2389 parochialia
776 2318 806 2371 et
827 2314 1025 2373 sacerdotalia
1055 2314 1150 2374 obivit
1177 2316 1363 2387 celebrando,

76 2400 230 2457 eramenta
255 2393 466 2463 ministrando,
497 2392 711 2464 contionando,
740 2393 884 2452 exercitia
905 2393 1071 2454 devotionis
1092 2395 1293 2472 pomeridiana
1314 2397 1364 2454 ha-

76 2477 133 2537 odo
155 2475 403 2612 etiamdexposito
424 2492 465 2533 ss.
487 2478 692 2543 sacramento,
714 2473 911 2533 matrimoniis
932 2475 1119 2546 assistendo,
1142 2476 1364 2536 benedictiones

76 2577 139 2617 nas
161 2574 239 2632 agen
261 2575 287 2615 o.

126 2644 214 2705 Nunc
236 2645 360 2713 demum,
382 2641 479 2718 gratia
493 2647 602 2711 tactus,
624 2660 691 2700 sese
713 2661 778 2700 cum
793 2643 858 2701 Deo
879 2643 1072 2703 reconciliare
1087 2644 1184 2721 cupit;
1206 2645 1259 2704 sed
1279 2665 1364 2723 quae·

76 2747 117 2786 ur
138 2724 284 2802 quomodo
315 2723 465 2799 explicare
493 2728 524 2780 et
545 2740 716 2780 enumerare
738 2723 844 2781 debeat
864 2724 1022 2800 sacrilegia
1044 2744 1114 2796 sua,
1143 2730 1176 2784 ut
1203 2731 1362 2803 praecepto

76 2805 238 2866 nfessionis
261 2803 449 2863 satisfaciat?

635 2951 770 3019 Solutio.

128 3099 182 3164 Ar>
206 3115 396 3173 Qusnsrrmr
412 3094 451 3160 R.
472 3096 500 3159 l.
532 3093 610 3158 Cum
634 3093 762 3158 dicatur
778 3093 879 3157 Carus
902 3093 1060 3158 mansisse
1082 3092 1115 3157 in
1138 3097 1407 3178 peccatosuomr

76 3188 200 3254 utiliter
224 3185 392 3266 quaeritur
414 3204 491 3247 num
515 3187 593 3248 ante
609 3187 888 3247 sacramentorum
907 3181 1221 3248 administrationem
1245 3184 1364 3249 saltem

76 3300 96 3343 r
119 3274 349 3343 contritionem
373 3272 553 3356 perfectam
576 3292 649 3336 sese
673 3292 745 3336 cum
769 3272 838 3336 Deo
861 3271 1133 3339 reconciliaverit.
1178 3272 1269 3349 Quod
1293 3273 1364 3355 qui-

76 3389 112 3432 rn
128 3367 162 3430 in
179 3364 288 3446 rigore
304 3362 434 3438 sufficit,
451 3362 479 3426 si
496 3360 657 3443 excipitur
672 3383 716 3425 ss.
734 3360 853 3425 missae
869 3360 1070 3426 sacrificium
1082 3362 1364 3445 eucharistiaeque

77 3455 192 3539 mptio.
227 3453 290 3517 Sed
314 3473 387 3516 cum
410 3452 512 3516 Carus
536 3450 634 3516 etiam
660 3450 826 3514 celebrare
849 3449 919 3514 sine
943 3450 1147 3515 confessione
1169 3452 1363 3535 perrexerit,

94 3543 178 3610 satis
202 3541 346 3607 ostendit
381 3560 487 3621 neque
519 3539 724 3605 contritionis
754 3543 906 3604 conatum
939 3539 1083 3604 adfuisse
1113 3561 1218 3622 neque
1250 3563 1364 3607 veram

96 3632 258 3698 sinceram
289 3629 533 3704 contritionem,
565 3631 679 3712 utpote
703 3648 787 3709 quae
809 3628 852 3694 sit
875 3628 1083 3712 impossibilis
1108 3630 1177 3695 sine
1200 3651 1281 3696 vera
1305 3652 1364 3695 vo-

76 3728 168 3790 ntate
201 3719 338 3786 cavendi
369 3719 402 3783 in
434 3722 601 3801 posterum
635 3738 655 3782 a
687 3717 803 3798 quovis
835 3722 970 3801 peccato
1003 3718 1114 3799 gravi:
1152 3741 1229 3783 nam
1261 3741 1363 3801 grave

76 3815 212 3878 rccatum
237 3814 289 3874 est
310 3829 369 3893 per
392 3829 427 3872 se
451 3808 617 3872 celebrare
641 3810 716 3889 post
739 3812 909 3890 peccatum
933 3828 1036 3888 grave
1062 3808 1267 3872 commissum
1286 3814 1364 3876 ante

76 3905 207 3986 ceptam
230 3897 500 3964 sacramentalem
524 3896 773 3961 absolutionem.

130 4017 171 4082 R.
190 4018 220 4079 2.
253 4013 304 4078 Ex
327 4017 426 4079 antea
450 4012 546 4078 dictis
569 4011 652 4076 satis
667 4010 834 4094 probabile
860 4014 911 4074 est
934 4010 1073 4076 mortale
1089 4012 1297 4093 sacrilegium
1322 4015 1363 4078 ab

76 4132 81 4169 ι
105 4106 162 4190 qui
188 4104 221 4168 in
238 4107 328 4168 statu
344 4102 470 4185 peccati
495 4101 658 4166 exsistens
681 4122 793 4165 sacras
816 4099 1000 4164 functiones
1023 4105 1164 4182 peragat
1186 4123 1249 4165 non
1275 4124 1363 4165 com-

76 4197 136 4274 itti,
161 4193 224 4258 nisi
247 4197 367 4272 agatur
390 4192 430 4256 de
454 4191 657 4257 confectione
680 4194 961 4254 sacramentorum
986 4210 1005 4253 a
1026 4189 1175 4255 ministro
1199 4214 1262 4275 qua
1285 4212 1363 4255 con-

76 4289 171 4352 crato
189 4281 334 4347 oriunda.
367 4280 488 4346 Hinca
511 4280 642 4345 mortali
666 4277 839 4359 sacrilegio
862 4279 1076 4361 probabiliter
1095 4280 1253 4344 immunes
1269 4285 1362 4345 sunt:

129 4384 163 4461 a)
187 4378 331 4461 liturgici
355 4383 448 4445 actus
472 4378 636 4442 variarum
660 4375 938 4451 benedictionum;

128 4473 148 4535 b
188 4468 346 4534 exercitia
368 4468 502 4551 pietatis
525 4467 664 4550 publica,
689 4467 789 4531 etiam
813 4486 883 4529 cum
903 4464 1052 4546 exposito
1077 4486 1119 4532 ss.
1138 4469 1361 4539 sacrament0;

184 4559 284 4623 immo
307 4557 378 4641 ipsa
401 4578 516 4622 sacrae
540 4555 773 4621 communionis
798 4554 997 4630 distributim

186 4645 355 4713 contiones
377 4667 535 4711 sacraeve
558 4644 808 4718 instructiones;

1121 4742 1157 4797 2*
