3044 5174
228 237 363 291 Materiae
383 236 581 291 consecrandae
599 234 762 306 praesentia,
783 252 896 304 eamque
916 236 1090 290 consecrandi
1109 237 1230 291 intentio.
1351 242 1393 307 73

152 412 365 479 Solummodo
389 411 417 476 si
447 411 585 477 Solanus
618 409 770 476 dubitans
801 432 877 476 num
908 410 1009 491 forte,
1041 432 1077 477 se
1100 433 1165 476 non
1189 413 1392 489 advertente,

76 502 248 569 tartieulae
271 501 395 567 allatae
417 500 485 565 siut
513 499 726 566 intentionem
752 501 972 577 efformasset,
1004 501 1215 566 consecrandi
1239 501 1394 585 quidquid

76 614 94 657 n
118 590 285 676 corporali
310 589 496 667 exsisteret,
520 589 691 654 dicendum
715 595 802 653 esset
820 589 1015 672 particulam
1040 593 1073 655 et
1096 590 1181 655 hano
1198 594 1231 656 et
1254 591 1393 657 alteram

76 682 166 747 uisse
182 682 419 746 consecratam.
456 679 579 743 Verum
601 677 650 744 ita
665 677 835 744 intendere
851 699 957 760 neque
973 680 1061 744 ultra
1078 679 1259 756 attendere,
1283 684 1393 746 utrum

76 792 98 837 e
127 771 205 854 ipsa
235 767 358 850 aliquid
386 768 420 832 iu
448 767 609 852 corporali
640 766 765 833 existat
794 788 919 845 annon,
950 767 1133 849 generatim
1164 788 1269 851 neque
1300 769 1395 835 decet

76 880 171 942 reque
194 858 282 925 licet.

155 956 196 1023 R.
214 959 244 1021 2.
279 955 391 1032 Quoad
412 953 553 1038 priorem
569 952 660 1017 illam
676 952 870 1036 particulam
887 952 991 1019 maior
1007 974 1080 1018 esse
1095 958 1206 1037 potest
1222 953 1394 1022 dubitatio.

76 1047 129 1111 .²ro
163 1047 260 1130 parte
293 1042 509 1121 affirmativa,
545 1041 670 1108 scilicet
702 1042 897 1125 particulam
929 1042 1021 1109 illam
1053 1064 1125 1108 esse
1157 1048 1393 1122 consecratam,

76 1135 177 1200 merri
199 1131 323 1219 poterit
346 1130 499 1214 analogia
523 1152 595 1196 cum
620 1130 831 1214 dispositione
854 1131 1014 1209 Missalis,
1046 1153 1108 1214 quo
1133 1133 1222 1199 clare
1246 1133 1393 1211 edicitur,

76 1224 91 1289 i
114 1224 273 1290 sacerdos
295 1225 416 1306 putans
439 1241 476 1286 se
499 1223 613 1288 tenere
637 1241 736 1286 unam
758 1219 899 1287 hostiam
923 1220 956 1285 in
979 1221 1140 1300 manibus,
1164 1226 1279 1289 teneat
1302 1223 1393 1301 duas,

76 1314 140 1378 lum
166 1313 270 1378 verba
292 1309 548 1377 consecrationis
571 1309 770 1393 pronuntiet,
795 1317 962 1395 atramque
985 1331 1058 1376 esse
1081 1317 1317 1379 consecratam.
1356 1311 1394 1376 In

76 1406 179 1469 rostro
203 1401 306 1485 igitur
329 1421 407 1466 casu
430 1400 584 1465 sacerdos
607 1419 680 1464 eum
704 1398 827 1464 maiore
849 1398 958 1465 hostia
981 1398 1077 1465 simul
1107 1401 1214 1468 tenuit
1236 1401 1394 1467 minorem

76 1491 315 1566 idhaerentem3
346 1509 425 1572 ergo
448 1487 578 1554 videtur
607 1508 680 1553 eam
709 1486 803 1553 simul
835 1508 907 1553 eum
937 1487 995 1554 illa
1019 1509 1237 1556 consecrasse.
1284 1490 1395 1573 Atque

76 1581 94 1645 d
117 1601 156 1646 ro
179 1579 254 1664 ipsa
276 1577 444 1664 probabile
460 1597 533 1643 esse
550 1576 713 1644 existimo.
748 1576 871 1642 Verum
888 1598 952 1642 uon
969 1576 1122 1643 existimo
1145 1579 1177 1644 id
1202 1600 1274 1645 esse
1297 1579 1395 1663 plane

76 1674 202 1748 artum,
228 1689 301 1733 cum
316 1689 382 1734 non
405 1666 502 1751 plane
518 1665 634 1732 eadem
649 1665 693 1732 sit
709 1665 864 1745 condicio,
889 1667 972 1732 acsi
988 1667 1141 1732 sacerdos
1158 1668 1239 1733 duas
1255 1669 1395 1734 maiores

76 1759 192 1826 rostias
216 1778 315 1823 mauu
344 1760 452 1836 tenet,
482 1759 604 1840 putans
628 1775 701 1820 esse
724 1776 833 1821 unam.
880 1754 917 1819 In
940 1755 1002 1821 hoc
1025 1756 1139 1822 ultimo
1164 1778 1242 1823 casu
1267 1778 1394 1822 ornnem

76 1847 240 1915 catenam
254 1845 347 1913 videt
369 1850 404 1913 et
426 1849 519 1911 tenet
541 1844 728 1910 immediate
751 1844 784 1908 iu
808 1864 843 1908 se
867 1847 967 1926 atquo
990 1844 1074 1910 hanc
1097 1845 1202 1929 ipsam
1221 1847 1394 1912 materiam

76 1958 163 2020 [uam
193 1934 383 2001 immediate
412 1937 505 2001 tenet
527 1934 641 1999 volens
665 1937 845 1999 consecrat.
893 1932 930 1998 Iu
960 1933 1069 2017 priore
1099 1955 1177 2000 casu
1207 1935 1395 2002 immediate

76 2031 196 2093 antam
218 2026 313 2090 tenet
334 2023 490 2090 maiorem
514 2021 666 2098 hostiam,
690 2021 846 2087 minorem
871 2023 974 2088 solum
999 2024 1256 2091 concomitanter
1280 2029 1313 2090 et
1336 2045 1395 2107 per

76 2115 223 2181 naiorem
253 2112 343 2178 illam
373 2111 423 2178 cui
453 2112 573 2178 leviter
602 2111 776 2188 adhaeret,
807 2111 904 2193 idque
934 2110 1072 2179 nescius.
1125 2112 1233 2189 Quare
1262 2113 1395 2178 dubium

76 2203 196 2288 concipi
207 2205 320 2287 potest
336 2204 444 2266 utrum
457 2199 599 2266 voluerit
615 2201 718 2266 solum
736 2200 768 2265 id
786 2201 870 2281 quod
882 2200 1070 2267 immediate
1088 2201 1121 2265 iu
1134 2202 1284 2268 manibus
1295 2203 1396 2270 habet

76 2313 265 2360 musecrare
288 2312 332 2356 an
354 2311 450 2356 omne
465 2290 551 2373 quod
577 2312 647 2355 cam
672 2292 727 2355 illa
748 2293 856 2355 tenet:
881 2289 944 2354 nisi
959 2290 1045 2356 forte
1069 2313 1251 2377 expressam
1274 2293 1396 2358 forma-

76 2383 154 2448 rerit
176 2380 382 2447 voluntatem
403 2378 615 2445 consecrandi
638 2377 791 2460 quidquid
816 2399 1018 2462 quocumque
1036 2381 1132 2446 modo
1154 2379 1199 2447 sit
1214 2403 1326 2448 coram
1348 2402 1393 2447 se.

157 2469 323 2536 Existimo
346 2468 448 2551 igitur
476 2466 658 2552 generatim
681 2467 714 2531 in
739 2467 896 2533 eiusmodi
925 2489 1003 2534 casu
1033 2469 1173 2535 hostiam
1198 2491 1270 2536 esse
1301 2471 1396 2536 dubie

76 2563 298 2627 consecratam
322 2562 357 2625 et
379 2561 417 2624 ut
440 2558 540 2623 talem
564 2560 756 2622 reverenter
776 2577 849 2622 esse
872 2557 1091 2624 tractandam.

156 2665 197 2732 R.
223 2668 254 2732 3.
300 2664 404 2729 Recte
434 2667 544 2729 autem
575 2661 714 2728 Solanus
744 2667 917 2745 utramque
946 2663 1038 2729 illam
1066 2663 1225 2730 minorem
1255 2665 1395 2732 bostiam

76 2759 104 2820 rt
127 2754 226 2820 dubie
250 2756 476 2819 consecratam
498 2751 613 2817 habuit
636 2755 670 2817 et
692 2750 865 2829 tractavit,
891 2773 963 2817 cum
987 2774 1029 2819 ue
1051 2753 1243 2838 ampliorem
1267 2754 1394 2837 quidem

76 2842 312 2926 aquisitionem
335 2841 367 2907 in
391 2841 463 2925 ipse
487 2861 581 2907 sacre
604 2839 777 2906 instituere
799 2841 954 2924 potuerit.

157 2967 212 3033 An
240 2985 432 3042 auaasrruu
455 2968 494 3029 2¹¹¹
516 2964 555 3030 R.
584 2967 611 3030 1.
658 2963 693 3029 Si
722 2962 863 3048 priorem
893 2964 984 3029 illam
1014 2965 1210 3048 particulam
1240 2986 1324 3048 quae
1354 2967 1395 3031 ab
1406 2983 1455 3036 127

76 3056 161 3124 mitio
192 3057 227 3122 in
257 3059 380 3139 patena
402 3054 571 3131 adfuerat,
604 3052 667 3120 etsi
697 3054 868 3119 sacerdote
891 3053 1009 3133 inscio,
1041 3054 1194 3119 sacerdos
1218 3058 1295 3120 ante
1319 3075 1395 3119 con·

76 3144 287 3212 secretionem
317 3142 622 3220 animadvertisset,
653 3144 733 3225 puto
761 3142 891 3207 omnino
922 3163 993 3208 eam
1024 3142 1112 3209 licite
1142 3142 1288 3226 potuisse
1319 3164 1395 3208 con·

76 3234 203 3312 aecrari,
228 3233 291 3300 etsi
315 3232 411 3299 dubie
434 3236 564 3298 tantum
581 3230 638 3313 (ex
661 3230 791 3296 defectu
815 3230 1020 3313 intentionis)
1036 3231 1137 3298 fuerit
1153 3232 1273 3298 oblata.
1309 3232 1395 3298 Nam

76 3344 137 3390 cum
155 3325 192 3390 in
207 3322 270 3389 hoc
285 3343 363 3388 casu
379 3320 593 3406 probabiliter
608 3319 721 3386 oblata
736 3325 770 3386 et
792 3320 894 3388 totius
910 3320 1050 3386 actionis
1067 3321 1241 3404 liturgicae
1257 3322 1395 3388 intentio

76 3414 109 3479 ad
131 3434 208 3479 eam
233 3411 331 3478 etiam
356 3411 482 3478 directa
504 3414 603 3488 esset,
627 3413 781 3475 nouerat
803 3409 888 3475 ratio
912 3413 1002 3475 certo
1025 3410 1200 3493 prohibens
1224 3432 1307 3493 quae
1324 3432 1396 3476 eam

76 3507 239 3586 tamquam
263 3501 368 3566 serius
391 3500 527 3566 allatam
552 3521 573 3566 a
596 3498 841 3564 consecratione
865 3499 1064 3566 excluderet.

156 3608 197 3674 R.
223 3610 253 3673 2.
301 3608 350 3672 De
379 3605 561 3690 posteriore
591 3603 754 3688 particula
784 3625 868 3687 quae
898 3606 940 3670 ad
976 3606 1150 3682 „Sanetus“
1185 3605 1395 3682 afferebatur,

76 3697 165 3764 ahter
183 3695 355 3762 dicendum
372 3699 433 3762 est.
464 3695 548 3761 Erat
567 3693 755 3760 immediate
771 3694 900 3776 quidem
918 3703 991 3759 onte
1007 3714 1180 3770 canonem;
1205 3695 1280 3760 hinc
1297 3716 1396 3760 eausa

76 3787 212 3867 gravior,
238 3785 300 3851 etsi
323 3805 388 3849 non
404 3784 553 3850 absolute
576 3783 689 3865 gravis
712 3782 811 3865 (quae
834 3783 964 3867 incepto
985 3783 1050 3848 iam
1067 3804 1191 3849 canone
1206 3784 1396 3866 requiritur)

76 3873 258 3942 necessaria
287 3876 369 3940 erat.
420 3872 485 3940 Sed
514 3871 695 3938 communio
726 3871 820 3937 unius
851 3872 1029 3938 alteriusve
1058 3872 1123 3938 iam
1154 3892 1197 3937 ex
1227 3894 1266 3939 eo
1297 3895 1397 3940 causa

76 3966 182 4046 gravis
198 3984 263 4029 nou
281 3967 363 4039 erat,
388 3962 464 4045 quia
479 3962 632 4027 sacerdos
647 3965 778 4044 poterat
799 3983 857 4045 pro
874 3982 938 4027 uno
955 3960 1102 4027 alterove
1119 3964 1396 4029 communicaturo

76 4054 265 4136 particulam
290 4074 332 4118 ex
362 4074 422 4117 sao
451 4051 561 4118 hostia
592 4052 770 4116 desumere.
818 4051 862 4117 Et
885 4072 921 4116 re
944 4072 1025 4116 vera
1055 4051 1087 4114 in
1112 4057 1224 4118 nostro
1248 4073 1325 4117 casu
1349 4053 1397 4118 ita

76 4163 172 4226 agens
195 4142 313 4208 melius
336 4141 470 4206 fecisset
493 4161 590 4223 quam
614 4138 908 4205 communicaturos
931 4139 1003 4205 illos
1028 4140 1209 4207 remittens.

156 4233 192 4299 Si
223 4252 302 4297 vero
333 4229 514 4314 particulae
544 4229 621 4294 illae
649 4228 838 4294 immediate
867 4233 943 4312 post
973 4230 1173 4296 offertorium
1205 4231 1394 4304 afferuntur,

76 4342 167 4390 causa
198 4319 404 4387 rationabilis
433 4318 555 4385 sufficit
587 4319 629 4384 ad
661 4338 718 4382 eas
751 4318 980 4394 assumendas,
1014 4318 1179 4384 oblatione
1208 4318 1396 4382 mentaliter

76 4413 230 4498 suppleta.
267 4409 376 4486 Quare
396 4407 429 4473 in
453 4408 512 4474 tali
528 4429 607 4473 casu
630 4411 741 4489 potest
764 4407 894 4489 quidem
910 4408 1064 4473 sacerdos
1080 4406 1210 4472 reiectis
1225 4405 1395 4488 particulis

76 4501 130 4568 llis
152 4522 197 4569 ex
221 4519 285 4565 sua
314 4497 422 4564 hostia
448 4519 507 4582 pro
532 4496 756 4562 communione
780 4495 969 4574 detrahere,
1000 4500 1110 4580 potest
1140 4501 1249 4561 tamen
1275 4494 1395 4559 allatas

76 4590 250 4676 ¹curticulas
274 4607 443 4653 assumere
467 4590 500 4652 et
523 4606 725 4652 consecrare.
776 4587 832 4651 Tb.
857 4608 898 4651 m.
923 4586 964 4663 ΙΙ,
991 4588 1063 4650 126.
