3044 5174
251 299 447 371 impedimenta
465 301 629 356 matrimonii
648 302 815 359 dirimentis:
834 334 870 344 -
889 305 980 370 nonu,
999 305 1109 376 publica
1126 306 1264 362 honestas.
1356 312 1420 376 555

93 495 169 541 oum
192 473 424 558 gravissimam
447 476 615 542 infamiam
639 499 732 543 suam
756 480 976 557 revelassent;
1001 485 1148 548 attamen
1173 484 1259 548 omni
1274 484 1420 568 possibili

93 564 193 628 modo
222 563 302 630 illud
333 565 576 634 matrimonium
607 565 765 652 impedire
797 569 976 647 debebant,
1007 570 1104 652 idque
1127 570 1244 650 etiam,
1273 573 1300 638 si
1325 573 1422 639 aliter

93 674 160 719 non
191 657 328 737 possent
357 675 414 720 eos
444 655 645 739 disiungere,
678 656 861 724 indicantes
891 659 1038 741 generali
1068 660 1178 743 aliqua
1205 661 1333 728 ratione
1360 663 1421 727 im·

93 741 320 827 pedimentum
344 743 498 810 dirimens
521 745 692 812 exsistere.

187 831 310 897 Verum
339 832 387 899 ita
410 838 488 899 ante
511 834 654 911 factum;
685 840 761 919 post
783 835 907 902 facturn
931 857 985 902 res
1008 836 1204 919 gravissima
1227 838 1422 907 difficultate

92 920 293 999 involvitur,
324 942 397 987 cum
421 943 463 988 ex
486 944 552 988 una
575 928 686 1007 parte,
711 924 739 989 si
763 925 1003 991 matrimonium
1028 926 1153 992 nullum
1176 933 1243 1003 est,
1269 929 1422 995 continuo

94 1013 236 1094 peccata
265 1010 450 1077 materialia
479 1013 727 1079 committantur
758 1036 778 1078 a
808 1014 1000 1096 coniugibus
1031 1015 1208 1099 putativis,
1242 1038 1284 1082 ex
1316 1019 1422 1085 altera

93 1104 210 1183 parte,
235 1099 311 1181 quia
334 1100 574 1166 matrimonium
600 1123 665 1166 non
688 1106 779 1169 certo
802 1103 927 1168 nullum
951 1108 1017 1183 est,
1043 1105 1191 1189 separari
1214 1109 1314 1188 atque
1336 1129 1422 1176 novo

94 1187 306 1254 matrimonio
329 1188 418 1272 iungi
443 1211 515 1255 oum
539 1190 612 1256 aliis
635 1212 698 1257 non
722 1191 859 1276 possint.

187 1276 225 1342 In
257 1299 322 1361 qno
354 1299 432 1344 casu
471 1278 587 1344 melius
625 1285 677 1346 est
711 1285 849 1364 peccata
882 1281 1068 1348 materialia
1100 1283 1293 1366 permittere
1326 1307 1423 1368 quam

95 1367 268 1451 putativus
291 1367 446 1450 coniuges
469 1369 662 1451 perturbare
685 1371 738 1435 vel
763 1391 819 1435 eos
835 1390 908 1436 curn
924 1372 1079 1437 scandalo
1096 1372 1278 1455 seiungere.
1317 1375 1424 1451 Quare

96 1456 166 1522 alto
191 1455 322 1522 silentio
345 1461 419 1524 tota
440 1477 494 1522 res
518 1459 585 1540 tegi
610 1459 705 1526 debet.
741 1459 844 1525 Iurrno
868 1460 896 1524 si
919 1460 999 1543 ipsis
1017 1460 1128 1544 nuptis
1144 1466 1262 1544 postea
1276 1484 1329 1528 res
1345 1468 1424 1531 nota

96 1545 209 1611 fieret:
242 1544 448 1611 nihilominus
478 1550 553 1631 post
582 1548 824 1614 matrimonium
855 1553 1058 1616 contractum
1090 1554 1124 1614 et
1152 1558 1422 1631 consummatum,

98 1655 172 1700 curn
197 1634 327 1700 dubium
352 1635 392 1700 de
416 1635 486 1700 eius
509 1636 622 1701 valore
645 1637 729 1702 solvi
752 1658 816 1702 non
841 1638 960 1722 possit,
992 1660 1035 1703 ex
1057 1641 1321 1723 praesumptione
1345 1641 1424 1707 iuris

98 1723 212 1807 (immo
236 1744 278 1789 ex
300 1725 567 1809 praesumptione
590 1729 674 1791 iaris
690 1735 719 1791 et
735 1729 774 1791 de
789 1728 873 1807 iuro)
897 1729 1092 1793 censendum
1113 1731 1165 1793 est
1180 1729 1423 1796 matrimonium

98 1813 244 1879 validum
268 1812 402 1896 eiusque
425 1835 504 1879 usus
526 1814 702 1897 legitimus.
749 1815 796 1882 df.
827 1817 881 1881 ln.
898 1839 939 1881 no.
964 1816 1005 1892 11,
1031 1819 1094 1883 729
1119 1823 1152 1883 et
1177 1819 1251 1884 843.

187 1901 351 1968 Videlicet
382 1904 488 1990 quoad
514 1904 637 1986 foetum
668 1905 836 1987 probabile
867 1905 996 1987 quidem
1025 1906 1170 1972 sednon
1203 1910 1329 1972 certum
1362 1911 1422 1985 est,

98 1995 221 2073 nuptos
245 2011 318 2056 esse
340 1990 477 2057 fratrem
506 1995 541 2058 et
564 2013 728 2071 sororem;
760 1995 867 2080 quood
888 1997 940 2059 ios
964 1993 1064 2061 etiam
1087 1996 1255 2079 probabile
1278 1998 1336 2061 sed
1360 2017 1423 2061 uon

99 2083 321 2156 certumst,
355 2081 675 2163 consanguinitatem
706 2082 801 2165 primi
836 2083 958 2164 gradus
989 2083 1160 2150 lateralem
1184 2105 1257 2150 esse
1288 2085 1424 2169 impedi·

51 2242 54 2247 ¹
98 2172 247 2234 mentum
271 2168 425 2235 dirimens
441 2191 483 2235 ex
499 2169 569 2235 iure
585 2171 728 2237 naturali
745 2176 844 2254 atque
859 2173 907 2237 ita
922 2172 1184 2256 indispensabile.
1219 2176 1328 2256 Atque
1343 2175 1424 2240 haec

97 2259 170 2324 sola
195 2257 293 2323 dubia
316 2258 657 2325 inconsiderationem
674 2261 825 2334 veniunt;
850 2283 925 2327 nam
942 2261 1164 2346 impedimenti
1180 2263 1244 2342 lex,
1270 2272 1424 2350 quotenos

99 2350 184 2413 iuris
208 2349 408 2413 ecclesiastici
431 2356 484 2431 est,
508 2347 542 2412 in
566 2348 662 2413 dubio
686 2349 848 2415 insolubili
872 2357 1024 2417 censetur
1048 2373 1187 2418 cessare.

367 2538 599 2607 AFFINITAS
623 2540 679 2605 ΕΤ
703 2542 890 2608 PUBLIoA
913 2544 1156 2611 HONESTAS.

657 2689 768 2757 basus.
787 2699 863 2768 (277)

190 2827 339 2887 Heraldus
360 2833 391 2887 et
411 2828 590 2887 Wimmerus
611 2832 721 2889 fratres
743 2830 849 2890 ducere
870 2830 975 2890 volunt
995 2832 1075 2908 prior
1096 2832 1189 2902 Idam,
1210 2835 1358 2908 posterior
1378 2835 1425 2894 Li·

98 2928 168 2968 nam
191 2927 316 2968 sorores.
345 2908 540 2986 Sponsalibus
561 2909 658 2980 initis,
680 2911 829 2969 Heraldus
851 2911 879 2969 id
902 2911 994 2969 elficit
1016 2917 1048 2971 ut
1069 2931 1197 2987 sponsae
1218 2919 1368 2972 mutentur
1389 2935 1424 2975 eo

97 2988 177 3065 quod
197 2988 242 3047 ita
262 2989 443 3064 singulorum
465 2989 558 3047 aet-ati
578 2990 675 3065 magis
697 2991 871 3058 conveniat,
893 3010 925 3049 re
946 3010 1018 3049 vera
1040 2998 1154 3061 autem,
1184 2992 1252 3067 quia
1273 2994 1337 3069 ipse
1360 3014 1425 3054 curn

97 3069 175 3128 Lina
196 3075 383 3145 peccaverat.
412 3070 560 3128 Heraldus
576 3069 667 3144 igitur
680 3070 785 3129 Linam
807 3071 895 3141 ducit,
918 3071 980 3142 sed,
1000 3071 1187 3130 matrimonio
1208 3073 1336 3132 nondum
1358 3094 1425 3134 con·

97 3155 256 3218 summoto,
277 3149 361 3224 eligit
381 3149 473 3208 vitam
494 3149 672 3224 religiosam.
710 3149 773 3220 Quo
795 3152 884 3220 lacto,
907 3151 991 3221 Lina,
1012 3170 1050 3210 ne
1071 3171 1123 3227 per
1145 3153 1309 3228 complures
1331 3174 1425 3215 annos

97 3230 217 3290 caelebs
239 3248 360 3288 manere
380 3230 503 3300 debeat,
535 3249 553 3288 a
575 3249 688 3288 summo
715 3231 854 3307 pontifice
882 3231 958 3308 petit
979 3237 1009 3290 et
1038 3232 1153 3291 obtinet
1174 3232 1424 3308 dispensationem

99 3309 260 3370 avinculo
281 3309 460 3369 matrimonii
480 3310 555 3380 rati,
585 3316 690 3386 atque,
717 3316 885 3370 restaurato
914 3331 1014 3371 amore
1035 3311 1204 3383 Wimmeri,
1232 3314 1301 3373 hnic
1332 3316 1424 3377 nubit

97 3390 260 3459 Heraldus,
282 3390 428 3449 novitiatu
450 3391 512 3448 fere
535 3390 645 3467 elapso,
667 3390 841 3466 religionem
863 3392 974 3450 deserit
995 3397 1083 3468 atque
1104 3412 1182 3452 nunc
1203 3394 1268 3453 loco
1283 3395 1355 3454 Idae
1376 3396 1424 3455 dn-

98 3490 167 3530 cere
188 3471 295 3530 tertiae
316 3470 426 3530 sororis
448 3470 538 3529 filiam
558 3471 705 3548 proponit.

99 3585 279 3656 Qonnrurnn
300 3586 330 3644 1⁰
351 3585 419 3662 quid
441 3586 481 3645 sit
502 3585 742 3663 impedimentum
764 3585 921 3645 affinitatis
944 3592 974 3646 et
994 3587 1072 3646 inter
1093 3607 1166 3664 quos
1188 3589 1325 3650 exsistat.

301 3686 331 3742 2⁰
352 3684 420 3759 quid
441 3684 681 3761 impedimentum
703 3683 839 3761 publicae
860 3685 1027 3744 honestatis
1049 3691 1080 3745 et
1100 3705 1175 3763 quos
1196 3687 1318 3748 afliciat.

300 3783 331 3841 3⁰
351 3782 420 3858 quid
442 3782 479 3841 ad
501 3802 603 3841 casum
624 3782 664 3841 sit
684 3782 847 3843 dicendum.

696 3966 833 4034 Solutio.

190 4108 242 4173 An
259 4129 450 4195 quansrnuu
469 4110 507 4172 1¹¹²
530 4108 569 4175 R.
589 4111 616 4175 l.
651 4107 805 4173 Affinitas
822 4108 984 4175 vinculum
1001 4109 1255 4192 propinquitatis
1272 4113 1323 4176 est
1339 4109 1486 4180 intersit

99 4218 173 4263 eum
207 4197 262 4280 qui
297 4197 461 4263 carnalem
498 4197 647 4281 copulam
679 4197 793 4264 habuit
827 4203 860 4264 et
893 4200 1151 4279 consanguineos
1184 4198 1253 4263 eius
1286 4220 1424 4281 quacum

97 4285 230 4362 habuit,
267 4291 301 4352 et
331 4287 402 4351 vioe
432 4307 531 4352 versa
561 4286 648 4352 inter
678 4286 855 4369 quemlibet
892 4290 926 4351 et
956 4306 1012 4350 eos
1042 4286 1097 4369 qui
1127 4308 1199 4351 curn
1230 4288 1317 4352 illius
1348 4310 1425 4353 con·

97 4374 288 4458 sanguineis
312 4377 444 4441 carnale
468 4375 695 4441 commercium
719 4375 912 4440 habuerunt.

188 4473 227 4538 R.
260 4476 289 4539 2.
337 4474 426 4550 Quae
463 4473 608 4540 affinitas
639 4494 780 4555 eousque
814 4476 967 4537 censetur
998 4472 1131 4549 adesse,
1168 4494 1335 4557 quousque
1366 4473 1424 4541 im·

97 4562 320 4648 pedimentum
356 4562 555 4630 matrimonii
588 4562 743 4627 dirimens
776 4561 983 4637 extenditur3
1019 4561 1157 4627 ulterius
1189 4584 1253 4628 nou
1286 4563 1425 4647 amplius

97 4656 239 4719 vocatur
263 4652 417 4719 affinitas.
453 4652 567 4718 Latius
590 4656 700 4717 autem
723 4654 818 4735 patet
841 4650 922 4716 haec
946 4650 1092 4717 affinitas
1114 4673 1199 4734 quae
1221 4674 1263 4719 ex
1285 4652 1425 4737 legitimi
