3044 5174
155 265 218 328 156
672 260 712 316 De
730 278 768 317 ss.
788 260 961 316 eucharistia.

243 437 281 503 R.
307 440 352 503 4.
372 436 472 504 Teste
495 436 527 504 S.
552 437 767 521 Alphonso
792 458 850 522 pro
875 440 1035 504 directioie
1057 446 1182 504 loretum
1204 437 1319 505 haberi
1342 443 1481 522 possunt

152 525 302 591 rubricae
326 530 512 593 statuentes
535 526 695 609 quaedam
720 526 808 593 circa
830 547 870 593 ee
893 549 977 610 quae
994 528 1099 611 ipsam
1121 528 1255 593 missam
1277 527 1481 612 praecedunt

155 616 208 680 vel
231 617 490 698 subsequentum
523 616 752 700 praeceptivae
781 637 838 682 eas
861 617 949 682 solas
973 636 1046 681 esse
1069 637 1153 698 quae
1183 620 1336 684 statuunt
1360 615 1480 699 aliquid
1518 700 1520 705 η

154 703 241 769 circa
264 704 369 789 ipsam
393 704 526 769 missam
550 725 607 770 seu
624 707 711 770 circa
734 704 768 769 id
783 705 868 787 quod
885 705 918 770 in
934 726 974 770 ea
990 705 1133 772 occurrit
1148 705 1219 788 (Vl,
1237 706 1326 788 399).
1361 704 1479 785 Quam·
1518 755 1520 759 -

154 815 252 875 quem
275 794 329 859 alii
354 815 419 858 non
442 793 537 878 pauci
553 799 673 878 putant
688 795 788 859 etiam
804 794 891 861 circa
911 794 1015 878 ipsam
1039 815 1167 860 sacram
1183 794 1346 862 actionem
1370 795 1478 877 aliqua

154 883 280 1036 ffiippffi
289 883 585 1038 εἱαὲῗιὼῳῖαθθρτὲ
600 883 724 1038 τξξὲιίὶε
739 882 906 950 directivis
918 887 1047 951 tantum
1063 883 1148 948 sumi
1162 883 1299 968 possint.
1327 882 1378 951 Cf.
1390 884 1477 949 Bal·

91 1105 143 1161 269
243 1093 296 1159 An
315 1115 507 1170 Qunnsrruu
524 1094 614 1160 PR.
635 1097 663 1159 l.
702 1093 740 1158 In
760 1094 821 1159 hoc
837 1094 997 1161 Achatius
1019 1095 1145 1162 erravit
1165 1096 1251 1178 quod
1268 1096 1364 1180 parvi
1380 1097 1475 1162 aesti·
1514 1164 1518 1177 ,

154 1183 295 1248 maverit
319 1184 452 1250 decreta
480 1182 760 1266 congregationis:
792 1204 882 1261 oum,
907 1184 1041 1249 summis
1064 1185 1270 1269 pontificibus
1296 1185 1344 1251 ita
1367 1186 1475 1251 volen-

154 1272 259 1348 tibus,
291 1272 359 1337 eius
391 1272 530 1338 decretis
561 1273 661 1338 etiam
691 1293 817 1337 summo
846 1271 1000 1357 pontifice
1031 1295 1095 1339 nou
1119 1274 1267 1341 consulto
1292 1275 1409 1340 eadem
1431 1275 1475 1340 in·

154 1362 199 1427 sit
222 1360 282 1439 vis,
308 1383 346 1426 ac
371 1361 398 1426 si
422 1361 559 1446 abipsa
583 1362 615 1427 S.
641 1361 724 1427 Sede
747 1365 859 1426 essent
881 1361 960 1428 lata.

243 1458 366 1524 Verum
396 1459 430 1524 in
461 1458 523 1524 hoc
545 1464 637 1525 recte
661 1458 764 1525 sensit
793 1459 879 1541 quod
903 1463 999 1543 putat
1028 1458 1218 1526 evitandum
1248 1480 1321 1526 esse
1345 1460 1473 1526 nimium

155 1547 197 1613 ad
227 1569 252 1613 s.
276 1548 420 1614 tribunal
449 1569 625 1614 recursum.
672 1547 807 1625 Quando
837 1547 923 1613 enim
952 1548 1130 1632 probabilis
1153 1549 1235 1632 legis
1257 1550 1349 1616 latae
1377 1550 1475 1616 inter-

155 1636 297 1721 pretatio
321 1637 498 1703 secundum
521 1638 654 1719 regulas
678 1637 819 1703 adectis
834 1637 915 1702 viris
938 1638 1034 1704 datas
1058 1642 1092 1704 et
1115 1638 1333 1705 communiter
1347 1639 1475 1722 agnitas
1511 1656 1520 1671 ·

155 1725 286 1804 sufficit,
311 1746 591 1810 supervacaneum
616 1731 677 1804 est,
701 1725 799 1791 immo
823 1726 973 1791 nocivum
998 1747 1128 1811 semper
1149 1748 1271 1793 novam
1293 1727 1403 1811 legem
1426 1729 1474 1794 vel

155 1815 377 1882 authenticam
402 1815 656 1881 declarationem
679 1835 808 1898 urgere.
855 1815 902 1881 uf.
926 1818 1024 1882 Aeol.
1049 1819 1151 1882 eccles.
1175 1816 1232 1895 IV,
1258 1819 1323 1883 239
1340 1838 1413 1900 sqq.

244 1921 282 1988 R.
309 1925 339 1989 2.
387 1921 655 1999 Genuflexiones,
686 1920 905 1997 elevationes,
937 1921 1168 1989 inclinationes
1192 1925 1255 1991 etc.
1286 1943 1330 1989 ex
1360 1943 1475 2006 genere

154 2032 213 2076 suo
236 2010 467 2096 praeceptivae
491 2032 563 2077 esse
586 2031 681 2077 nemo
705 2014 757 2077 est
781 2011 835 2093 qui
851 2010 995 2076 dubitet:
1019 2032 1215 2094 quamquam
1232 2010 1384 2096 singulae
1399 2034 1474 2079 non·

154 2099 216 2166 nisi
239 2100 414 2167 venialiter
436 2100 601 2183 obligantr
625 2101 724 2166 immo
747 2102 785 2165 ut
808 2120 920 2165 eorum
943 2100 1120 2167 violatione
1143 2100 1293 2183 graviter
1314 2107 1473 2186 peccetur,

154 2189 253 2255 debet
275 2190 363 2255 actio
387 2189 584 2256 celebrantis
608 2209 680 2255 esse
703 2188 853 2271 graviter
874 2188 1028 2255 indecora
1051 2189 1104 2255 vel
1128 2189 1332 2257 scandalosa.
1371 2190 1474 2256 Acha-

153 2279 239 2356 tiue,
264 2299 337 2344 oum
361 2299 400 2344 eo
423 2300 527 2361 usque
550 2299 615 2344 non
639 2279 792 2346 videatur
814 2278 1019 2361 pervenisse,
1051 2279 1237 2346 mortaliter
1260 2278 1392 2363 quidem
1415 2300 1473 2345 non
1517 2362 1520 2369 .

153 2369 322 2451 peccavit,
348 2389 369 2433 a
392 2368 536 2451 peccatis
559 2367 742 2433 venialibus
765 2367 870 2449 iisque
892 2368 1003 2451 paullo
1026 2368 1233 2450 gravioribus
1256 2389 1321 2434 non
1346 2371 1399 2435 est
1421 2368 1473 2434 im·
1516 2374 1520 2405 ·'

153 2457 269 2535 munis,
295 2458 423 2539 quando
448 2479 486 2522 cro
508 2460 701 2543 ncqleqeotio
724 2457 772 2522 ita
795 2456 975 2522 incuriosus
999 2460 1059 2523 est.

92 2581 144 2635 270
243 2571 281 2637 R.
307 2574 337 2638 3.
385 2572 520 2649 Quando
550 2577 684 2656 propter
712 2570 935 2637 infirmitatem
961 2571 1105 2656 corporis
1139 2571 1297 2638 eiusmodi
1321 2571 1473 2638 caerimo-

155 2660 227 2726 nias
257 2661 409 2727 omittere
440 2661 585 2744 cogitur,
616 2661 755 2726 habetur
786 2660 871 2726 ratio
902 2681 1072 2728 excusans.
1120 2660 1206 2726 Nam
1237 2661 1300 2726 etsi
1332 2661 1474 2729 defectus
1517 2690 1520 2753 j

153 2750 270 2815 harum
294 2750 563 2816 caerimoniarum
588 2770 627 2815 eo
651 2771 753 2831 usque
769 2749 941 2833 perveniat
964 2752 1011 2826 ut,
1035 2749 1064 2814 si
1080 2770 1122 2815 ex
1145 2749 1357 2833 neglegentia
1375 2752 1473 2824 fieret,
1517 2766 1520 2783 ²

155 2843 243 2905 esset
264 2843 389 2924 procia,
414 2844 535 2919 tamen,
561 2860 633 2905 cum
656 2859 710 2904 res
732 2838 809 2904 illae
833 2860 897 2903 non
921 2838 987 2904 sint
1010 2838 1097 2905 inter
1119 2839 1334 2920 gravissimas
1357 2839 1474 2906 haben·
1518 2872 1520 2879 ·

155 2929 232 3005 dae,
264 2928 350 2994 ratio
374 2928 582 2995 mediocriter
605 2928 717 3011 gravis
741 2930 896 3007 excusat,
928 2927 1033 3010 qualis
1057 2932 1173 2993 estex
1204 2948 1269 2994 une
1292 2931 1390 3012 parte
1413 2951 1474 2994 mo-

154 3017 234 3083 ralis
255 3017 502 3102 impossibilitas
525 3023 662 3102 propter
691 3016 930 3093 infirmitatem,
962 3038 1004 3082 ex
1034 3017 1142 3083 altera
1164 3021 1260 3101 parte
1290 3017 1424 3085 devotio
1446 3023 1475 3084 et
1515 3016 1520 3031 '

155 3106 350 3172 desiderium
374 3107 493 3173 missae
516 3128 580 3172 non
604 3106 814 3173 omittendae.
839 3145 883 3154 -
907 3105 941 3171 Si
964 3126 1042 3171 vero
1058 3105 1235 3171 habitualis
1251 3107 1399 3174 evaserit
1420 3106 1474 3172 im·

154 3196 355 3279 possibilitas
378 3197 525 3261 rubricas
549 3195 754 3271 observandi,
778 3194 876 3278 idque
892 3195 998 3276 quoad
1015 3194 1193 3260 notabilem
1210 3212 1323 3260 earum
1339 3200 1474 3280 partem.

154 3285 293 3350 Romam
316 3287 548 3351 recurrendum
572 3290 624 3352 est
647 3306 706 3368 pro
730 3284 983 3368 dispensatione.
1516 3292 1520 3297 '

244 3401 282 3467 R.
314 3404 345 3466 4.
398 3401 497 3468 Ratio
527 3423 592 3467 non
622 3399 795 3466 amittendi
824 3399 978 3483 stipendii
1009 3420 1216 3482 quamquam,
1247 3398 1275 3464 si
1304 3399 1475 3485 praecipue

154 3493 287 3555 moveat
310 3491 524 3568 sacerdotem,
550 3488 701 3556 dedecori
725 3489 754 3555 ei
778 3489 830 3566 sit,
855 3493 966 3555 temen
989 3510 1054 3554 non
1077 3487 1180 3554 efficit
1201 3491 1240 3553 ut
1262 3493 1399 3572 propter
1421 3490 1476 3555 im·

154 3579 407 3735 pggpiilbgrigatem
432 3580 668 3645 servandarum
693 3578 835 3644 omnium
859 3577 1062 3643 rubricarum
1087 3577 1345 3644 acelebratione
1363 3578 1478 3645 debeat
1518 3592 1520 3598 '

155 3870 356 3936 MATERIA
380 3868 540 3936 GRAVIS
564 3869 620 3934 ΕΤ
644 3867 772 3934 LEVIS
796 3867 843 3932 IN
860 3866 1168 3934 OMISSIONIBUS
1192 3867 1247 3932 ΕΤ
1263 3867 1478 3935 MUTATIO-

449 3991 593 4068 Ninus,
618 3992 655 4058 Sl
679 3991 727 4057 IN
750 3990 878 4057 Missa
903 3991 1176 4058 OCCURRAN'P.

719 4155 829 4222 Casus.
849 4162 908 4231 (80)

245 4297 397 4358 Celerinus
419 4297 470 4355 vix
491 4295 603 4370 incepit
625 4313 758 4361 sacrum,
787 4313 852 4352 cum
882 4299 971 4352 cantu
992 4293 1144 4353 incondito
1175 4294 1342 4355 offenditur.
1386 4295 1478 4368 Quare

155 4381 270 4450 studet,
300 4398 356 4454 quo
378 4378 503 4437 celerius
525 4377 648 4433 honeste
670 4374 780 4450 possit,
809 4374 929 4432 missam
952 4375 1120 4433 absolvere:
1150 4374 1261 4434 omittit
1281 4395 1387 4437 omnes
1407 4397 1478 4437 com·

155 4459 383 4519 memorationes
405 4478 478 4533 quas
500 4456 593 4514 missa
615 4455 672 4514 diei
694 4455 799 4523 habet,
829 4454 965 4513 similiter
987 4455 1093 4529 Credo,
1120 4474 1209 4513 unam
1238 4458 1479 4518 exorationibus

155 4547 225 4598 ante
247 4539 490 4606 communionem,
513 4536 544 4594 in
567 4555 680 4594 canone
701 4535 750 4611 qui
771 4534 800 4592 in
816 4535 933 4592 Missali
946 4535 1033 4592 valde
1056 4535 1181 4593 detritus
1196 4540 1251 4606 est,
1274 4538 1388 4598 omittit
1408 4559 1478 4599 conr·

155 4621 239 4697 plura
262 4625 431 4677 sanctorum
452 4618 579 4676 nomina.
