3044 5174
641 107 847 162 Sacramentum
864 106 975 162 ordinis.

348 344 487 412 DUBIA
509 343 560 412 IN
582 342 858 412 COLLATIONE
881 343 1265 413 PRESBYTERATUS.

709 508 819 574 088118.
840 515 916 584 (200)

235 638 392 710 Quintinae
413 639 570 716 episcopua
590 638 622 698 in
643 638 830 699 ordinatione
851 641 1092 716 presbyterorum
1112 645 1181 717 post
1193 640 1350 718 impositas
1365 659 1479 700 manus

146 739 236 797 super
256 719 435 780 ordinandos
456 738 561 779 manus
582 721 680 796 coepit
701 720 871 790 extendere,
892 721 946 779 sed
967 739 1033 779 cum
1053 721 1174 796 longum
1195 727 1287 793 esset,
1309 721 1377 780 dum
1399 721 1478 781 assi·

147 805 260 860 etentes
275 798 440 876 presbyteri
453 800 630 876 perficerent
644 818 782 859 manuum
796 799 1022 876 impositionem,
1043 801 1109 877 ipse
1121 819 1228 859 manas
1243 801 1362 861 demisit
1375 820 1478 877 neque

147 880 272 956 amplius
294 879 391 956 coepit
411 878 570 939 extendere
591 879 628 938 ad
650 879 813 938 orationem
836 879 993 957 „Oremus,
1023 878 1231 957 dilectissimffl,
1258 881 1331 941 solis
1351 883 1477 958 presby·

147 962 220 1020 teris
241 979 294 1019 eas
314 959 551 1019 extendentibus.
579 957 680 1035 Aliqui
693 979 731 1018 ex
753 958 906 1031 ordinatis,
928 959 977 1035 331
991 960 1048 1018 hoc
1062 960 1346 1033 animadverterunt,
1367 966 1477 1039 postea

147 1040 235 1100 dubio
255 1046 419 1115 tanguntur
439 1039 475 1098 de
495 1058 551 1098 sua
572 1039 765 1099 ordinatione.

235 1129 305 1187 Alia
325 1129 391 1187 vice
410 1128 612 1205 praetermisit
626 1127 785 1198 Quintinae
805 1128 836 1186 iu
857 1147 916 1187 uno
938 1129 1072 1188 alterove
1093 1148 1131 1187 ex
1152 1127 1326 1189 ordinandis
1347 1129 1474 1207 primam

147 1228 285 1268 manuum
305 1208 521 1286 impositionem
542 1211 597 1267 sub
618 1208 738 1268 silentio
758 1210 971 1285 peragendam,
999 1209 1030 1267 in
1052 1209 1110 1268 alic
1138 1227 1244 1268 manua
1272 1229 1363 1287 super
1384 1215 1474 1287 caput

146 1294 252 1348 133333
273 1289 407 1348 elevatas
428 1293 518 1365 caput
538 1308 598 1348 non
619 1288 733 1364 tetigit;
755 1289 933 1348 assistentes
946 1308 1019 1348 vero
1032 1288 1201 1366 presbyteri
1215 1290 1294 1367 apud
1308 1291 1471 1367 complures

148 1369 311 1428 omiserunt
330 1370 408 1428 hanc
429 1369 645 1428 caerimoniam.

148 1482 325 1553 quaarrua
346 1485 375 1542 1⁰
396 1483 446 1559 qui
466 1482 527 1542 sint
546 1483 623 1543 ritus
643 1482 819 1542 essentiales
840 1501 893 1558 pro
914 1480 1100 1542 ordinatione
1119 1483 1296 1560 presbyteri.

348 1579 667 1656 aquicinctensem,
696 1580 812 1656 quando
843 1580 978 1643 defectus
998 1581 1106 1656 aliquis
1136 1580 1311 1641 commissus
1332 1581 1468 1642 fueritin

400 1680 538 1720 manuum
558 1659 748 1737 impositione
770 1660 818 1719 vel
839 1660 1023 1721 extensione.

347 1760 379 1818 3⁰
399 1759 468 1835 quid
489 1758 528 1817 ad
547 1777 636 1818 casus
656 1758 825 1835 propositos
846 1758 887 1818 sit
907 1758 1070 1818 dicendum.

744 1949 879 2017 Salutio.

1495 2050 1510 2125 1

88 2110 139 2165 688
237 2095 290 2160 An
313 2113 504 2170 3313311311
530 2089 624 2159 1111.
652 2094 679 2158 1.
712 2090 788 2157 Sine
811 2090 908 2156 dubio
932 2091 973 2156 ad
998 2090 1176 2158 essentiam
1198 2091 1346 2176 pertinet
1368 2092 1471 2176 prima
1503 2136 1506 2170 ;

148 2184 206 2249 illa
227 2204 382 2249 manuum
405 2181 569 2265 impositio
593 2202 650 2246 seu
674 2180 824 2245 extensio
841 2202 911 2245 cum
936 2180 1138 2247 orationibus
1161 2202 1234 2247 cum
1249 2179 1307 2247 illa
1331 2182 1470 2248 conexis.
1503 2200 1507 2249 1

238 2280 331 2346 Dixi:
362 2278 468 2365 prima
491 2299 643 2344 manuum
667 2277 831 2361 impositio
855 2298 913 2343 333
943 2276 1108 2356 extensio,
1140 2277 1217 2361 quia
1239 2277 1392 2346 extensio
1415 2279 1472 2344 im·
1505 2314 1508 2349 !

150 2369 342 2454 positionem
366 2369 427 2434 sub
449 2367 580 2433 silentio
603 2366 727 2432 factam
751 2367 904 2433 continuo
927 2367 1130 2448 subsequens
1153 2387 1218 2432 non
1234 2371 1304 2433 tam
1320 2372 1374 2435 est
1389 2389 1472 2434 nova
1506 2366 1508 2371 ’

150 2480 208 2525 333
231 2458 375 2524 secunda
396 2456 560 2540 impositio
577 2477 674 2538 quam
698 2455 815 2540 prioris
832 2456 976 2521 eiusdem
993 2455 1205 2533 continuatio,
1229 2461 1266 2523 ut
1281 2456 1366 2523 scite
1380 2461 1472 2524 notat

149 2548 297 2614 Bened.
313 2545 401 2624 XIV,
425 2546 476 2611 De
491 2567 558 2632 syn.
577 2547 673 2611 dioec.
690 2544 712 2611 l.
736 2547 766 2623 8,
791 2566 817 2612 c.
837 2547 893 2622 10,
918 2567 949 2611 3.
966 2547 998 2614 4.
1023 2583 1066 2593 -
1089 2546 1223 2631 Uterque
1246 2548 1359 2611 tamen
1374 2546 1471 2612 citus:

151 2642 185 2704 et
207 2635 371 2720 impositio
395 2656 549 2701 manuum
573 2638 607 2700 et
629 2655 745 2700 133333
769 2634 928 2712 extensio,
954 2634 1083 2700 omnino
1107 2634 1278 2700 faciendus
1301 2639 1364 2702 est.

240 2734 322 2800 Dein
346 2732 430 2798 dixi:
455 2754 527 2798 cum
552 2730 754 2798 orationibus
778 2752 850 2796 cum
874 2731 931 2796 1113
956 2731 1099 2798 conexis.
1142 2730 1305 2798 Videlicet
1327 2738 1404 2817 post
1426 2733 1473 2797 in-

152 2827 280 2907 ceptam
310 2843 427 2889 manus
457 2823 614 2887 dexterae
646 2823 869 2902 extensionem,
904 2823 1176 2906 superducente,
1207 2820 1286 2887 dicit
1308 2822 1472 2905 pontifex:

153 2914 324 2996 ,Oceanum
356 2914 553 2990 dilectissimi
577 2909 669 2993 etc.“‚
702 2914 737 2975 et
767 2909 909 2974 demissa
933 2931 1030 2975 manu
1053 2909 1133 2975 dicit
1161 2909 1268 2993 ipsam
1291 2910 1472 2977 orationem

154 3003 310 3085 ,Edendi
333 2999 425 3078 etc.“,
451 2999 501 3065 cui
524 2999 692 3081 subiungit
715 3019 774 3082 per
796 2998 925 3064 modum
950 2998 1164 3082 praefationis
1187 2999 1378 3065 sollemnem
1401 3022 1473 3086 pre·

152 3091 312 3157 ostionem
339 3092 495 3172 „Domine
518 3097 624 3154 sancte
648 3088 720 3154 etc.“
754 3088 828 3152 Hae
850 3091 1009 3154 orationes
1031 3088 1138 3169 quoad
1161 3089 1384 3154 substantiam
1407 3111 1473 3155 om·

151 3181 228 3245 nino
252 3179 445 3246 essentiales
468 3183 560 3250 suntz
592 3177 762 3243 continent
785 3175 870 3241 enim
894 3177 993 3243 ritum
1017 3182 1051 3243 et
1073 3197 1188 3260 preces
1217 3177 1259 3243 ab
1282 3177 1421 3261 antiquo
1442 3178 1473 3242 in

153 3269 350 3351 quibuslibet
379 3267 497 3333 ritibus
526 3272 595 3333 tum
620 3265 833 3331 occidentalis
862 3271 932 3333 tum
965 3264 1133 3333 orientalis
1157 3265 1326 3332 Ecclesiae
1350 3268 1474 3334 servari

152 3357 273 3434 solitis,
306 3377 443 3438 eumque
474 3356 527 3438 331
551 3355 732 3438 3311331133
755 3355 873 3420 3311331
904 3355 994 3419 33133
1023 3354 1208 3420 essentialis
1237 3376 1311 3421 esse
1333 3361 1474 3440 poterat,

154 3450 268 3530 utpote
291 3446 345 3528 qui
369 3445 459 3511 solus
482 3444 679 3528 presbyterii
702 3465 819 3509 munus
842 3443 1073 3509 conferendum
1098 3444 1307 3527 exprimeret.

92 3567 144 3620 689
242 3551 281 3618 R.
307 3556 337 3618 2.
384 3550 534 3617 Practice
556 3551 669 3616 haberi
694 3550 791 3616 debet
814 3549 915 3616 etiam
938 3550 994 3616 ille
1017 3549 1102 3617 ritus
1124 3554 1162 3616 ut
1185 3551 1389 3630 essentialis,
1414 3573 1474 3635 quo

154 3640 297 3707 traditur
319 3640 406 3706 calix
429 3661 502 3705 eum
527 3639 603 3705 vino
627 3644 661 3706 et
683 3643 805 3722 patena
828 3660 901 3704 oum
918 3638 1037 3717 hostia,
1062 3639 1110 3705 113
1125 3644 1163 3706 31
1179 3639 1379 3707 ordinandus
1402 3645 1475 3709 tan·

154 3751 232 3813 gere
255 3730 374 3795 debeat
395 3729 529 3795 calicem
553 3734 587 3796 et
610 3734 779 3812 patenam,
812 3727 940 3794 dicente
962 3728 1130 3812 episcopo:
1166 3729 1306 3814 ,Accipe
1328 3735 1475 3814 potesta·

154 3826 220 3887 tem
245 3822 327 3886 eto.“
354 3858 398 3867 -
422 3818 579 3885 Similiter
601 3817 764 3902 impositio
780 3838 933 3882 manuum
959 3818 1018 3882 sub
1037 3819 1100 3883 fine
1123 3818 1243 3883 missae
1259 3840 1332 3884 cum
1349 3821 1474 3886 verbis:

159 3908 298 3990 ,Accipe
323 3908 477 3992 Spiritum
502 3907 674 3980 Sanctum
699 3927 835 3989 quorum
859 3906 1024 3972 remiseris
1047 3912 1184 3990 peccata
1207 3911 1290 3974 eta‘

243 4005 446 4087 Quamquam
462 4005 547 4070 enim
563 4005 620 4070 illa
635 4004 925 4069 instrumentorum
942 4004 1076 4070 traditio
1092 4004 1328 4088 posterioribus
1343 4007 1475 4073 tandem

154 4096 295 4161 saeculis
324 4095 366 4160 ab
396 4094 546 4160 Ecclesia
574 4093 679 4160 latina
709 4093 896 4159 introducta
926 4098 994 4159 est:
1025 4099 1103 4160 sunt
1131 4097 1243 4159 tamen
1274 4094 1329 4176 qui
1360 4101 1476 4180 putent

155 4185 318 4250 Christum
343 4184 516 4250 Dominum
546 4204 610 4248 non
640 4181 876 4247 determinasse
906 4182 939 4247 in
964 4181 1079 4248 ultima
1111 4182 1219 4266 specie
1242 4183 1342 4249 ritum
1367 4206 1476 4252 essen·

154 4273 267 4338 tialem
296 4274 329 4337 in
359 4277 566 4339 sacramento
596 4270 733 4349 ordinis,
765 4272 822 4336 sed
852 4271 942 4336 illam
973 4271 1278 4337 determinationem
1308 4274 1477 4341 Ecclesiae

156 4363 340 4444 reliquisse;
366 4362 546 4428 Ecclesiam
569 4366 679 4426 autem
704 4381 723 4426 a
746 4361 844 4442 longo
867 4361 932 4425 iam
956 4364 1103 4444 tempore
1125 4361 1210 4425 hunc
1234 4361 1334 4427 ritum
1358 4363 1477 4430 babere

157 4472 215 4533 pru
239 4451 414 4526 essentiali,
439 4451 509 4515 sive
533 4472 575 4516 ex
598 4453 693 4533 parte
716 4449 874 4515 materiae
897 4449 968 4513 sive
991 4471 1033 4514 ex
1056 4454 1151 4533 parte
1174 4450 1311 4517 formae.
