3044 5174
326 280 451 334 Minister
469 279 680 334 confirmationis
699 280 787 350 quoad
807 279 929 334 valorem
948 284 975 334 et
993 279 1151 335 liceitatem.
1359 282 1401 348 65

78 457 169 524 ltalia
184 461 222 522 et
244 455 361 521 insulis
376 455 615 522 adiacentibus:
640 477 742 538 quare
762 456 822 522 hos
838 455 946 522 valide
963 457 1155 522 confirmare
1170 477 1246 521 suos
1262 455 1402 540 amplius

77 568 135 612 non
159 566 259 631 posse
283 544 384 611 etiam
407 549 504 611 extra
527 545 658 611 dubium
682 550 744 611 est.

160 653 201 719 R.
228 655 260 719 3.
307 651 415 734 Magis
445 651 586 718 dubitari
615 651 760 735 potuerit
789 672 848 734 per
877 672 913 717 se
943 650 1020 733 quid
1048 650 1128 716 iuris
1158 651 1202 717 sit
1231 651 1336 716 relate
1360 651 1464 717 ad113

76 742 289 825 presbyteros
311 743 533 807 schismaticos.
580 741 666 806 Nam
697 740 760 806 etsi
783 740 950 805 Romanus
980 740 1130 823 pontifex
1157 761 1401 824 nonexpresse

76 833 172 898 istam
205 830 400 896 facultatem
432 830 584 908 abstulit,
618 851 658 895 ea
690 829 792 894 videri
825 829 948 912 poterit
980 850 1018 894 eo
1049 830 1121 911 ipso
1154 850 1284 895 cessare
1316 829 1401 911 quod

76 921 244 986 Romanus
259 919 410 1003 pontifex
425 939 498 984 sam
513 940 578 984 non
595 918 735 1003 positive
751 918 943 996 contulerit;
960 917 1187 984 schismaticos
1203 919 1288 984 enirn
1305 924 1402 985 extra

76 1010 190 1077 mortis
223 1008 397 1075 articulum
430 1007 517 1073 omni
549 1008 771 1074 iurisdictione
801 1028 913 1073 carere
945 1007 978 1072 in
1009 1007 1158 1073 confesso
1189 1029 1261 1072 esse
1294 1008 1400 1084 debet,

76 1121 144 1165 cum
181 1099 214 1182 l)
238 1097 369 1182 publica
399 1097 440 1162 ab
463 1097 613 1163 Ecclesia
642 1097 826 1163 defectione
858 1101 893 1162 et
916 1097 958 1161 ab
988 1117 1028 1163 ea
1058 1117 1117 1180 per
1140 1097 1401 1163 excommunica·

76 1189 198 1255 tionem
223 1185 410 1252 exclusione
433 1185 629 1264 iurisdictio,
664 1185 692 1251 si
722 1207 806 1269 quae
830 1185 989 1263 adsumit,
1023 1189 1146 1262 cesset;
1182 1187 1216 1268 2)
1240 1206 1335 1251 nemo
1359 1185 1402 1252 sit

76 1278 126 1361 qui
150 1274 372 1342 schismaticis
394 1274 650 1341 iurisdictionem
673 1296 827 1358 umquam
850 1275 960 1340 valide
983 1275 1120 1341 dederit.

162 1365 289 1432 Verum
317 1367 467 1449 potestas
495 1364 552 1430 illa
580 1364 807 1443 coadunandi,
839 1385 923 1446 quae
952 1363 1155 1447 presbyteris
1185 1362 1325 1429 conferri
1349 1364 1401 1429 vel

76 1454 184 1539 potius
206 1453 241 1518 in
264 1453 305 1519 iis
326 1452 481 1537 compleri
503 1456 623 1536 potest,
648 1453 746 1519 datur
768 1452 898 1536 quidem
921 1473 981 1537 per
996 1474 1182 1538 supremam
1204 1453 1238 1517 in
1254 1451 1403 1518 Ecclesia

76 1543 344 1622 iurisdictionem,
361 1547 397 1608 at
412 1563 477 1608 non
493 1548 544 1610 est
559 1542 593 1607 in
608 1544 801 1626 presbytero
818 1541 1006 1620 iurisdictio,
1026 1542 1084 1607 sed
1100 1544 1226 1607 ordinis
1238 1544 1402 1627 potestatis

76 1633 359 1717 complementum.
395 1632 479 1697 Eam
506 1636 616 1697 autem
640 1635 839 1714 potestatem
863 1652 921 1696 seu
943 1631 1119 1714 potestatis
1143 1632 1401 1714 completionem,

76 1721 277 1805 generaliter
289 1726 323 1788 et
334 1719 511 1786 universim
528 1721 704 1804 peripsum
716 1720 815 1786 ritum
828 1720 1029 1787 Orientalem
1043 1721 1243 1803 presbyteris
1256 1720 1402 1785 Graecas

76 1811 235 1878 ecclesiae
269 1810 424 1876 collatam
457 1830 516 1894 per
547 1809 688 1876 schisma
718 1831 782 1875 non
813 1809 934 1875 auferri
963 1830 1023 1894 pro
1054 1813 1144 1876 certo
1173 1810 1330 1875 habemus
1360 1830 1402 1874 ex

76 1900 298 1968 declaratione
322 1900 353 1966 S.
379 1897 487 1966 Officii
512 1898 542 1965 d.
567 1898 596 1965 d.
625 1901 664 1964 15
688 1897 758 1966 Ian.
784 1901 880 1965 1766.

163 1991 341 2055 Decretum
366 1992 418 2054 est
440 1988 518 2053 hoc:
554 1987 628 2065 ,SE
654 1988 811 2053 Dominus
834 1987 876 2053 N.
901 1987 1050 2052 Clemens
1073 1985 1136 2052 ΡΡ.
1160 1986 1256 2064 XIII,
1282 1986 1402 2053 auditis

76 2078 162 2146 votis
186 2078 287 2143 E¹¹¹⁰lull
309 2076 372 2144 ΡΡ.
397 2076 627 2154 cardinalium,
652 2077 779 2143 censuit
801 2098 866 2142 non
889 2075 1044 2160 expedire
1068 2075 1154 2157 quod
1177 2075 1359 2141 confirmati
1383 2098 1402 2141 a

76 2165 302 2234 sacerdotibus
325 2165 541 2232 schismaticis
570 2166 676 2232 denuo
706 2166 877 2233 liniantur¹
892 2169 967 2250 post
995 2165 1135 2230 reditum
1160 2165 1202 2230 ad
1224 2164 1402 2241 unitatem;

76 2262 108 2324 et
131 2256 176 2322 ad
199 2259 358 2321 mentem:
389 2256 483 2320 Mens
506 2258 558 2321 est
581 2256 667 2336 quod
689 2256 723 2321 in
747 2256 877 2321 casibus
899 2255 1152 2339 particularibus
1175 2254 1402 2336 inquirendum

76 2349 126 2412 est
141 2366 207 2428 quo
222 2345 257 2410 in
272 2344 344 2409 loco
361 2344 511 2410 conversi
526 2344 568 2409 ad
583 2344 680 2410 fidem
695 2344 819 2410 fuerint
834 2344 1026 2410 confirmati.
1052 2343 1193 2422 Etenim,
1210 2343 1403 2425 ubicumque

76 2435 156 2500 haec
188 2434 331 2500 facultas
362 2432 426 2499 fuit
455 2454 612 2517 expresse
641 2435 812 2518 adempta,
846 2434 950 2498 denuo
981 2432 1166 2499 confirmari
1195 2432 1316 2498 debent
1345 2433 1403 2497 ab·

76 2524 200 2600 solute3
224 2527 253 2589 si
277 2544 348 2588 acro
371 2523 550 2606 confirmati
570 2525 695 2607 fuerint
712 2577 719 2590 .
739 2576 745 2590 .
764 2575 771 2589 .
788 2525 976 2608 ubicumque
998 2523 1075 2587 boec
1095 2521 1236 2604 facultas
1254 2544 1318 2587 noc
1339 2522 1403 2603 fuit

79 2635 223 2698 expresse
261 2619 423 2694 revocato,
465 2614 571 2677 aalide
609 2614 787 2695 confirmati
822 2610 987 2694 fuerunt.“
1047 2610 1094 2677 Cf.
1136 2611 1256 2678 Collect.
1295 2613 1402 2676 concil.

77 2703 232 2768 Emensis
255 2701 311 2779 VI,
337 2702 400 2766 569
424 2721 495 2783 sqq.

165 2799 205 2865 R.
238 2801 269 2864 4.
316 2798 479 2864 Concludo
511 2797 613 2880 igitur
642 2798 921 2864 confirmationem
951 2796 1132 2863 Cleomenis
1161 2819 1182 2863 a
1211 2799 1403 2883 presbytero

78 2887 287 2954 schismatico
318 2887 428 2953 datam
453 2907 525 2953 esse
550 2887 702 2955 validam.
747 2888 834 2953 Nam
865 2887 929 2954 etsi
951 2886 1115 2953 Monachii
1138 2908 1202 2952 non
1233 2887 1277 2952 sit
1305 2885 1403 2954 terri·

78 2977 198 3043 torium
222 2976 380 3042 ecclesiae
405 2977 564 3054 Graecae,
588 2982 701 3044 tamen
724 2976 823 3042 aedes
846 2975 1021 3058 legationis
1045 2975 1223 3042 Russiacae
1246 2976 1402 3059 quodam·

79 3067 174 3135 modo
197 3086 258 3150 pro
281 3065 447 3133 territorio
469 3066 627 3132 Russiaco
657 3066 834 3144 habentur,
865 3065 914 3131 ita
941 3065 1058 3130 saltem
1082 3070 1119 3131 ut
1143 3086 1255 3130 omnes
1278 3065 1324 3129 illi
1348 3065 1403 3148 qui

78 3157 118 3222 ad
140 3155 304 3221 familiam
334 3156 436 3237 legati
465 3154 644 3237 imperialis
674 3157 840 3239 pertinent
870 3158 904 3221 et
934 3155 999 3220 ritu
1030 3154 1252 3220 ecclesiastico
1278 3154 1402 3220 Graeco

78 3249 233 3322 utuntur,
264 3247 382 3329 lepidus
406 3245 522 3310 Graeci
545 3245 628 3312 ritus
652 3249 825 3326 negantum
856 3265 962 3327 neque
991 3243 1132 3309 schisma
1162 3243 1247 3310 ratio
1272 3247 1323 3308 est
1346 3265 1403 3308 our

77 3334 168 3401 hisce
191 3334 364 3401 ritualibus
387 3333 515 3415 legibus
539 3334 770 3399 destituantur.

167 3457 223 3522 An
246 3476 436 3532 ouassrrnu
460 3458 499 3519 2¹²
522 3455 560 3522 R.
588 3459 616 3521 1.
661 3455 842 3521 Cleomenis
866 3456 989 3521 amicus
1012 3461 1101 3521 recte
1125 3456 1319 3520 monebatur
1341 3454 1402 3519 sibi
1416 3463 1466 3515 114

78 3570 142 3614 non
166 3547 266 3612 licere
289 3544 543 3610 confirmationis
566 3544 771 3628 recipiendae
794 3565 894 3609 causa
909 3544 1151 3609 schismaticum
1174 3545 1403 3627 presbyterum

78 3637 171 3704 adire
193 3670 239 3682 ·-
261 3638 312 3699 est
342 3633 428 3700 enim
458 3633 706 3700 communicatio
736 3635 769 3699 in
799 3634 902 3699 sacris
932 3633 1081 3715 graviter
1110 3632 1241 3698 illicita:
1272 3632 1403 3699 videtur

78 3733 192 3792 tamen
221 3723 322 3789 fuisse
346 3722 471 3800 valida,
503 3723 579 3805 quia
608 3724 772 3805 generalis
801 3723 865 3790 ista
894 3722 1094 3800 commissio,
1126 3742 1210 3803 quae
1239 3721 1339 3787 etiam
1370 3723 1403 3787 in

78 3812 297 3881 schismaticis
319 3812 523 3896 presbyteris
545 3812 712 3896 perdurat,
736 3834 800 3877 non
816 3812 946 3878 videtur
961 3812 1114 3877 restricta
1130 3832 1203 3876 esse
1219 3811 1261 3875 ad
1278 3815 1402 3878 certum

78 3904 246 3970 hominum
262 3922 430 3967 numerum
454 3901 509 3984 qui
532 3903 592 3967 sub
615 3924 694 3967 cura
710 3901 872 3984 spirituali
894 3899 1115 3968 confirmantis
1131 3900 1198 3966 sint
1221 3901 1402 3978 consttuti,

78 3995 200 4078 quippe
223 4012 304 4074 quos
326 3991 390 4056 rite
412 3990 467 4057 ille
489 3991 611 4056 habeat
632 3993 746 4058 nodos.

169 4089 209 4156 R.
235 4090 265 4155 2.
312 4087 391 4154 Cum
414 4109 479 4154 non
501 4093 620 4170 agatur
647 4090 687 4153 ds
711 4091 916 4154 sacramento
941 4110 999 4171 per
1021 4107 1057 4152 se
1081 4088 1281 4165 necessario,
1313 4089 1404 4154 licuit

78 4200 159 4247 sane
184 4177 463 4244 confirmationem
487 4179 616 4243 differre
640 4182 739 4260 atque
763 4177 862 4243 etiam
893 4176 1014 4242 diutius
1038 4181 1247 4259 exspectare,
1278 4178 1307 4241 si
1329 4198 1404 4260 spes

79 4274 152 4336 erat
182 4270 299 4352 postea
328 4266 468 4332 habendi
498 4267 703 4333 sacerdotem
727 4266 996 4333 Graeco-unitum
1027 4287 1047 4331 a
1076 4287 1139 4347 quo
1162 4265 1262 4348 recipi
1292 4272 1404 4347 posset

79 4356 295 4424 confirmatio.
342 4355 427 4421 Nam
452 4356 599 4421 Ecclesia
623 4378 664 4421 ne
693 4357 725 4421 in
750 4356 828 4439 ipsis
858 4355 987 4438 quidem
1017 4354 1165 4419 fidelibus
1195 4354 1286 4419 laicis
1309 4359 1402 4436 optat

78 4448 163 4516 ritus
186 4444 385 4531 permisceri.
1054 4481 1058 4489 ·

167 4546 209 4611 R..
235 4547 266 4610 3.
305 4542 539 4620 Nihilominus,
570 4542 599 4607 si
622 4564 681 4626 per
703 4544 835 4625 longum
860 4548 989 4627 tempus
1012 4563 1087 4626 spes
1111 4540 1168 4605 illa
1190 4561 1255 4604 non
1278 4540 1403 4616 aderat,

79 4637 195 4702 melius
219 4632 352 4699 omnino
375 4635 448 4697 erat
463 4632 566 4701 amico
582 4632 629 4697 illi
647 4632 790 4717 recipere
814 4637 1053 4699 sacramentum
1078 4629 1143 4696 ritu
1166 4629 1283 4695 Latino
1307 4651 1404 4712 quam

129 4744 303 4792 hahmknhh
317 4743 389 4786 Cuns
403 4742 562 4785 consolantiae.
580 4744 609 4786 ΙΙ.
1182 4733 1197 4785 5
