3044 5174
303 278 449 333 Extremae
467 276 603 332 unctionis
620 277 810 348 suscipiendae
827 278 947 334 facultas
965 283 994 334 et
1011 279 1149 347 obligatio.
1323 286 1388 351 383

61 457 197 595 dmorbiue,
227 454 305 514 alter
323 453 367 514 ita
387 473 499 532 pavore
520 453 690 531 perculsus,
720 459 753 514 ut
773 454 830 514 sibi
850 454 989 516 videatur
1008 453 1039 515 in
1060 455 1127 534 ipsa
1146 457 1197 517 via
1218 478 1256 517 ex
1277 478 1389 535 pavore

79 555 130 595 ece
153 555 212 595 ere.

60 641 241 712 Quasarrua
263 642 292 698 1⁰
312 639 442 700 liceatne
462 639 558 700 forma
578 640 752 699 abbreviata
773 640 825 701 uti.

259 729 290 788 2ο
310 728 359 805 qui
381 729 443 788 sint
463 736 615 789 extremae
636 729 786 790 unctionis
807 728 981 791 subiectum.

260 820 290 877 3ο
310 817 379 893 quid
407 817 445 876 ad
473 837 561 877 cesus
583 817 726 877 Friderici
754 818 924 891 dicendum,
952 826 1073 880 rectene
1100 821 1210 897 egerit,
1240 842 1278 881 au
1306 823 1387 882 etin

316 897 422 974 quibus
443 897 562 958 casibus
582 898 620 957 ad
642 898 809 958 unctionem
830 899 996 959 iterandam
1016 907 1161 963 teneatur.

655 1081 790 1149 Salutio.

149 1225 203 1289 An
227 1244 419 1301 quansrrmr
446 1226 483 1287 1¹¹
507 1222 545 1288 R.
572 1225 600 1289 1.
641 1222 724 1289 Sunt
754 1221 809 1305 qui
838 1221 988 1289 dubitent
1018 1223 1058 1289 de
1081 1224 1195 1290 valore
1225 1224 1387 1292 unctionis
1397 1236 1447 1289 671

58 1317 238 1396 utcumque
261 1313 493 1390 abbreviatae,
518 1311 580 1377 nisi
603 1312 664 1377 sub
687 1312 755 1377 suis
778 1311 891 1377 formis
914 1312 1034 1395 singuli
1057 1334 1172 1378 sensus
1195 1313 1386 1398 singillatim

57 1407 237 1485 ungantur.
283 1401 391 1480 Quare
420 1423 484 1467 non
515 1400 627 1467 licebit
655 1401 704 1467 uti
734 1401 926 1467 abbreviato
956 1402 1068 1479 modo,
1099 1402 1162 1467 nisi
1188 1405 1275 1470 ratio
1306 1406 1387 1471 adeo

58 1491 174 1575 gravis
198 1493 349 1569 exsistat,
374 1512 459 1575 quae
482 1494 671 1575 compenset
694 1489 779 1555 hanc
803 1491 1001 1557 sacramenti
1023 1491 1297 1560 incertitudinem.

150 1590 190 1654 R.
215 1593 245 1658 2.
284 1588 441 1666 Quoniam
466 1610 526 1672 pro
550 1588 651 1654 variis
674 1587 973 1654 abbreviationibus
1003 1589 1151 1654 diversus
1182 1594 1234 1656 est
1265 1592 1388 1672 gradus

58 1700 117 1744 seu
143 1678 276 1744 diversa
297 1678 383 1745 ratio
407 1676 576 1744 dubitandi
600 1677 640 1742 de
663 1678 793 1754 valore,
819 1698 858 1742 ea
880 1698 960 1761 prae
983 1677 1057 1743 aliis
1079 1678 1230 1760 eligenda
1254 1685 1306 1746 est
1328 1681 1386 1746 ab·

58 1767 233 1844 breviatio,
257 1788 343 1850 quae
366 1767 485 1833 ceteris
508 1766 653 1833 securior
676 1770 736 1833 est.
784 1767 846 1831 Est
869 1771 977 1832 autern
1002 1767 1098 1844 haec,
1123 1768 1251 1850 quando
1275 1790 1386 1834 sacer-

59 1858 119 1923 dos
144 1856 298 1922 dicend0:
326 1857 408 1935 ,Per
423 1856 522 1922 istam
538 1862 687 1922 sanctam
705 1855 889 1921 unctionem
906 1860 940 1921 et
956 1876 1048 1921 suam
1065 1856 1242 1940 piissimam
1260 1858 1386 1924 miseri-

59 1946 205 2013 cordiam
229 1945 400 2029 indulgeat
417 1945 477 2012 tibi
494 1945 661 2022 Dominus,
686 1943 840 2028 quidquid
857 1944 1021 2028 deliquisti
1038 1966 1243 2029 persensus:
1268 1947 1384 2020 visum,

57 2035 219 2114 auditum,
243 2034 432 2112 odoratum,
455 2040 587 2118 gustum
613 2033 875 2112 allocutionem,
901 2037 1059 2112 tactum“,
1085 2035 1126 2100 ad
1150 2055 1264 2100 vocem
1292 2057 1385 2114 ,sen-

57 2129 132 2191 sus‘
161 2123 257 2207 ungit
279 2123 433 2198 frontem,
457 2124 499 2189 ad
522 2143 637 2189 vocem
666 2123 808 2200 ,visum“
835 2144 933 2187 unum
951 2124 1089 2201 oculum,
1114 2124 1155 2189 ad
1174 2145 1287 2189 vocem
1308 2147 1384 2203 ,au-

58 2214 181 2281 ditum“
210 2234 322 2279 aurem
347 2218 381 2279 et
404 2213 451 2278 sic
474 2233 581 2297 porro.
605 2251 650 2260 —
672 2212 735 2277 Hic
759 2211 843 2277 enim
864 2212 978 2277 modus
994 2212 1051 2277 vix
1067 2213 1166 2278 ullam
1183 2214 1384 2297 probabilem

57 2304 221 2370 rationem
252 2302 422 2368 dubitandi
451 2301 621 2384 relinquit,
652 2301 700 2367 ita
729 2305 768 2366 ut
797 2302 868 2367 sola
898 2301 967 2366 fere
997 2302 1178 2369 auctoritas
1208 2303 1268 2376 sit,
1301 2324 1384 2386 quae

57 2392 241 2478 prohibeat,
266 2390 438 2474 quominus
461 2391 645 2457 tutissimus
669 2395 703 2457 et
722 2390 924 2456 certissimus
940 2395 1085 2456 vocetur.
1118 2391 1233 2469 Aliter,
1258 2392 1285 2457 si
1302 2415 1385 2458 unus

55 2487 188 2548 tantum
212 2501 327 2546 sensus
351 2484 511 2563 ungatur,
536 2481 589 2545 vel
613 2480 684 2546 sola
706 2479 817 2558 frons,
842 2479 971 2545 etiamsi
993 2479 1113 2563 singuli
1136 2502 1251 2546 sensns
1274 2482 1384 2566 expri-

56 2574 192 2637 mantur
213 2570 247 2634 in
271 2569 387 2636 forma.

148 2696 200 2760 An
224 2715 415 2771 qunnsrrnn
440 2695 479 2757 2¹¹
502 2691 540 2759 R.
561 2696 589 2759 1.
622 2691 809 2758 Subiectum
833 2695 1004 2758 extremae
1026 2693 1189 2758 unctionis
1213 2699 1264 2759 est
1287 2693 1446 2760 homesta

56 2783 246 2867 baptizatus
270 2804 377 2866 capax
400 2781 573 2866 peccandi,
604 2781 785 2864 periculose
808 2786 1002 2864 aegrotans,
1027 2782 1055 2847 si
1078 2783 1174 2847 modo
1197 2783 1307 2865 aliqua
1331 2805 1384 2849 ra·

56 2874 148 2938 tione
171 2875 244 2938 velit
267 2875 510 2938 sacramentum
533 2870 680 2954 recipere
702 2891 808 2953 neque
830 2870 863 2934 in
887 2874 978 2935 statu
1002 2871 1130 2955 peccati
1153 2872 1320 2939 decedere.

147 2970 187 3035 R.
213 2972 244 3036 2.
283 2970 428 3054 (lapaces
450 2969 552 3051 igitur
575 2989 638 3033 non
670 2972 765 3035 sunt:
795 2967 939 3034 infantes
967 2971 1002 3034 et
1031 2973 1188 3053 perpetuo
1219 2973 1382 3044 amentes;

56 3060 80 3125 ii
103 3059 158 3142 qui
182 3079 247 3124 non
271 3057 403 3124 suntin
426 3058 570 3141 periculo
594 3057 709 3123 mortis
732 3057 785 3121 vel
809 3057 920 3139 quiin
944 3078 982 3122 eo
1006 3065 1083 3122 sunt
1105 3079 1169 3123 non
1193 3079 1235 3122 ex
1259 3058 1383 3125 afflicta

55 3147 257 3214 valetudine.

149 3239 289 3325 Capaccs
319 3257 398 3302 vero
428 3241 521 3301 sunt:
552 3234 643 3319 pueri
674 3239 749 3317 post
779 3255 882 3300 annos
913 3234 1134 3310 discretionis;
1167 3234 1190 3300 ii
1221 3235 1273 3318 qui
1305 3239 1383 3301 ante

57 3326 235 3393 amentiam
259 3346 352 3391 usum
369 3324 506 3391 rationis
522 3325 721 3400 habuerunt3
745 3328 895 3389 recenter
909 3323 1067 3406 baptizati
1083 3323 1116 3388 in
1132 3324 1245 3389 adulta
1260 3329 1382 3404 aetate,

56 3416 120 3483 etsi
151 3419 227 3499 post
255 3414 453 3498 baptismum
485 3414 614 3480 actuale
643 3417 812 3496 peccatum
846 3434 909 3477 non
947 3412 1168 3478 commiserint
1198 3413 1244 3493 (S.
1279 3416 1311 3481 O.
1344 3417 1384 3480 de

56 3507 155 3591 Prop.
181 3505 220 3571 F.
244 3507 286 3570 26
311 3504 400 3588 Sept.
428 3505 530 3580 1821;
555 3502 865 3568 Bellen-Palm.
890 3506 931 3568 tr.
959 3505 1009 3579 10,
1035 3508 1114 3571 sect.
1140 3505 1170 3580 6,
1195 3525 1226 3569 n.
1252 3505 1318 3586 28).

148 3601 186 3669 R.
212 3605 242 3669 3.
281 3601 320 3667 In
344 3602 456 3667 eodem
480 3601 593 3667 morbo
622 3601 805 3685 periculoso
835 3601 936 3665 semel
967 3604 1097 3666 tantum
1120 3621 1146 3666 s.
1172 3601 1280 3667 unctio
1312 3601 1382 3667 dari

57 3697 184 3776 potest,
215 3695 327 3775 potest
355 3690 460 3775 repeti
489 3690 522 3755 in
552 3691 664 3755 morbo
687 3689 844 3773 repetito:
875 3689 928 3755 vel
952 3688 1052 3755 etiam
1075 3689 1107 3754 in
1132 3690 1244 3755 eodem
1269 3692 1382 3757 morbo

56 3782 211 3847 diuturno
240 3784 352 3866 potest
381 3779 502 3863 repeti,
533 3779 561 3844 si
591 3780 769 3862 periculum
801 3778 916 3844 mortis
945 3778 1089 3846 desierat
1118 3800 1178 3863 per
1203 3780 1380 3845 notabilem

57 3868 365 3946 convalescentiam,
389 3869 447 3934 sed
470 3868 544 3934 dein
569 3868 663 3934 redit.

147 3983 200 4048 An
224 4004 415 4059 quassrruu
439 3986 477 4048 3¹¹
502 3983 540 4048 R.
562 3987 588 4049 l.
635 3983 672 4047 ln
696 3982 803 4066 priore
828 4002 906 4047 casu
928 3981 1113 4048 Fridericns
1137 3982 1249 4048 debuit
1272 3982 1442 4066 potius673

56 4072 212 4140 adhibere
236 4073 409 4138 formulam
428 4071 675 4156 explicitiorem,
700 4094 764 4154 qna
779 4071 898 4154 singuli
914 4092 1030 4136 sensus
1047 4078 1212 4154 ungantur
1228 4076 1261 4136 et
1277 4072 1380 4136 nomi·

57 4167 187 4240 nentur,
212 4160 274 4228 etsi
298 4183 363 4227 nna
386 4160 560 4227 sententia.
600 4162 696 4226 Harae
719 4160 891 4226 adhibendi
915 4161 999 4227 ratio
1023 4182 1144 4244 urgens
1168 4161 1299 4225 videtur
1322 4162 1379 4225 ad·

57 4253 170 4329 fuisse,
188 4251 317 4334 quando
333 4250 574 4317 rationabiliter
584 4248 700 4315 timere
713 4250 833 4327 debuit,
850 4270 890 4314 ne
904 4271 961 4333 per
973 4252 1152 4331 longiorem
1165 4251 1302 4314 formam
1320 4249 1379 4314 im·

57 4343 226 4426 pediretur
251 4340 421 4423 quominus
443 4343 649 4405 succurreret
673 4338 745 4403 aliis
769 4339 867 4405 etiarn
894 4338 926 4403 in
951 4340 1093 4422 periculo
1119 4339 1232 4404 mortis
1259 4339 1380 4404 consti·

10 4496 13 4539 Ι
56 4433 155 4508 tutis;
181 4430 264 4496 alias
286 4430 372 4496 ratio
397 4451 437 4494 ne
461 4430 502 4494 ad
526 4430 610 4493 hanc
626 4427 753 4510 quidem
777 4428 1055 4493 abbreviationem
1078 4428 1193 4495 adfuit.
1226 4428 1327 4492 Immo
1352 4428 1379 4492 si

58 4521 129 4587 aliis
146 4521 212 4585 iarn
236 4518 402 4603 provisum
425 4525 498 4585 erat
520 4539 579 4602 per
595 4522 718 4583 certam
742 4516 989 4593 absolutionem,
1013 4516 1067 4581 uni
1087 4521 1196 4581 autern
1220 4538 1283 4581 non
1307 4523 1380 4583 erat

57 4609 224 4694 provisum
241 4628 346 4690 neque
361 4612 451 4675 certo
468 4607 631 4692 provideri
647 4611 788 4691 poterat,
805 4610 919 4690 utpote
935 4606 1083 4670 sensibus
1100 4605 1267 4685 destituto,
1286 4612 1380 4674 aute·

10 4898 14 5051 r
