3044 5174
160 290 202 354 28
613 288 654 343 De
672 290 851 344 sacramentis
870 292 1029 359 generatim.

160 485 258 546 quam
274 463 380 530 Titius
395 464 510 530 habuit
525 487 567 531 ex
581 465 690 549 priore
706 467 909 532 confessione
924 465 1045 550 sponsi.
1076 466 1195 531 Mulier
1210 465 1310 547 igitur
1326 464 1485 546 sacrilege

160 553 256 637 petiit
285 553 523 621 absolutionem
553 560 588 622 et
616 557 794 622 secundum
824 577 917 621 suam
946 555 1189 640 persuasionem
1219 561 1253 621 et
1280 555 1484 619 voluntatem

160 642 294 726 recepit.
341 641 448 719 Quare
471 664 514 708 ex
543 643 613 709 eius
643 649 737 729 parts
761 645 869 711 omnia
892 645 1055 729 completa
1078 649 1173 710 erant
1202 663 1307 726 neque
1336 642 1484 726 impediri

161 735 315 815 poteraut
346 752 431 813 quae
463 732 505 797 ad
536 733 731 816 sacrilegam
763 734 1002 819 susceptionem
1034 733 1231 800 sacramenti
1263 731 1484 816 paenitentiae

161 821 381 903 requiruntur.
427 821 529 886 Hinc:

250 913 281 977 3.
306 909 412 976 Titius
435 910 600 993 obligatus
623 933 688 977 nou
712 917 793 989 erat,
818 911 1031 978 absolutionis
1054 911 1194 976 formam
1210 910 1373 975 omittere.
1411 910 1484 975 Sola

159 999 245 1064 ratio
269 1020 327 1064 cur
350 998 454 1064 videri
482 1000 587 1082 possit
616 1020 689 1065 esse
716 1000 895 1083 obligatus,
927 1021 967 1066 ea
996 1005 1048 1066 est
1077 1000 1162 1082 quod
1192 1020 1258 1064 non
1280 998 1436 1064 videatur
1458 998 1485 1062 ei

161 1087 258 1154 licere
282 1089 384 1153 verba
407 1088 660 1154 sacramentalia
683 1093 815 1155 scienter
844 1092 969 1154 frustra
990 1089 1211 1173 pronuntiare.
1258 1086 1381 1153 Verum
1407 1085 1484 1152 baec

160 1177 276 1260 regula
298 1177 332 1242 in
355 1184 468 1243 nostro
493 1197 571 1242 casu
594 1177 690 1244 fallit.
727 1179 810 1243 lllud
833 1182 966 1244 scienter
987 1179 1021 1244 in
1045 1182 1157 1243 nostro
1178 1198 1256 1242 casu
1273 1197 1338 1242 non
1355 1177 1483 1242 omniuo

160 1271 250 1333 recte
281 1265 409 1332 dicitur.
456 1265 563 1332 Titius
592 1266 678 1331 enim
705 1267 875 1333 scientiam
906 1268 1006 1333 habet
1035 1271 1164 1332 tantum
1194 1266 1482 1341 sacramentalem

160 1355 241 1421 haec
274 1361 385 1422 autem
417 1360 469 1422 est
500 1377 539 1422 ac
570 1355 598 1420 si
631 1376 694 1421 non
727 1357 874 1434 adesset;
908 1355 1074 1421 rarissime
1106 1355 1169 1421 erit
1200 1354 1359 1436 obligatio
1390 1359 1484 1420 extra

159 1444 261 1528 ipsius
291 1443 489 1528 paenitentis
519 1445 756 1510 contessionem
786 1445 848 1510 hac
877 1444 1014 1510 scientia
1041 1443 1170 1520 utendi,
1202 1444 1259 1508 ssd
1289 1465 1349 1527 pro
1373 1448 1483 1529 repeto

161 1540 228 1600 est:
264 1533 523 1612 „Confessarium
547 1555 589 1598 ex
612 1534 709 1599 rebus
737 1533 770 1598 in
794 1533 997 1599 confessione
1020 1534 1141 1600 auditis
1164 1554 1229 1597 non
1252 1532 1393 1615 obligari
1416 1533 1483 1598 sive

159 1622 248 1689 intra
277 1621 349 1686 sive
379 1627 475 1687 extra
505 1622 743 1688 confessionem
772 1622 895 1705 aliquid
924 1623 1034 1689 facere
1062 1623 1115 1687 vel
1145 1622 1297 1687 omittere
1327 1623 1369 1688 ad
1402 1623 1482 1704 quod

160 1733 224 1776 nou
241 1709 451 1794 obligaretur,
469 1710 495 1775 si
513 1711 749 1777 confessionem
765 1712 888 1777 nullam
904 1732 1056 1793 umquam
1073 1711 1274 1794 excepisset“
1296 1708 1352 1791 (cf.
1370 1711 1429 1780 ra.
1444 1735 1481 1777 m.

159 1800 201 1877 11,
226 1803 290 1865 429
316 1805 350 1866 et
372 1799 522 1878 Gobat,
552 1801 654 1868 llreol.
677 1803 827 1888 experior.
852 1805 948 1867 tract.
974 1804 1005 1878 7,
1028 1823 1059 1867 n.
1085 1798 1173 1882 875).
1217 1800 1308 1878 Quod
1332 1820 1414 1865 sane
1436 1799 1482 1865 iu·

159 1889 329 1972 tellegitur
359 1890 398 1954 de
422 1889 550 1955 actions
580 1889 667 1956 intra
690 1890 927 1955 confessionem
950 1889 1086 1955 alicuius
1109 1889 1216 1968 tertii,
1247 1911 1313 1954 non
1344 1890 1385 1954 de
1409 1910 1482 1954 cou-

159 1979 301 2044 iessioue
324 1977 468 2043 eiusdem
492 1979 647 2048 hominis:
679 1999 754 2044 nam
777 1979 846 2044 fieri
870 1982 996 2063 potest,
1020 1983 1058 2045 ut
1080 1979 1201 2063 possim
1225 1983 1259 2045 et
1283 1979 1421 2043 debeam
1444 2000 1483 2044 ex

159 2069 267 2153 priore
291 2068 495 2134 confessione
516 2073 691 2150 sequentes
707 2068 851 2133 eiusdem
873 2069 1072 2153 paenitentis
1088 2067 1309 2133 confessiones
1333 2067 1481 2150 dirigere.

248 2157 369 2234 Quodsi
385 2157 490 2223 Titius
512 2157 611 2222 istam
635 2157 805 2224 scientiam
829 2179 871 2222 ex
895 2157 1099 2223 confessione
1117 2157 1228 2241 sponsi
1251 2157 1406 2222 haustam
1428 2179 1482 2244 pro

159 2251 249 2314 nullo
279 2246 396 2323 habet,
426 2268 492 2311 non
522 2251 632 2330 potest
659 2267 722 2312 non
753 2247 966 2330 pronuntiare
989 2247 1225 2312 absolutionem
1256 2245 1289 2310 in
1312 2267 1480 2329 sponsam;

160 2356 239 2416 ergo
262 2334 309 2400 sie
339 2336 457 2401 saltem
481 2356 580 2417 agere
609 2338 687 2401 licet.
735 2335 827 2412 Quod
850 2342 960 2402 autem
990 2337 1074 2401 hanc
1097 2334 1258 2402 rationem
1282 2335 1408 2400 attinet
1430 2335 1482 2400 ab·

159 2425 354 2490 solutionem
379 2426 496 2490 effectu
519 2445 578 2489 suo
601 2424 771 2490 frustrari:
800 2424 832 2489 id
856 2425 1057 2509 permittitur
1080 2430 1114 2491 et
1137 2446 1196 2508 pro
1220 2423 1331 2490 multis
1355 2424 1481 2490 casibus

159 2513 304 2598 permitti
339 2513 452 2594 debet,
488 2534 562 2578 cum
596 2519 686 2580 certe
719 2534 849 2597 semper
881 2514 1041 2580 exsistere
1074 2513 1203 2598 possint
1233 2513 1285 2577 vel
1321 2513 1482 2580 exsistant

159 2601 375 2687 paenitentes,
400 2603 455 2684 qui
479 2609 513 2668 et
535 2624 571 2667 se
595 2606 629 2667 et
653 2602 886 2668 confessarium
910 2603 1038 2668 fallant.

114 2698 149 2752 42
249 2691 342 2756 Addo
365 2712 467 2756 nunc:
492 2691 650 2768 Quoniam
674 2691 874 2757 confessario
897 2691 930 2757 in
954 2691 1113 2757 similibus
1132 2690 1260 2756 casibus
1282 2690 1362 2757 licet
1386 2690 1482 2756 verba

159 2779 371 2846 absolutionis
394 2780 556 2864 proferre,
584 2781 691 2862 magis
714 2780 869 2846 inclinare
893 2782 990 2846 debet
1012 2781 1045 2845 in
1068 2781 1101 2845 id
1125 2787 1161 2845 ut
1183 2779 1332 2864 proferat
1356 2785 1392 2847 et
1416 2802 1481 2846 con-

160 2871 317 2934 dicionote
339 2870 490 2935 absolvat
513 2891 612 2951 quam
635 2874 672 2935 ut
695 2869 835 2936 omittat.
880 2869 1039 2936 Omittere
1063 2868 1148 2934 euim
1172 2869 1392 2952 periculosum
1416 2889 1481 2934 esse

157 2961 284 3042 potest,
315 2957 343 3022 si
372 2958 456 3023 hanc
485 2958 615 3042 praxim
646 2965 679 3025 et
709 2958 974 3025 consuetudinem
1006 2958 1225 3024 confessarius
1255 2957 1316 3023 sibi
1347 2962 1480 3024 statuat.

158 3046 271 3112 Videri
292 3046 378 3111 euim
403 3047 433 3112 ei
456 3053 567 3130 potest
590 3047 763 3130 aliquando
788 3053 913 3115 certum
937 3047 1159 3131 paenitentem
1185 3047 1346 3130 sacrilege
1362 3045 1481 3130 aliquid

157 3140 279 3212 tacere,
297 3141 331 3202 et
346 3134 552 3202 nihilominus
568 3136 639 3201 falli
655 3140 774 3220 potest.
811 3137 845 3203 Si
862 3143 971 3204 autem
986 3136 1123 3214 fallitur,
1139 3137 1265 3202 fallitur
1279 3136 1313 3201 in
1330 3157 1481 3218 magnum

159 3225 312 3290 damnum
327 3224 539 3309 paenitentis;
557 3225 663 3304 aliter,
680 3225 708 3290 si
720 3227 805 3292 solet
820 3227 928 3309 potius
941 3226 1155 3291 absolutionis
1170 3226 1309 3291 formam
1325 3226 1480 3308 proferre.

248 3313 386 3378 Domum
409 3323 521 3399 quomo
537 3314 644 3381 Titius
659 3314 854 3397 gravissime
876 3315 1003 3381 iallitur
1018 3320 1118 3397 atque
1134 3316 1174 3381 ob
1191 3315 1294 3380 solam
1309 3313 1480 3389 inscitiam,

158 3402 186 3467 si
216 3402 338 3480 adfuit,
372 3403 523 3468 excusari
552 3403 586 3468 in
616 3424 655 3468 eo
684 3407 795 3487 potest
825 3405 909 3486 quod
940 3404 1134 3488 particulam
1165 3426 1229 3469 non
1260 3410 1481 3470 consecratam

159 3512 299 3575 sponsae
321 3491 443 3556 insciae
467 3514 524 3575 pro
548 3492 772 3557 communione
795 3493 940 3576 praebet.
976 3494 1062 3559 Nam
1086 3492 1301 3558 subiectivam
1324 3493 1480 3560 malitiam

143 3605 144 3608 ¹
159 3579 340 3663 sacrilegae
353 3581 586 3646 communionis
598 3582 784 3647 nullatenus
801 3582 833 3647 in
846 3602 885 3646 ea
896 3581 1042 3665 impedit,
1060 3585 1175 3647 causat
1186 3602 1266 3646 vero
1278 3582 1480 3648 materialem

158 3669 387 3745 idololatriam,
412 3691 483 3734 cum
507 3670 663 3736 feminam
686 3671 819 3738 inducat
835 3671 875 3736 ad
893 3671 1092 3736 adorandam
1115 3671 1309 3753 particulam
1325 3692 1395 3736 non
1412 3693 1481 3738 con-

160 3763 333 3825 secratam.
369 3758 491 3824 Verum
514 3780 620 3842 neque
642 3759 804 3843 potuisset
827 3782 899 3825 cum
923 3760 1045 3825 femina
1062 3759 1185 3826 sciente
1201 3765 1236 3825 ct
1260 3761 1480 3827 consentiente

160 3847 207 3913 sic
230 3869 343 3930 agere:
368 3847 584 3915 commisisset
600 3850 686 3914 enim
702 3849 922 3915 idololatriam
945 3850 1142 3915 simulatam.
1174 3850 1205 3915 S.
1225 3849 1333 3933 Alph.
1348 3849 1408 3928 VI,
1434 3851 1480 3916 61.
1520 3835 1522 3862 ¹

344 4040 593 4106 SUBIEOTUM
618 4039 1021 4107 SAGRAMENTOR-UM.
1068 4040 1292 4107 INTENTIO.

723 4187 833 4254 Casus.
853 4195 909 4263 (13)

248 4327 385 4386 Hilarion
414 4327 616 4386 missionarius
644 4334 776 4404 tempore
804 4329 898 4387 morbi
926 4329 1090 4403 contagiosi
1120 4330 1247 4387 visitans
1269 4330 1373 4389 domus
1396 4350 1477 4409 paga·

160 4427 282 4478 norum,
305 4428 342 4466 ex
363 4407 528 4484 periculose
550 4408 792 4467 decumbentibus
814 4415 843 4467 et
864 4409 1011 4478 infantes,
1035 4415 1064 4467 et
1086 4429 1136 4467 eos
1159 4410 1274 4467 adultos
1296 4430 1370 4484 quos
1394 4411 1477 4471 sensi·

160 4490 215 4547 bus
237 4489 395 4547 destitutos
417 4488 546 4555 invenit,
575 4489 724 4564 baptizat:
755 4509 792 4548 ex
821 4490 925 4564 quibus
952 4489 1082 4547 maxima
1110 4509 1180 4565 pars
1202 4489 1285 4547 brevi
1307 4491 1476 4557 moriuntur.

161 4568 251 4643 aliqui
273 4570 310 4627 ad
331 4589 416 4628 usum
438 4569 563 4627 rationis
591 4576 621 4627 et
648 4569 740 4627 vitam
769 4570 901 4628 revocati
929 4571 1061 4644 gaudent
1089 4571 1125 4628 de
1154 4571 1271 4628 actione
1292 4571 1477 4642 missionem,

160 4649 289 4708 maxime
312 4652 349 4708 ob
370 4656 575 4727 recuperatam
597 4650 814 4719 valetudinem,
845 4650 896 4708 alii
918 4652 1065 4709 actionem
1086 4658 1119 4709 ut
1140 4650 1309 4725 religiosam
1330 4656 1476 4730 respuunt
