3044 5174
147 268 212 333 462
640 262 845 318 Sacramentum
863 262 972 317 ordinis.

146 440 260 520 gravis
282 439 477 520 defatigatio
501 444 535 505 et
559 438 736 504 difficultas
759 442 866 504 ortum
889 460 1018 504 sumere
1041 439 1139 506 debet
1161 460 1205 505 ex
1227 441 1341 522 aliqua
1364 464 1469 521 causa,

147 549 231 611 0000
263 527 369 611 magis
402 528 443 593 ad
476 527 537 594 Dei
570 529 693 593 cultum
726 528 874 593 00010001
907 549 1005 610 quam
1039 528 1111 612 ipsa
1141 529 1305 596 recitatio.
1363 531 1417 597 Ita
1445 533 1471 597 si

147 619 310 683 curandus
340 623 392 684 est
377 617 647 694 t,moribnudus
679 638 784 699 neque
816 617 962 700 suppetit
992 622 1122 701 tempus
1152 619 1344 686 absolvendi
1376 621 1471 686 officii

147 705 315 771 divini-
338 708 398 771 hoc
422 706 602 772 certissime
626 711 700 789 post
686 705 961 772 tthabendum
910 711 970 772 est.
1017 707 1100 772 Item
1131 706 1160 772 ei
1189 707 1367 774 multitudo
1399 731 1471 776 con·

108 871 111 877 p
145 796 317 872 1110011000,
343 818 419 881 0000
441 796 651 878 differrenon
674 817 830 879 possum,-
836 798 910 860 ttan
911 816 931 859 a
895 795 1110 875 tfuerit,ut
1073 801 1254 880 uttempus
1270 797 1358 863 desit
1377 798 1471 865 officii

146 885 325 964 recitandi,
361 884 402 949 ab
434 885 490 949 1110
523 885 720 962 excusabam
754 885 808 948 vel
837 883 865 949 01
895 889 991 966 urget
1020 889 1150 970 tempus
1180 893 1257 953 cont
1258 886 1342 952 iouis
1380 910 1472 973 prae·

145 935 329 1057 perendaci
361 978 397 1039 01
398 978 509 1039 tamen
532 973 560 1038 si
583 974 664 1074 haec
686 973 841 1058 praevisa
863 973 994 1051 fuerint,
1020 975 1177 1040 debebam
1200 975 1409 1059 praevenire.
1432 1016 1472 1024 —

146 1062 421 1129 Excusandust
387 1067 421 1128 01
421 1063 485 1128 iam
510 1062 573 1128 erit
595 1061 650 1163 001
671 1084 731 1164 000
746 1062 929 1163 complures
946 1062 1014 1128 dies
1030 1063 1199 1129 audiendis
1215 1065 1472 1133 confessionibus

146 1151 262 1217 aliisve
285 1151 436 1235 operibus
459 1151 654 1217 necessariis
675 1151 710 1216 iu
734 1173 814 1218 cura
837 1151 1020 1218 animarum
1043 1157 1220 1236 occupatus
1244 1159 1297 1222 est
1321 1155 1406 1221 adeo
1429 1161 1471 1235 ut,

145 1240 687 1315 01011010(110100001101000001,
719 1241 826 1324 spatio
857 1261 916 1325 pro
946 1241 1471 1310 00101001100101100001000000

147 1330 379 1396 convenienter
401 1329 586 1395 necessario
610 1335 747 1396 careret.
781 1329 850 1394 Alit
836 1332 897 1407 ter,
921 1330 949 1394 si
971 1332 1073 1396 semel
1095 1331 1263 1415 paululum
1280 1353 1301 1398 a
1317 1338 1471 1400 consueto

146 1440 261 1484 somno
291 1419 425 1484 deberet
455 1418 657 1485 subtrahere.
699 1419 730 1483 S.
755 1419 871 1502 Alph.
897 1417 958 1496 IV,
986 1421 1058 1485 156.
1106 1420 1229 1485 Verum
1259 1421 1293 1486 in
1326 1424 1472 1488 omnibus

146 1508 235 1573 hisce
254 1508 383 1574 casibus
398 1506 543 1585 attende,
568 1528 640 1572 eum
666 1507 720 1590 qui
744 1507 849 1590 possit
870 1507 1016 1590 singulas
1032 1509 1130 1574 horas
1145 1509 1298 1589 recitare,
1323 1513 1389 1578 atsi
1413 1533 1472 1577 000

147 1619 269 1675 omnes,
293 1597 398 1663 teneri
422 1597 464 1663 ad
488 1596 643 1678 singulas.
696 1597 752 1665 ut.
776 1619 817 1664 m.
842 1596 882 1677 Π,
909 1599 984 1663 639.

86 1720 138 1778 803
236 1704 274 1770 R.
300 1706 331 1770 2.
378 1703 411 1768 Si
435 1708 545 1769 autem
570 1703 749 1786 periculum
777 1702 962 1769 incurrendi
992 1705 1179 1771 nocumenti
1208 1705 1354 1772 accedit:
1388 1713 1472 1774 00010
1514 1739 1516 1772 ι

146 1794 179 1858 10
203 1795 274 1859 0010
297 1793 529 1876 probabilitate
553 1792 630 1857 talis
653 1791 788 1875 periculi
811 1793 968 1875 obligatio
992 1793 1153 1859 recitandi
1174 1795 1331 1861 breviarii
1356 1801 1471 1863 cessat.

147 1882 254 1959 Quare
277 1882 331 1965 qui
356 1886 533 1963 aegrotans
558 1881 611 1946 vel
634 1902 654 1945 a
684 1881 838 1963 graviore
865 1882 979 1947 morbo
1002 1883 1273 1949 reconvalescens
1296 1885 1473 1969 prudenter

146 1972 258 2049 timet,
289 1992 330 2036 ne
361 1971 418 2036 illa
448 1970 548 2036 animi
577 1970 786 2036 contentione
816 1992 913 2053 quam
944 1971 1065 2053 devota
1087 1971 1239 2039 recitatio
1263 1994 1376 2038 secum
1399 1974 1471 2051 fert,

147 2061 291 2127 notabile
321 2081 501 2142 gravamen
531 2059 592 2125 sibi
622 2060 756 2125 afferat:
788 2065 964 2126 excusatus
987 2064 1048 2126 001.
1095 2061 1211 2144 Neque
1241 2061 1274 2126 in
1304 2062 1368 2128 hoc
1399 2084 1471 2128 0000

147 2151 245 2215 anxie
268 2149 469 2232 perpendere
492 2148 590 2214 debet
614 2169 688 2212 num
714 2151 748 2213 et
771 2169 853 2231 quas
882 2148 1029 2232 singulas
1060 2148 1158 2216 hores
1188 2149 1293 2235 possit
1316 2152 1471 2218 recitare:

150 2239 202 2316 ,Si
227 2239 299 2321 0010
323 2238 364 2303 ob
387 2259 480 2303 suam
504 2237 729 2303 infirmitatem
759 2242 869 2303 certus
900 2242 951 2304 est
980 2259 1044 2303 non
1074 2260 1170 2322 posse
1200 2244 1305 2305 totum
1333 2240 1471 2306 officium

16 2361 22 2369 ·
145 2329 308 2482 becblmli
335 2326 522 2481 ptvdullgipat
545 2347 587 2391 00
612 2326 715 2410 000011
737 2331 883 2410 partam,
906 2327 1119 2411 probabiliter
1142 2329 1184 2393 ed
1207 2328 1288 2394 nihil
1311 2333 1469 2396 tenetur.“

172 2470 178 2484 .
260 2438 319 2499 p.
392 2466 399 2495 ,
492 2467 499 2481 .

236 2512 327 2590 Quod
351 2514 450 2579 etiam
468 2512 499 2578 S.
518 2512 704 2597 Alphonsus
727 2511 776 2578 110
798 2511 962 2595 intellegit
986 2519 1023 2579 ut
1041 2513 1141 2579 etiam
1165 2535 1208 2579 ex
1230 2535 1269 2581 00
1294 2517 1381 2596 quod
1405 2516 1473 2599 0010

147 2604 212 2668 iam
236 2623 335 2668 ausus
358 2601 403 2669 sit
425 2601 544 2668 iterum
569 2602 750 2678 celebrere,
775 2604 917 2667 nondum
941 2602 1055 2668 inferri
1079 2603 1183 2687 possit
1206 2624 1279 2668 euru
1303 2607 1412 2671 teneri
1434 2605 1472 2671 ad

147 2691 352 2758 recitandum
386 2691 593 2756 breviarium.
653 2689 834 2766 Videlicet,
873 2691 1003 2758 etiamsi
1041 2692 1217 2759 celebratio
1256 2692 1377 2759 missae
1413 2716 1472 2761 000

147 2781 304 2847 minorem
337 2802 446 2845 secum
490 2779 576 2846 10001
608 2780 878 2861 defatigationem
914 2801 1010 2862 quam
1050 2781 1200 2847 recitatio
1240 2782 1339 2847 officii
1375 2784 1471 2849 divini

148 2871 276 2935 divisim
307 2870 412 2946 facta,
444 2875 555 2934 tamen
585 2870 856 2934 reconvalescens
886 2875 997 2952 001001
1027 2870 1148 2935 habere
1182 2870 1268 2936 vires
1301 2871 1344 2936 sd
1375 2873 1471 2938 alter·

148 2965 268 3037 utrum,
286 2960 426 3024 noudum
444 2960 485 3023 ad
502 2963 688 3040 utrumque:
707 2980 770 3041 quo
793 2958 826 3022 iu
843 2980 920 3024 casu
937 2959 1104 3042 praeferre
1120 2964 1231 3043 potest
1246 2961 1470 3028 celebrandam

147 3050 290 3126 missam,
316 3053 430 3132 utpote
454 3069 535 3131 opus
559 3069 623 3112 non
647 3047 833 3130 impositum
858 3048 997 3130 quidem,
1023 3051 1059 3113 at
1079 3050 1175 3131 louge
1191 3049 1324 3114 maioris
1342 3052 1469 3116 valoris.

153 3139 207 3204 Tb.
233 3161 273 3203 m.
298 3137 339 3215 ll,
365 3139 446 3213 6383
471 3137 503 3202 S.
527 3136 635 3220 Alph
659 3137 679 3202 1.
706 3158 732 3203 0.
757 3136 891 3204 00111.

236 3245 276 3310 R.
301 3247 330 3311 3.
379 3244 411 3309 Si
436 3243 568 3309 exsistit
598 3263 697 3307 00000
727 3263 812 3325 0000
842 3264 885 3308 ex
914 3264 950 3308 00
981 3242 1109 3325 quidem
1135 3243 1335 3310 insufficiens
1361 3251 1413 3311 est
1435 3244 1470 3310 ad

147 3333 401 3409 excusationem,
426 3336 535 3397 tamen
558 3332 759 3413 aliquantam
776 3332 876 3397 habet
893 3353 965 3397 oum
988 3354 1027 3397 00
1044 3332 1305 3399 similitudinem:
1329 3335 1471 3419 superior

148 3422 389 3487 ecclesiasticus
413 3426 523 3504 potest
546 3421 577 3485 in
603 3442 680 3486 casu
706 3421 896 3504 particulari
920 3421 1098 3486 concedere
1122 3421 1401 3505 dispensationem
1425 3423 1470 3488 vel

149 3512 435 3577 commutationem
459 3511 492 3575 in
517 3510 683 3575 orationes
707 3510 889 3587 breviorem
921 3510 1006 3593 quod
1031 3531 1069 3575 eo
1093 3512 1199 3593 magis
1222 3511 1328 3589 valet,
1354 3513 1471 3578 00111001

148 3622 189 3665 ex
223 3621 323 3665 causa
356 3600 463 3665 minus
493 3599 605 3682 gravi,
640 3599 668 3664 si
701 3599 910 3682 dispensandi
945 3599 1152 3683 privilegium
1185 3621 1205 3665 a
1236 3601 1267 3666 S.
1300 3603 1386 3667 Sede
1420 3603 1470 3667 ob·

148 3693 276 3756 tentum
300 3689 353 3755 sit.

88 3828 140 3882 804
238 3813 290 3876 An
314 3813 563 3888 000000000311
587 3811 625 3878 R.
646 3815 674 3878 1.
713 3811 751 3876 10
781 3833 870 3876 mero
901 3811 1055 3893 negativo
1087 3811 1183 3877 dubio
1215 3813 1255 3877 da
1279 3813 1370 3880 facta
1394 3813 1470 3880 reci·

149 3902 285 3980 tatione,
309 3906 347 3967 ut
370 3901 411 3966 ad
438 3904 476 3964 1¹¹²
494 3900 693 3979 dictumest,
718 3906 814 3984 urget
830 3899 987 3983 obligatio
1004 3901 1173 3967 recitandi.
1205 3900 1242 3965 In
1268 3923 1347 3967 casu
1365 3909 1470 3970 nostro

149 3998 259 4058 autem
290 3991 436 4056 Marinus
466 3990 589 4055 nullam
619 3990 750 4054 videtur
779 3990 900 4054 habere
930 3990 1105 4072 positivam
1136 3989 1314 4069 rationem,
1348 4011 1470 4075 exque

149 4081 269 4147 iudicet
292 4101 328 4145 00
352 4079 519 4155 recitasse,
544 4078 606 4144 nisi
629 4079 715 4144 forte
739 4100 781 4144 ex
802 4080 1026 4144 consuetudine
1042 4078 1201 4145 recitandi
1218 4101 1289 4145 eam
1307 4082 1470 4147 desumere

148 4171 262 4253 possit.
295 4169 386 4246 Quod
410 4190 473 4233 000
497 4168 586 4251 prius
611 4168 761 4234 habuerit
776 4167 965 4233 memoriam
985 4168 1083 4245 dubii,
1108 4189 1223 4252 00000
1246 4174 1299 4236 001
1321 4171 1471 4252 negativa

149 4266 277 4325 tantum
304 4258 397 4323 ratio.
445 4257 551 4333 Quare
575 4257 603 4321 si
627 4258 659 4321 in
684 4258 771 4322 nullo
797 4257 886 4323 10010
910 4257 1018 4340 011000
1046 4258 1166 4323 sistere
1188 4262 1315 4342 potest,
1348 4281 1390 4325 ex
1415 4279 1470 4342 000

149 4347 361 4431 probabiliter
391 4346 513 4411 inferat
542 4368 578 4410 se
608 4347 834 4411 recitationem
865 4346 1058 4431 perfecisse,
1091 4346 1247 4430 obligatio
1278 4370 1344 4413 nou
1367 4352 1471 4434 potest

150 4437 261 4502 haberi
285 4459 344 4519 pro
369 4435 543 4503 exstincta.

239 4535 329 4610 Quod
346 4556 424 4599 vero
449 4533 528 4599 dicit
550 4533 693 4615 reliquos
716 4533 749 4597 in
774 4533 935 4598 communi
951 4532 1139 4599 dormitorio
1156 4536 1386 4601 recumbentes
1409 4542 1472 4603 tur·
1507 4588 1511 4619 :

150 4623 263 4687 batum
287 4624 335 4700 iri,
361 4624 389 4688 si
411 4625 481 4706 ipse
505 4628 638 4704 surgat:
661 4623 742 4687 haec
765 4644 830 4687 non
854 4627 906 4688 est
928 4622 1013 4688 00110
1038 4644 1122 4704 0000
1141 4629 1286 4703 excuset,
1312 4625 1370 4690 sed
1396 4645 1472 4710 0000
