3044 5174
600 261 804 316 Sacramentum
822 261 995 316 matrimonii.

729 463 865 532 solutio.

73 627 124 682 971
223 607 276 672 dn
306 627 498 683 ouansmcu
529 611 566 671 1¹¹¹
598 607 636 673 R.
668 611 696 675 1.
749 607 798 671 119
830 605 891 672 1911
922 625 1001 670 9991
1033 604 1240 687 interrogata
1281 607 1315 673 S.
1348 607 1465 691 Conqr.

134 696 294 778 101111
317 696 347 761 d.
368 699 410 762 26
433 697 522 780 Sept.
549 697 633 760 1837
658 694 827 779 respondit
853 694 1138 777 „impedimentum
1161 715 1226 759 non
1249 693 1464 760 subsistere“:

135 785 176 851 cf.
201 785 371 863 Eosset,
396 786 445 852 De
467 793 561 850 matr.
586 806 617 850 n.
646 786 740 850 1989.

224 891 263 958 R.
281 893 311 957 2.
344 891 377 958 Si
401 891 486 957 ratio
510 889 687 973 quaeritur,
712 911 752 956 ea
775 910 847 955 esse
871 889 978 967 debet,
1003 888 1080 972 quia
1102 911 1167 956 non
1189 891 1296 955 solum
1319 889 1382 954 hoc
1405 888 1466 954 im·

135 981 357 1064 pedimentum
387 1001 452 1063 qua
482 979 680 1046 matrimonii
709 979 862 1044 dirimens
892 982 996 1044 totam
1020 1000 1113 1044 suam
1136 978 1203 1044 vim
1226 979 1328 1045 habet
1350 999 1372 1043 a
1395 979 1466 1044 solo

135 1069 206 1134 inre
238 1069 476 1146 ecclesiastic0;
507 1069 566 1134 sed
596 1069 695 1135 etiam
726 1068 797 1152 ipsa
824 1068 905 1133 haec
932 1066 1080 1151 ,publice
1102 1068 1275 1135 honestas“
1305 1088 1363 1133 seu
1388 1088 1467 1133 con·

135 1157 258 1223 iunctio
288 1157 448 1242 quaedam
479 1162 513 1224 et
535 1158 652 1224 relatio
676 1157 808 1223 moralis
831 1157 919 1222 inter
947 1157 1021 1221 illos
1051 1178 1132 1241 quos
1156 1156 1286 1241 publica
1309 1158 1467 1223 honestas

137 1247 250 1324 afficit,
275 1268 317 1313 ex
335 1248 409 1330 lege
425 1246 568 1331 positiva
584 1246 763 1326 Ecclesiae,
787 1267 852 1311 non
875 1267 918 1311 ex
941 1246 1013 1328 ipsa
1036 1249 1156 1312 natura
1179 1245 1340 1313 subsistit.
1382 1244 1468 1311 Hinc

136 1335 170 1401 in
200 1336 458 1421 non-baptizatis
488 1358 529 1402 ne
551 1335 609 1402 illa
636 1335 765 1419 quidem
796 1334 1053 1417 quasi-affinitas
1090 1355 1174 1417 quae
1203 1335 1299 1401 radix
1329 1338 1363 1400 et
1392 1334 1468 1399 fun·

138 1425 325 1491 dementum
349 1429 400 1491 est
423 1424 518 1491 istius
541 1424 763 1509 impedimenti
787 1423 969 1489 dirimentis
999 1424 1110 1490 adest:
1141 1428 1359 1508 quapropter,
1393 1445 1467 1489 cum

138 1514 269 1580 Maeuia
292 1513 448 1580 defuncta
471 1514 516 1580 sit
537 1535 668 1598 pagana
692 1519 726 1581 et
749 1518 864 1598 postea
882 1513 1011 1578 demum
1028 1512 1134 1579 Titius
1150 1518 1184 1580 et
1199 1534 1293 1579 soror
1315 1512 1468 1579 Maeviae

138 1602 349 1669 christianam
373 1604 467 1668 fidem
492 1603 706 1687 susceperint,
731 1603 817 1669 inter
840 1623 896 1668 eos
912 1603 1034 1667 nullum
1052 1607 1165 1669 exstat
1187 1602 1468 1687 impedimentum,

139 1693 225 1774 quod
249 1693 490 1758 matrimonium
514 1692 688 1776 prohibeat
711 1693 763 1757 vel
786 1691 912 1758 irritum
937 1691 1064 1758 reddat.

79 1838 131 1893 97ss
232 1818 286 1882 An
310 1836 501 1892 cnansrnnm
523 1819 561 1880 2¹¹²
584 1817 624 1882 R.
644 1819 672 1883 1.
712 1816 745 1882 Si
762 1815 867 1882 Titius
889 1815 1132 1882 matrimonium
1156 1836 1227 1881 cum
1245 1815 1471 1882 19991911-

142 1910 349 1984 summasset,
375 1905 484 1971 affinis
507 1906 615 1972 iactus
639 1911 727 1971 esset
750 1905 913 1972 affinitate
943 1905 1086 1970 naturali
1116 1908 1150 1970 et
1180 1904 1267 1971 civili
1295 1926 1367 1971 cum
1394 1926 1472 1970 con·

139 1994 328 2076 sanguineis
351 1994 511 2073 Maeuiae,
536 1995 708 2078 speciatim
732 2015 803 2060 cum
827 1994 897 2059 eius
919 2016 1042 2061 sorore.
1081 1995 1174 2060 Haec
1197 1994 1344 2060 affinitas
1367 1992 1471 2060 deleri

140 2084 269 2165 nequit,
299 2104 338 2148 ac
361 2083 455 2167 proin
479 2085 587 2167 pergit
611 2085 771 2149 exsistere
795 2086 870 2167 post
893 2084 1100 2166 baptismum.
1147 2083 1219 2148 Etsi
1244 2082 1363 2164 igitur,
1396 2104 1470 2148 cum

141 2176 229 2238 esset
243 2193 403 2256 paganus,
427 2194 501 2238 cum
517 2194 629 2239 sorore
645 2173 795 2239 Maeuiae
811 2172 985 2238 defunctae
1002 2171 1101 2237 etiarn
1120 2175 1190 2238 tum
1208 2192 1340 2255 pagana
1354 2171 1472 2238 matri·

141 2261 284 2326 monium
315 2261 458 2326 validum
491 2262 573 2328 inire
605 2263 766 2346 potuisset
798 2281 904 2344 neque
933 2261 974 2326 ab
1005 2282 1044 2326 eo
1076 2260 1308 2326 matrimoniali
1339 2259 1472 2327 vinculo

141 2371 200 2434 per
230 2350 426 2433 baptismum
450 2352 650 2418 solveretur:
681 2356 792 2417 tamen
816 2370 917 2426 nunc,
947 2371 1021 2415 cum
1046 2349 1233 2434 baptizatus
1263 2349 1307 2417 sit
1331 2351 1473 2416 necdum

141 2439 222 2504 illud
252 2439 494 2505 matrimonium
527 2441 652 2518 inierit,
686 2441 813 2521 legibus
843 2438 1011 2505 Ecclesiae
1044 2438 1184 2522 ligatur,
1217 2460 1302 2523 quae
1335 2439 1473 2506 irritant

143 2527 384 2594 matrimonium
409 2550 482 2593 cum
506 2529 614 2595 ailina.

82 2654 133 2709 977
232 2634 270 2700 R.
290 2637 319 2700 2.
351 2634 386 2700 Si
409 2655 488 2699 vero
504 2635 610 2701 Titius
633 2656 698 2700 non
721 2635 753 2699 in
777 2634 923 2716 legitimo
946 2633 1163 2713 matrimonio,
1189 2635 1247 2700 sed
1270 2638 1366 2700 extra
1390 2635 1473 2702 illud

143 2722 256 2788 illicito
287 2723 382 2788 modo
413 2725 612 2789 consortium
635 2723 768 2788 carnale
798 2744 871 2788 cum
894 2724 1026 2789 Maevia
1052 2723 1221 2789 habuisset
1244 2727 1322 2789 ante
1345 2725 1474 2809 baptis·

143 2833 250 2891 mum,
284 2811 389 2878 civilis
420 2813 564 2879 affinitas
595 2835 660 2878 non
690 2812 848 2889 oriretur;
880 2813 1046 2879 oriaturne
1069 2814 1102 2878 in
1133 2835 1171 2879 eo
1195 2835 1274 2879 casu
1297 2815 1472 2893 naturalis,

144 2923 187 2967 an
210 2901 434 2968 ecclesiastica
459 2906 604 2979 tantum,
629 2902 824 2986 disputetur.
857 2903 890 2967 S.
916 2903 1063 2987 Officium
1090 2924 1175 2986 resp.
1202 2903 1231 2968 d.
1258 2902 1288 2968 d.
1316 2905 1357 2966 26
1385 2905 1471 2985 Aug.

147 2993 248 3067 1891,
279 2991 421 3074 priorem
451 2993 650 3058 sententiam
673 2995 835 3069 secutum,
867 2996 1104 3074 consequenter
1134 2991 1331 3068 declaravit,
1364 2992 1391 3055 si
1417 2991 1474 3074 qui

120 3084 222 3146 ante
245 3080 441 3163 baptismum
466 3103 508 3147 ex
539 3081 672 3146 crimine
703 3080 897 3146 affinitatem
929 3079 1171 3158 contraxerint,
1204 3101 1259 3145 eos
1289 3085 1365 3164 post
1390 3081 1473 3165 hap·

144 3170 277 3234 tismuna'
319 3174 507 3254 susceptum
551 3192 615 3235 non
658 3190 754 3252 posse
795 3169 883 3234 inter
924 3191 960 3234 se
1002 3168 1244 3235 matrimonium
1287 3169 1369 3233 inire
1409 3171 1474 3235 nisi

144 3259 257 3323 habita
280 3259 539 3343 dispensatione,
572 3281 610 3324 eo
641 3259 726 3342 quod
757 3261 932 3323 teneantur
962 3258 1134 3324 affinitatis
1167 3257 1399 3341 impedimento
1424 3259 1473 3324 di-

144 3347 284 3413 rimenti.
339 3349 446 3426 Quare
481 3349 626 3433 practice
661 3369 773 3413 eorum
808 3346 973 3413 sententia
1008 3348 1174 3429 sequenda
1209 3368 1274 3412 non
1309 3352 1376 3424 est,
1419 3348 1474 3430 qui

145 3458 218 3501 cum
248 3437 352 3518 Lugo
384 3438 561 3524 (Responsa
594 3461 670 3504 mor.
703 3437 724 3503 1.
758 3439 794 3514 1,
827 3436 901 3502 dub.
933 3440 970 3512 4,
1005 3457 1035 3501 n.
1068 3434 1275 3520 29)'putent
1304 3457 1368 3501 non
1400 3457 1475 3503 esse

145 3525 207 3590 nisi
231 3527 487 3592 ecclesiasticam
511 3526 716 3603 affinitatem,
742 3547 815 3590 eam
839 3524 917 3590 oriri
933 3546 996 3590 non
1021 3545 1116 3608 posse
1140 3546 1181 3590 ex
1205 3525 1338 3591 crimine
1355 3547 1375 3592 a
1391 3548 1475 3592 ncn-

145 3613 320 3698 baptizatis
353 3616 543 3693 commisso,
578 3615 706 3681 etiamsi
737 3614 769 3679 hi
803 3619 918 3698 postea
949 3615 990 3680 ad
1013 3615 1110 3679 fidem
1141 3615 1290 3680 conversi
1315 3615 1475 3699 baptizati

147 3703 278 3769 fuerint.

236 3792 438 3876 Responsum
463 3796 496 3860 S.
524 3793 630 3876 Officii
653 3798 704 3858 est
726 3791 806 3857 hoc:
842 3791 1083 3869 ,Affinitatem
1115 3792 1255 3874 quaein
1279 3791 1476 3860 infidelitate

147 3882 343 3948 naturaliter
372 3882 576 3947 contrahitur
606 3903 647 3946 ex
679 3882 795 3964 copula
823 3885 893 3947 tum
924 3881 1014 3947 licita
1044 3885 1114 3945 tum
1144 3880 1274 3954 illicita,
1306 3903 1370 3945 non
1402 3903 1476 3948 9999

147 3971 412 4054 impedimentum
437 3992 496 4054 pro
520 3970 735 4036 matrimoniis
759 3970 897 4052 quaein
921 3970 1115 4036 infidelitate
1138 3969 1307 4035 ineuntur:
1332 3972 1477 4037 evadere

147 4065 259 4125 tamen
282 4060 549 4143 impedimentum
572 4081 630 4143 pro
654 4059 869 4124 matrimoniis
893 4080 976 4140 quae
1000 4059 1153 4125 ineuntur
1173 4065 1250 4142 post
1265 4059 1475 4142 baptismum,

149 4171 212 4231 quo
236 4153 399 4232 suscepto,
423 4149 570 4214 infideles
593 4151 676 4214 fiunt
692 4148 812 4213 subditi
830 4148 1007 4226 Ecclesiae,
1033 4149 1167 4230 eiusque
1191 4148 1325 4232 proinde
1348 4150 1477 4231 legibus

149 4237 315 4303 subiecti.“
350 4238 402 4303 lta
426 4240 471 4303 od
493 4241 550 4304 cic.
576 4261 626 4323 op.
651 4239 828 4319 Nuclcicn.;
850 4237 924 4303 vide
947 4241 1027 4303 Actu
1052 4240 1085 4304 S.
1112 4238 1203 4303 Sedis
1225 4237 1328 4316 XXV,
1354 4241 1431 4306 704.

238 4325 395 4392 Attamen
419 4350 490 4392 cum
516 4329 669 4409 generale
693 4327 860 4392 decretum
884 4348 948 4392 non
972 4326 1122 4403 exsistat,
1150 4348 1202 4391 res
1227 4347 1290 4391 non
1314 4328 1363 4393 ita
1387 4329 1478 4394 clara

149 4419 201 4480 est
224 4420 260 4479 ut
284 4417 449 4482 contraria
464 4417 607 4498 Lugonis
631 4416 796 4481 sententia
819 4416 962 4482 evaserit
985 4416 1082 4499 plane
1104 4416 1337 4500 improbabilis.
1371 4418 1478 4495 Quare

149 4505 182 4568 in
207 4504 460 4571 circumstantiis
485 4506 736 4582 difficilioribus,
761 4505 903 4570 maxime
927 4510 1002 4589 post
1025 4505 1159 4583 factum,
1185 4505 1285 4571 etiam
1308 4507 1390 4571 haec
1414 4508 1479 4572 Lu-

150 4594 244 4677 gcnis
267 4594 432 4660 sententia
455 4595 527 4660 usui
551 4617 624 4660 esse
647 4598 767 4678 potest.
821 4596 876 4660 Th.
902 4618 944 4660 m.
969 4594 1009 4672 ll,
1036 4596 1110 4661 763.
