3044 5174
518 281 634 335 Materia
652 281 789 351 proxima:
811 309 844 317 -
864 282 1013 337 Confessio.
1125 243 1127 248 v
1363 285 1425 349 197

91 458 232 524 circiter
255 457 428 542 paenitens
451 458 640 542 peccaverit
663 458 697 523 in
719 480 847 535 mense,
871 459 904 524 in
928 459 1148 536 hebdomada,
1174 459 1206 523 in
1231 459 1298 534 die,
1322 479 1428 540 neque

93 548 184 613 alius
209 552 383 632 computus
406 551 458 613 est
487 548 717 614 instituendus.
764 549 854 614 Talis
885 549 970 613 enim
994 569 1149 613 numerus
1172 553 1207 614 et
1229 548 1345 613 melius
1369 568 1427 612 ex·

93 637 213 721 primit
235 636 412 702 veritatem
437 640 471 702 et
494 638 661 703 meliorem
695 638 752 703 dat
783 639 822 703 de
853 641 943 703 statu
974 637 1173 721 paenitentis
1197 637 1426 719 cognitionem,

95 747 199 808 quam
224 746 379 791 numerus
402 726 516 792 totalis
539 730 749 811 peccatorum
772 728 805 791 in
830 748 927 792 unum
952 728 1174 793 collectorum.
1209 727 1312 791 Immo
1336 726 1363 790 si
1387 746 1428 790 ne

94 816 153 880 ille
179 815 309 897 quidem
334 836 487 880 numerus
511 816 574 881 dici
596 821 707 899 potest
730 817 966 883 cotidianorum
991 821 1209 899 peccatorum,
1234 815 1357 882 sufficit
1379 815 1428 880 di·

96 925 175 969 cere
198 909 330 988 tempus
359 924 418 988 per
447 905 532 986 quod
564 906 772 970 consueverit
801 906 972 989 paenitens
1002 905 1119 987 quavis
1149 905 1320 969 occasione
1350 903 1429 970 data

96 1014 255 1076 peccare,
287 998 322 1058 et
344 999 461 1071 notare
484 993 511 1058 si
536 1015 618 1076 quae
641 995 729 1060 forte
760 993 964 1060 occurrerint
992 999 1130 1078 peccata
1154 993 1426 1059 extraordinaria.

96 1083 146 1148 Cf.
175 1082 206 1149 S.
232 1081 349 1166 Alph.
374 1081 430 1159 VI,
456 1086 538 1158 466;
564 1084 718 1166 Sporer
741 1083 798 1159 Ill,
823 1086 995 1165 451sqqs
1020 1083 1190 1160 Noldin,
1216 1084 1266 1149 Dc
1289 1105 1426 1149 accrum.

99 1175 166 1236 264
184 1192 221 1247 ος
246 1169 425 1239 Genicot
447 1172 488 1250 11,
513 1174 588 1238 285.

191 1306 245 1369 Ar>
269 1325 460 1379 cusasmuu
484 1307 523 1368 4¹¹¹
547 1304 585 1370 R.
614 1306 641 1371 1.
687 1303 865 1370 Accusatio
888 1303 1039 1369 luxuriae
1069 1303 1279 1380 commissae,
1310 1302 1373 1369 etsi
1395 1302 1428 1367 in
1438 1311 1489 1366 337

98 1393 188 1459 omni
222 1413 344 1475 genere
376 1392 553 1476 spurcitiae
584 1393 738 1459 Rusticus
769 1393 929 1470 haeserit,
965 1392 1060 1458 nimis
1091 1392 1344 1459 indeterminata
1378 1398 1430 1459 est

99 1481 211 1565 quoad
235 1481 361 1565 species
385 1488 418 1548 et
442 1503 622 1549 numerum.
669 1483 755 1548 Nam
781 1487 870 1548 certe
894 1504 958 1547 non
992 1482 1153 1563 quaslibet
1176 1482 1302 1565 species
1325 1501 1429 1564 aeque

98 1573 294 1654 frequenter
318 1571 490 1638 commisit.
538 1572 655 1636 Dicere
686 1593 766 1654 ergo
796 1571 893 1637 debet
923 1572 1040 1637 saltem
1072 1571 1197 1655 species
1221 1575 1429 1654 peccatorum

101 1681 203 1745 opere
227 1664 492 1744 perpetratorum
517 1682 589 1726 curn
615 1664 725 1746 aliquo
749 1660 947 1726 indicatione
977 1661 1102 1725 numeri
1125 1682 1185 1744 per
1208 1680 1353 1724 mensem
1375 1659 1429 1724 vel

102 1749 354 1827 hebdomadam,
380 1749 420 1813 de
444 1749 580 1814 internis
596 1771 675 1814 vero
699 1751 843 1834 peccatis
859 1750 987 1815 facilius
1003 1749 1145 1816 sufficiet
1161 1750 1321 1814 indicasse
1345 1754 1429 1815 tem-

101 1861 164 1923 pus
197 1859 262 1920 quo
292 1838 500 1903 consueverit
530 1838 647 1920 quavis
678 1839 757 1904 data
780 1839 950 1904 occasione
974 1839 1058 1916 labi,
1092 1838 1263 1922 speciatim
1287 1839 1431 1904 fortasse

103 1928 232 1993 notatis
257 1927 526 1994 extraordinariis
549 1927 693 2011 peccatis
717 1949 894 2009 eorumque
917 1949 1050 1994 numero
1074 1928 1347 2012 approximativo

192 2042 231 2108 R.
258 2045 288 2108 2.
335 2042 428 2108 Circa
461 2043 667 2108 omissionem
699 2044 835 2108 totalem
870 2043 1049 2108 officiorum
1080 2043 1246 2126 religionis
1276 2048 1311 2109 et
1333 2062 1429 2127 prae·

101 2136 274 2215 ceptorum
298 2132 465 2198 Ecclesiae
494 2133 527 2197 in
557 2154 634 2198 casu
665 2137 777 2199 nostro
808 2133 930 2198 sufficit
960 2132 1066 2197 dicere
1096 2138 1224 2216 tempus
1255 2153 1313 2215 per
1343 2130 1429 2213 quod

101 2221 314 2287 consueverit
337 2220 493 2287 Rusticus
515 2221 547 2285 in
572 2221 632 2288 tali
656 2221 818 2286 oblivione
841 2222 971 2286 vivere:
1003 2221 1250 2303 aequivalenter
1280 2220 1365 2286 enim
1389 2241 1429 2285 eo

99 2310 176 2395 ipso
202 2310 281 2375 dicit
305 2310 413 2375 omnia
436 2311 494 2376 illa
516 2315 656 2394 peccata
679 2313 855 2375 secundum
879 2311 1021 2394 speciem
1045 2314 1079 2376 et
1102 2332 1281 2376 numerum.

192 2426 232 2492 R.
261 2427 291 2491 3.
338 2425 439 2492 Recte
463 2426 545 2492 facit
569 2425 740 2504 Rusticus,
770 2426 868 2490 immo
900 2425 1065 2509 obligatur
1094 2426 1193 2492 adid
1222 2431 1259 2492 ut
1282 2426 1430 2492 fateatur

101 2513 238 2597 aliquod
262 2519 432 2598 peccatum
457 2516 605 2592 mortale,
631 2516 722 2580 cuius
746 2515 887 2599 speciem
913 2515 1009 2600 plane
1025 2537 1089 2580 non
1107 2515 1306 2581 recordetur.
1343 2514 1429 2580 Nam

100 2602 157 2686 qui
181 2603 244 2669 scit
274 2625 310 2669 se
340 2625 493 2687 peccasse
523 2605 723 2681 mortaliter,
755 2604 903 2670 nesciens
933 2626 997 2687 qua
1028 2606 1152 2688 specie,
1184 2605 1281 2670 debet
1310 2604 1429 2670 saltem

100 2700 213 2758 actum
245 2713 338 2757 suum
368 2693 467 2759 fateri
498 2694 675 2758 secundum
704 2695 891 2776 generalem
922 2694 1081 2760 malitiam
1112 2694 1261 2760 mortalis
1291 2690 1427 2776 peccati.

100 2780 323 2846 Nihilominus
346 2783 373 2846 si
398 2787 514 2866 postea
537 2783 738 2857 recordetur,
762 2783 905 2866 speciem
928 2783 1096 2849 declarare
1121 2784 1260 2850 debebit.

191 2898 231 2964 R.
255 2901 285 2964 4.
334 2899 454 2964 Debuit
477 2903 587 2965 autem
611 2898 766 2964 Rusticus
796 2899 896 2964 etiarn
927 2899 1071 2965 indicare
1100 2899 1134 2964 in
1164 2905 1321 2981 quotnam
1351 2917 1427 2961 con·

101 2986 301 3052 sessionibus
324 2987 403 3051 illud
426 2991 597 3070 peccatum
622 2989 795 3053 celaverit:
826 3009 864 3054 ac
888 2987 982 3071 proin
1004 2988 1240 3053 confessionem
1265 2986 1427 3053 actualem

100 3076 282 3141 extendere
298 3076 340 3141 ad
356 3096 469 3140 omnes
492 3076 567 3141 illas
591 3076 812 3142 confessiones
828 3077 1036 3160 praeteritas,
1061 3099 1118 3143 seu
1143 3078 1184 3142 ad
1207 3081 1313 3143 totum
1337 3075 1427 3140 vitae

100 3165 257 3248 spatium,
282 3166 367 3247 quod
391 3165 529 3230 defluxit
545 3187 565 3230 a
580 3165 686 3248 prima
702 3167 906 3232 confessione
928 3172 1006 3232 ante
1029 3167 1109 3231 illud
1132 3171 1302 3250 peccatum
1319 3163 1427 3248 pueri·

99 3254 168 3319 tiae
191 3253 255 3319 rite
278 3253 441 3320 instituta.
474 3255 558 3320 Hinc
581 3261 674 3338 patet
699 3256 899 3321 confessario
922 3257 1109 3322 etiamnunc
1133 3277 1214 3339 opus
1238 3276 1309 3320 esse
1333 3252 1427 3319 insti·

100 3349 195 3408 tuere
219 3344 341 3409 multas
364 3343 656 3426 interrogationes,
688 3345 741 3408 vel
772 3345 871 3410 etiam
903 3344 944 3410 ad
975 3345 1074 3409 breve
1105 3350 1234 3428 tempus
1258 3344 1427 3408 Rusticum

99 3432 288 3509 remittere,
320 3437 357 3498 ut
384 3432 424 3497 de
455 3433 616 3516 prioribus
640 3433 729 3498 vitae
759 3434 852 3498 annis
882 3433 1026 3498 nonnihil
1052 3435 1138 3518 apud
1168 3438 1310 3499 urentem
1335 3453 1426 3497 suam

98 3522 254 3603 inquirat.

307 3711 543 3778 CONFESSIO
569 3713 751 3779 PECCATI
775 3714 965 3792 RIUSQUR
989 3714 1220 3781 EFFECTUS.

673 3881 783 3948 (lasus.
803 3890 861 3958 (99)

191 4020 333 4079 Lucullus
354 4020 385 4077 in
408 4020 595 4079 confessione
625 4041 657 4080 se
679 4028 802 4082 accusat
824 4025 859 4083 de
881 4044 995 4083 veneno
1024 4024 1092 4085 dato
1114 4025 1150 4083 ad
1173 4025 1364 4084 occidendum
1385 4025 1427 4082 in·

99 4101 219 4159 imicum
242 4106 273 4159 et
293 4100 354 4158 alia
368 4100 434 4158 vice
457 4101 494 4159 ad
516 4103 731 4177 procurandum
754 4106 907 4175 abortum;
931 4105 998 4164 dein
1014 4111 1137 4164 accusat
1152 4125 1183 4163 se
1199 4105 1234 4162 de
1256 4105 1426 4181 aspectibus

99 4187 131 4239 et
151 4181 284 4240 tactibus
306 4181 439 4255 graviter
460 4182 634 4253 obscoenis,
663 4184 828 4258 exquibus
859 4186 936 4245 solet
957 4186 1072 4261 quidem
1103 4186 1295 4262 pollutionem
1317 4185 1427 4243 habere

99 4261 165 4320 sive
186 4260 260 4336 vigil
282 4261 346 4319 sive
368 4260 532 4331 dormiens,
562 4262 614 4320 sed
641 4263 719 4321 hanc
740 4283 801 4322 rem
823 4285 881 4324 non
904 4271 1126 4335 commemorat,
1155 4270 1243 4340 atque
1271 4265 1300 4322 in
1322 4264 1426 4339 vigilia

99 4341 191 4400 etiam
213 4341 291 4400 solet
311 4340 354 4399 illi
376 4342 553 4402 consentire.

98 4466 280 4536 Qunrmrun
302 4466 331 4523 1ο
359 4465 500 4540 obligatio
530 4467 726 4528 confessionis
754 4470 891 4544 integrae
922 4471 1060 4528 trahatne
1089 4488 1188 4528 secum
1217 4467 1424 4543 obligationem

358 4548 471 4620 effectus
491 4548 658 4607 confitendi.

299 4644 329 4699 2⁰
356 4643 497 4701 Lucullus
519 4644 712 4703 confessusae
734 4646 774 4704 sit
794 4646 916 4721 integre.
