<?xml version="1.0" encoding="UTF-8"?>
<!DOCTYPE html PUBLIC "-//W3C//DTD XHTML 1.0 Transitional//EN"
    "http://www.w3.org/TR/xhtml1/DTD/xhtml1-transitional.dtd">
<html xmlns="http://www.w3.org/1999/xhtml" xml:lang="en" lang="en">
 <head>
  <title>
</title>
<meta http-equiv="Content-Type" content="text/html;charset=utf-8" />
  <meta name='ocr-system' content='tesseract 3.04.00' />
  <meta name='ocr-capabilities' content='ocr_page ocr_carea ocr_par ocr_line ocrx_word'/>
</head>
<body>
  <div class='ocr_page' id='page_1' title='image "./casusconscienti00lehmgoog_0177.png"; bbox 0 0 3044 5174; ppageno 0'>
   <div class='ocr_carea' id='block_1_1' title="bbox 362 285 1376 351">
    <p class='ocr_par' dir='ltr' id='par_1_1' title="bbox 362 285 1376 351">
     <span class='ocr_line' id='line_1_1' title="bbox 362 285 1376 351; baseline 0.001 -10"><span class='ocrx_word' id='word_1_1' title='bbox 362 287 464 343; x_wconf 85' lang='lat' dir='ltr'>Missae</span> <span class='ocrx_word' id='word_1_2' title='bbox 482 287 637 342; x_wconf 75' lang='lat' dir='ltr'>celebratio.</span> <span class='ocrx_word' id='word_1_3' title='bbox 656 315 692 326; x_wconf 88' lang='lat'>·-</span> <span class='ocrx_word' id='word_1_4' title='bbox 710 285 881 340; x_wconf 83' lang='lat' dir='ltr'>Ministrans.</span> <span class='ocrx_word' id='word_1_5' title='bbox 918 285 1061 340; x_wconf 87' lang='lat' dir='ltr'>Rubriaae.</span> <span class='ocrx_word' id='word_1_6' title='bbox 1314 287 1376 351; x_wconf 84' lang='lat'>155</span> 
     </span>
    </p>
   </div>
   <div class='ocr_carea' id='block_1_2' title="bbox 42 463 1379 618">
    <p class='ocr_par' dir='ltr' id='par_1_2' title="bbox 42 463 1379 618">
     <span class='ocr_line' id='line_1_2' title="bbox 42 463 1379 542; baseline 0.001 -21"><span class='ocrx_word' id='word_1_7' title='bbox 42 463 228 524; x_wconf 89' lang='lat' dir='ltr'>clinatioues</span> <span class='ocrx_word' id='word_1_8' title='bbox 249 466 420 542; x_wconf 78' lang='lat' dir='ltr'>neglegens,</span> <span class='ocrx_word' id='word_1_9' title='bbox 443 465 667 541; x_wconf 83' lang='lat' dir='ltr'>genuflexiones</span> <span class='ocrx_word' id='word_1_10' title='bbox 682 464 848 535; x_wconf 85' lang='lat' dir='ltr'>dimidians,</span> <span class='ocrx_word' id='word_1_11' title='bbox 871 463 1066 523; x_wconf 78' lang='lat' dir='ltr'>elevationem</span> <span class='ocrx_word' id='word_1_12' title='bbox 1081 463 1241 538; x_wconf 85' lang='lat' dir='ltr'>symbolice</span> <span class='ocrx_word' id='word_1_13' title='bbox 1263 469 1379 523; x_wconf 88' lang='lat' dir='ltr'>tantum</span> 
     </span>
     <span class='ocr_line' id='line_1_3' title="bbox 42 544 1174 618; baseline 0 -16"><span class='ocrx_word' id='word_1_14' title='bbox 42 563 204 615; x_wconf 83' lang='lat' dir='ltr'>exercens,</span> <span class='ocrx_word' id='word_1_15' title='bbox 226 564 364 606; x_wconf 89' lang='lat' dir='ltr'>manuum</span> <span class='ocrx_word' id='word_1_16' title='bbox 386 546 589 605; x_wconf 80' lang='lat' dir='ltr'>extensionem</span> <span class='ocrx_word' id='word_1_17' title='bbox 612 551 642 604; x_wconf 88' lang='lat' dir='ltr'>et</span> <span class='ocrx_word' id='word_1_18' title='bbox 663 545 860 604; x_wconf 82' lang='lat' dir='ltr'>elevationem</span> <span class='ocrx_word' id='word_1_19' title='bbox 882 544 955 603; x_wconf 90' lang='lat' dir='ltr'>nihil</span> <span class='ocrx_word' id='word_1_20' title='bbox 976 544 1174 618; x_wconf 88' lang='lat' dir='ltr'>distinguens.</span> 
     </span>
    </p>
   </div>
   <div class='ocr_carea' id='block_1_3' title="bbox 45 631 1381 872">
    <p class='ocr_par' dir='ltr' id='par_1_3' title="bbox 45 631 1381 872">
     <span class='ocr_line' id='line_1_4' title="bbox 136 631 1380 709; baseline -0.001 -18"><span class='ocrx_word' id='word_1_21' title='bbox 136 633 233 693; x_wconf 90' lang='lat' dir='ltr'>Immo</span> <span class='ocrx_word' id='word_1_22' title='bbox 256 653 321 694; x_wconf 85' lang='lat' dir='ltr'>cum</span> <span class='ocrx_word' id='word_1_23' title='bbox 342 654 381 694; x_wconf 84' lang='lat' dir='ltr'>ex</span> <span class='ocrx_word' id='word_1_24' title='bbox 401 635 573 694; x_wconf 88' lang='lat' dir='ltr'>infirmitate</span> <span class='ocrx_word' id='word_1_25' title='bbox 594 634 631 693; x_wconf 90' lang='lat' dir='ltr'>ad</span> <span class='ocrx_word' id='word_1_26' title='bbox 660 634 754 693; x_wconf 89' lang='lat' dir='ltr'>altare</span> <span class='ocrx_word' id='word_1_27' title='bbox 776 642 857 692; x_wconf 89' lang='lat' dir='ltr'>stare</span> <span class='ocrx_word' id='word_1_28' title='bbox 878 653 938 692; x_wconf 92' lang='lat' dir='ltr'>non</span> <span class='ocrx_word' id='word_1_29' title='bbox 958 632 1070 709; x_wconf 80' lang='lat' dir='ltr'>possit,</span> <span class='ocrx_word' id='word_1_30' title='bbox 1099 632 1157 691; x_wconf 89' lang='lat' dir='ltr'>nisi</span> <span class='ocrx_word' id='word_1_31' title='bbox 1185 631 1321 691; x_wconf 90' lang='lat' dir='ltr'>manibus</span> <span class='ocrx_word' id='word_1_32' title='bbox 1343 632 1380 691; x_wconf 88' lang='lat' dir='ltr'>ad</span> 
     </span>
     <span class='ocr_line' id='line_1_5' title="bbox 45 712 1381 785; baseline 0 -13"><span class='ocrx_word' id='word_1_33' title='bbox 45 714 145 772; x_wconf 87' lang='lat' dir='ltr'>altare</span> <span class='ocrx_word' id='word_1_34' title='bbox 165 733 235 774; x_wconf 88' lang='lat' dir='ltr'>sese</span> <span class='ocrx_word' id='word_1_35' title='bbox 257 715 420 785; x_wconf 89' lang='lat' dir='ltr'>sustineat,</span> <span class='ocrx_word' id='word_1_36' title='bbox 449 714 640 774; x_wconf 87' lang='lat' dir='ltr'>nihilomiuus</span> <span class='ocrx_word' id='word_1_37' title='bbox 662 733 680 773; x_wconf 90' lang='lat' dir='ltr'>a</span> <span class='ocrx_word' id='word_1_38' title='bbox 702 714 900 774; x_wconf 79' lang='lat' dir='ltr'>celebratione</span> <span class='ocrx_word' id='word_1_39' title='bbox 922 733 981 772; x_wconf 91' lang='lat' dir='ltr'>non</span> <span class='ocrx_word' id='word_1_40' title='bbox 1004 712 1137 784; x_wconf 90' lang='lat' dir='ltr'>desistit,</span> <span class='ocrx_word' id='word_1_41' title='bbox 1169 732 1206 771; x_wconf 93' lang='lat' dir='ltr'>ne</span> <span class='ocrx_word' id='word_1_42' title='bbox 1227 712 1381 772; x_wconf 81' lang='lat' dir='ltr'>fraudetur</span> 
     </span>
     <span class='ocr_line' id='line_1_6' title="bbox 47 794 605 872; baseline 0.005 -20"><span class='ocrx_word' id='word_1_43' title='bbox 47 794 200 871; x_wconf 89' lang='lat' dir='ltr'>stipendio</span> <span class='ocrx_word' id='word_1_44' title='bbox 221 813 299 854; x_wconf 88' lang='lat' dir='ltr'>neve</span> <span class='ocrx_word' id='word_1_45' title='bbox 319 794 467 872; x_wconf 87' lang='lat' dir='ltr'>spirituali</span> <span class='ocrx_word' id='word_1_46' title='bbox 489 795 605 855; x_wconf 87' lang='lat' dir='ltr'>solatio.</span> 
     </span>
    </p>
   </div>
   <div class='ocr_carea' id='block_1_4' title="bbox 48 914 1381 1075">
    <p class='ocr_par' dir='ltr' id='par_1_4' title="bbox 48 914 1381 1075">
     <span class='ocr_line' id='line_1_7' title="bbox 48 914 1381 993; baseline 0.001 -17"><span class='ocrx_word' id='word_1_47' title='bbox 48 915 231 986; x_wconf 78' lang='lat' dir='ltr'>Quaamrun</span> <span class='ocrx_word' id='word_1_48' title='bbox 252 918 282 975; x_wconf 89' lang='grc' dir='ltr'>1ο</span> <span class='ocrx_word' id='word_1_49' title='bbox 303 935 379 993; x_wconf 89' lang='lat' dir='ltr'>quae</span> <span class='ocrx_word' id='word_1_50' title='bbox 399 917 440 976; x_wconf 91' lang='lat' dir='ltr'>sit</span> <span class='ocrx_word' id='word_1_51' title='bbox 467 917 610 993; x_wconf 83' lang='lat' dir='ltr'>obligatio</span> <span class='ocrx_word' id='word_1_52' title='bbox 639 916 821 976; x_wconf 85' lang='lat' dir='ltr'>rubricarum</span> <span class='ocrx_word' id='word_1_53' title='bbox 850 917 914 976; x_wconf 90' lang='lat' dir='ltr'>sive</span> <span class='ocrx_word' id='word_1_54' title='bbox 935 936 953 976; x_wconf 88' lang='lat' dir='ltr'>a</span> <span class='ocrx_word' id='word_1_55' title='bbox 974 916 1090 975; x_wconf 87' lang='lat' dir='ltr'>Missali</span> <span class='ocrx_word' id='word_1_56' title='bbox 1119 915 1221 975; x_wconf 87' lang='lat' dir='ltr'>sivan</span> <span class='ocrx_word' id='word_1_57' title='bbox 1243 916 1271 975; x_wconf 91' lang='lat' dir='ltr'>S.</span> <span class='ocrx_word' id='word_1_58' title='bbox 1293 917 1328 975; x_wconf 90' lang='lat' dir='ltr'>R.</span> <span class='ocrx_word' id='word_1_59' title='bbox 1350 914 1381 977; x_wconf 81' lang='lat'>0.</span> 
     </span>
     <span class='ocr_line' id='line_1_8' title="bbox 301 997 560 1075; baseline 0 -19"><span class='ocrx_word' id='word_1_60' title='bbox 301 997 560 1075; x_wconf 87' lang='lat' dir='ltr'>praescriptarum.</span> 
     </span>
    </p>
   </div>
   <div class='ocr_carea' id='block_1_5' title="bbox 254 1101 1231 1179">
    <p class='ocr_par' dir='ltr' id='par_1_5' title="bbox 254 1101 1231 1179">
     <span class='ocr_line' id='line_1_9' title="bbox 254 1101 1231 1179; baseline -0.002 -17"><span class='ocrx_word' id='word_1_61' title='bbox 254 1104 286 1162; x_wconf 81' lang='grc' dir='ltr'>2ο</span> <span class='ocrx_word' id='word_1_62' title='bbox 306 1102 375 1179; x_wconf 88' lang='lat' dir='ltr'>quid</span> <span class='ocrx_word' id='word_1_63' title='bbox 396 1103 432 1162; x_wconf 93' lang='lat' dir='ltr'>de</span> <span class='ocrx_word' id='word_1_64' title='bbox 453 1103 574 1163; x_wconf 84' lang='lat' dir='ltr'>Achatii</span> <span class='ocrx_word' id='word_1_65' title='bbox 595 1102 683 1163; x_wconf 88' lang='lat' dir='ltr'>dictis</span> <span class='ocrx_word' id='word_1_66' title='bbox 704 1108 734 1163; x_wconf 85' lang='lat' dir='ltr'>et</span> <span class='ocrx_word' id='word_1_67' title='bbox 755 1104 849 1179; x_wconf 88' lang='lat' dir='ltr'>gestis</span> <span class='ocrx_word' id='word_1_68' title='bbox 870 1101 1058 1162; x_wconf 86' lang='lat' dir='ltr'>iudicandum</span> <span class='ocrx_word' id='word_1_69' title='bbox 1079 1101 1127 1161; x_wconf 89' lang='lat' dir='ltr'>sit.</span> <span class='ocrx_word' id='word_1_70' title='bbox 1228 1124 1231 1131; x_wconf 95' lang='lat'>·</span> 
     </span>
    </p>
   </div>
   <div class='ocr_carea' id='block_1_6' title="bbox 650 1303 786 1371">
    <p class='ocr_par' dir='ltr' id='par_1_6' title="bbox 650 1303 786 1371">
     <span class='ocr_line' id='line_1_10' title="bbox 650 1303 786 1371; baseline 0.007 -1"><span class='ocrx_word' id='word_1_71' title='bbox 650 1303 786 1371; x_wconf 83' lang='lat' dir='ltr'>Salutio.</span> 
     </span>
    </p>
   </div>
   <div class='ocr_carea' id='block_1_7' title="bbox 51 1453 1442 2056">
    <p class='ocr_par' dir='ltr' id='par_1_7' title="bbox 51 1453 1442 2056">
     <span class='ocr_line' id='line_1_11' title="bbox 141 1453 1442 1530; baseline -0.004 -11"><span class='ocrx_word' id='word_1_72' title='bbox 141 1455 196 1520; x_wconf 85' lang='lat' dir='ltr'>An</span> <span class='ocrx_word' id='word_1_73' title='bbox 220 1474 410 1530; x_wconf 80' lang='lat' dir='ltr'>ouaasrruu</span> <span class='ocrx_word' id='word_1_74' title='bbox 437 1461 475 1521; x_wconf 80' lang='lat'>1¹¹²</span> <span class='ocrx_word' id='word_1_75' title='bbox 497 1456 536 1523; x_wconf 88' lang='lat' dir='ltr'>R.</span> <span class='ocrx_word' id='word_1_76' title='bbox 563 1460 592 1522; x_wconf 93' lang='lat'>1.</span> <span class='ocrx_word' id='word_1_77' title='bbox 637 1456 800 1522; x_wconf 87' lang='lat' dir='ltr'>Rubricae</span> <span class='ocrx_word' id='word_1_78' title='bbox 823 1459 900 1522; x_wconf 89' lang='lat' dir='ltr'>sunt</span> <span class='ocrx_word' id='word_1_79' title='bbox 928 1455 1150 1521; x_wconf 87' lang='lat' dir='ltr'>ordinationes</span> <span class='ocrx_word' id='word_1_80' title='bbox 1174 1453 1382 1521; x_wconf 86' lang='lat' dir='ltr'>auctoritatis</span> <span class='ocrx_word' id='word_1_81' title='bbox 1391 1463 1442 1515; x_wconf 79' lang='lat'>267</span> 
     </span>
     <span class='ocr_line' id='line_1_12' title="bbox 52 1543 1381 1629; baseline 0.001 -21"><span class='ocrx_word' id='word_1_82' title='bbox 52 1543 302 1610; x_wconf 86' lang='lat' dir='ltr'>ecclesiastioae</span> <span class='ocrx_word' id='word_1_83' title='bbox 325 1544 414 1610; x_wconf 87' lang='lat' dir='ltr'>eirca</span> <span class='ocrx_word' id='word_1_84' title='bbox 444 1565 539 1611; x_wconf 81' lang='lat' dir='ltr'>sacra</span> <span class='ocrx_word' id='word_1_85' title='bbox 570 1544 761 1613; x_wconf 88' lang='lat' dir='ltr'>ministeria.</span> <span class='ocrx_word' id='word_1_86' title='bbox 808 1545 888 1610; x_wconf 84' lang='lat' dir='ltr'>Cum</span> <span class='ocrx_word' id='word_1_87' title='bbox 917 1543 1020 1626; x_wconf 86' lang='lat' dir='ltr'>igitur</span> <span class='ocrx_word' id='word_1_88' title='bbox 1043 1547 1192 1629; x_wconf 89' lang='lat' dir='ltr'>potestas</span> <span class='ocrx_word' id='word_1_89' title='bbox 1216 1543 1381 1625; x_wconf 87' lang='lat' dir='ltr'>obligandi</span> 
     </span>
     <span class='ocr_line' id='line_1_13' title="bbox 51 1632 1382 1717; baseline -0.001 -19"><span class='ocrx_word' id='word_1_90' title='bbox 51 1636 84 1698; x_wconf 91' lang='lat' dir='ltr'>in</span> <span class='ocrx_word' id='word_1_91' title='bbox 108 1632 312 1699; x_wconf 84' lang='lat' dir='ltr'>couscientia</span> <span class='ocrx_word' id='word_1_92' title='bbox 334 1653 400 1698; x_wconf 91' lang='lat' dir='ltr'>uon</span> <span class='ocrx_word' id='word_1_93' title='bbox 423 1632 517 1711; x_wconf 89' lang='lat' dir='ltr'>desit,</span> <span class='ocrx_word' id='word_1_94' title='bbox 541 1633 645 1700; x_wconf 90' lang='lat' dir='ltr'>videri</span> <span class='ocrx_word' id='word_1_95' title='bbox 667 1638 797 1701; x_wconf 90' lang='lat' dir='ltr'>tantum</span> <span class='ocrx_word' id='word_1_96' title='bbox 822 1633 920 1699; x_wconf 89' lang='lat' dir='ltr'>debet</span> <span class='ocrx_word' id='word_1_97' title='bbox 942 1633 1019 1715; x_wconf 90' lang='lat' dir='ltr'>quid</span> <span class='ocrx_word' id='word_1_98' title='bbox 1042 1653 1079 1698; x_wconf 90' lang='lat' dir='ltr'>re</span> <span class='ocrx_word' id='word_1_99' title='bbox 1102 1633 1174 1717; x_wconf 89' lang='lat' dir='ltr'>ipsa</span> <span class='ocrx_word' id='word_1_100' title='bbox 1197 1632 1382 1717; x_wconf 88' lang='lat' dir='ltr'>superiores</span> 
     </span>
     <span class='ocr_line' id='line_1_14' title="bbox 53 1721 1381 1805; baseline 0.001 -20"><span class='ocrx_word' id='word_1_101' title='bbox 53 1722 220 1789; x_wconf 79' lang='lat' dir='ltr'>voluerint</span> <span class='ocrx_word' id='word_1_102' title='bbox 249 1725 284 1788; x_wconf 90' lang='lat' dir='ltr'>et</span> <span class='ocrx_word' id='word_1_103' title='bbox 307 1721 454 1789; x_wconf 88' lang='lat' dir='ltr'>iecerint.</span> <span class='ocrx_word' id='word_1_104' title='bbox 502 1723 624 1788; x_wconf 90' lang='lat' dir='ltr'>Verum</span> <span class='ocrx_word' id='word_1_105' title='bbox 655 1745 727 1789; x_wconf 89' lang='lat' dir='ltr'>curn</span> <span class='ocrx_word' id='word_1_106' title='bbox 757 1723 779 1788; x_wconf 93' lang='lat' dir='ltr'>ii</span> <span class='ocrx_word' id='word_1_107' title='bbox 810 1722 891 1788; x_wconf 90' lang='lat' dir='ltr'>nihil</span> <span class='ocrx_word' id='word_1_108' title='bbox 920 1722 1086 1805; x_wconf 89' lang='lat' dir='ltr'>antiquius</span> <span class='ocrx_word' id='word_1_109' title='bbox 1116 1722 1260 1788; x_wconf 90' lang='lat' dir='ltr'>habeant</span> <span class='ocrx_word' id='word_1_110' title='bbox 1283 1742 1381 1803; x_wconf 89' lang='lat' dir='ltr'>quam</span> 
     </span>
     <span class='ocr_line' id='line_1_15' title="bbox 53 1810 1382 1895; baseline -0.002 -17"><span class='ocrx_word' id='word_1_111' title='bbox 53 1819 91 1878; x_wconf 90' lang='lat' dir='ltr'>ut</span> <span class='ocrx_word' id='word_1_112' title='bbox 114 1811 318 1877; x_wconf 88' lang='lat' dir='ltr'>consuetudo</span> <span class='ocrx_word' id='word_1_113' title='bbox 347 1810 553 1878; x_wconf 88' lang='lat' dir='ltr'>rationabilis</span> <span class='ocrx_word' id='word_1_114' title='bbox 584 1817 751 1889; x_wconf 90' lang='lat' dir='ltr'>servetur,</span> <span class='ocrx_word' id='word_1_115' title='bbox 782 1811 815 1876; x_wconf 89' lang='lat' dir='ltr'>iu</span> <span class='ocrx_word' id='word_1_116' title='bbox 845 1812 1101 1895; x_wconf 85' lang='lat' dir='ltr'>interpretandis</span> <span class='ocrx_word' id='word_1_117' title='bbox 1132 1811 1259 1893; x_wconf 87' lang='lat' dir='ltr'>legibus</span> <span class='ocrx_word' id='word_1_118' title='bbox 1282 1811 1382 1877; x_wconf 89' lang='lat' dir='ltr'>etiam</span> 
     </span>
     <span class='ocr_line' id='line_1_16' title="bbox 53 1899 1382 1985; baseline -0.002 -18"><span class='ocrx_word' id='word_1_119' title='bbox 53 1900 140 1967; x_wconf 88' lang='lat' dir='ltr'>ratio</span> <span class='ocrx_word' id='word_1_120' title='bbox 173 1899 288 1966; x_wconf 92' lang='lat' dir='ltr'>haberi</span> <span class='ocrx_word' id='word_1_121' title='bbox 319 1899 418 1967; x_wconf 90' lang='lat' dir='ltr'>debet</span> <span class='ocrx_word' id='word_1_122' title='bbox 454 1901 697 1968; x_wconf 88' lang='lat' dir='ltr'>consuetudinis</span> <span class='ocrx_word' id='word_1_123' title='bbox 730 1906 765 1968; x_wconf 90' lang='lat' dir='ltr'>et</span> <span class='ocrx_word' id='word_1_124' title='bbox 801 1900 980 1966; x_wconf 87' lang='lat' dir='ltr'>communis</span> <span class='ocrx_word' id='word_1_125' title='bbox 1015 1900 1176 1985; x_wconf 88' lang='lat' dir='ltr'>opinionis</span> <span class='ocrx_word' id='word_1_126' title='bbox 1211 1899 1382 1965; x_wconf 89' lang='lat' dir='ltr'>doctorum</span> 
     </span>
     <span class='ocr_line' id='line_1_17' title="bbox 53 1989 233 2056; baseline 0.006 -1"><span class='ocrx_word' id='word_1_127' title='bbox 53 1989 233 2056; x_wconf 90' lang='lat' dir='ltr'>hominum.</span> 
     </span>
    </p>
   </div>
   <div class='ocr_carea' id='block_1_8' title="bbox 55 2101 1384 3792">
    <p class='ocr_par' dir='ltr' id='par_1_8' title="bbox 55 2101 1384 3792">
     <span class='ocr_line' id='line_1_18' title="bbox 148 2101 1382 2188; baseline -0.001 -19"><span class='ocrx_word' id='word_1_128' title='bbox 148 2105 189 2171; x_wconf 88' lang='lat' dir='ltr'>R.</span> <span class='ocrx_word' id='word_1_129' title='bbox 228 2107 258 2171; x_wconf 87' lang='grc'>2.</span> <span class='ocrx_word' id='word_1_130' title='bbox 312 2101 425 2181; x_wconf 88' lang='lat' dir='ltr'>Quoad</span> <span class='ocrx_word' id='word_1_131' title='bbox 463 2106 610 2171; x_wconf 87' lang='lat' dir='ltr'>rubricas</span> <span class='ocrx_word' id='word_1_132' title='bbox 646 2105 789 2172; x_wconf 89' lang='lat' dir='ltr'>Missalis</span> <span class='ocrx_word' id='word_1_133' title='bbox 826 2124 1024 2188; x_wconf 89' lang='lat' dir='ltr'>quamquam</span> <span class='ocrx_word' id='word_1_134' title='bbox 1060 2125 1126 2169; x_wconf 87' lang='lat' dir='ltr'>vox</span> <span class='ocrx_word' id='word_1_135' title='bbox 1162 2103 1382 2188; x_wconf 89' lang='lat' dir='ltr'>praecipiendi</span> 
     </span>
     <span class='ocr_line' id='line_1_19' title="bbox 56 2192 1383 2279; baseline -0.001 -20"><span class='ocrx_word' id='word_1_136' title='bbox 56 2196 100 2260; x_wconf 84' lang='lat' dir='ltr'>ibi</span> <span class='ocrx_word' id='word_1_137' title='bbox 122 2215 191 2260; x_wconf 90' lang='lat' dir='ltr'>non</span> <span class='ocrx_word' id='word_1_138' title='bbox 214 2199 383 2272; x_wconf 86' lang='lat' dir='ltr'>occurrat,</span> <span class='ocrx_word' id='word_1_139' title='bbox 414 2194 472 2260; x_wconf 89' lang='lat' dir='ltr'>sed</span> <span class='ocrx_word' id='word_1_140' title='bbox 501 2194 694 2278; x_wconf 89' lang='lat' dir='ltr'>simpliciter</span> <span class='ocrx_word' id='word_1_141' title='bbox 723 2194 927 2279; x_wconf 89' lang='lat' dir='ltr'>exprimatur</span> <span class='ocrx_word' id='word_1_142' title='bbox 959 2195 1035 2276; x_wconf 90' lang='lat' dir='ltr'>quid</span> <span class='ocrx_word' id='word_1_143' title='bbox 1067 2195 1127 2260; x_wconf 90' lang='lat' dir='ltr'>fiat</span> <span class='ocrx_word' id='word_1_144' title='bbox 1156 2192 1190 2258; x_wconf 91' lang='lat' dir='ltr'>in</span> <span class='ocrx_word' id='word_1_145' title='bbox 1219 2192 1383 2276; x_wconf 81' lang='lat' dir='ltr'>liturgicis</span> 
     </span>
     <span class='ocr_line' id='line_1_20' title="bbox 55 2281 1383 2368; baseline -0.002 -18"><span class='ocrx_word' id='word_1_146' title='bbox 55 2282 257 2360; x_wconf 87' lang='lat' dir='ltr'>actionibus,</span> <span class='ocrx_word' id='word_1_147' title='bbox 286 2286 398 2349; x_wconf 89' lang='lat' dir='ltr'>tamen</span> <span class='ocrx_word' id='word_1_148' title='bbox 422 2303 464 2348; x_wconf 86' lang='lat' dir='ltr'>ex</span> <span class='ocrx_word' id='word_1_149' title='bbox 493 2283 639 2366; x_wconf 90' lang='lat' dir='ltr'>generali</span> <span class='ocrx_word' id='word_1_150' title='bbox 663 2288 838 2368; x_wconf 89' lang='lat' dir='ltr'>praecepto</span> <span class='ocrx_word' id='word_1_151' title='bbox 862 2282 986 2349; x_wconf 88' lang='lat' dir='ltr'>Missali</span> <span class='ocrx_word' id='word_1_152' title='bbox 1016 2284 1163 2367; x_wconf 85' lang='lat' dir='ltr'>praefixo</span> <span class='ocrx_word' id='word_1_153' title='bbox 1187 2281 1301 2348; x_wconf 87' lang='lat' dir='ltr'>stricte</span> <span class='ocrx_word' id='word_1_154' title='bbox 1325 2283 1383 2348; x_wconf 87' lang='lat' dir='ltr'>ab·</span> 
     </span>
     <span class='ocr_line' id='line_1_21' title="bbox 55 2372 1384 2455; baseline 0 -16"><span class='ocrx_word' id='word_1_155' title='bbox 55 2372 244 2439; x_wconf 89' lang='lat' dir='ltr'>servandae</span> <span class='ocrx_word' id='word_1_156' title='bbox 266 2392 400 2437; x_wconf 89' lang='lat' dir='ltr'>normae</span> <span class='ocrx_word' id='word_1_157' title='bbox 415 2393 455 2438; x_wconf 90' lang='lat' dir='ltr'>ac</span> <span class='ocrx_word' id='word_1_158' title='bbox 470 2372 553 2438; x_wconf 89' lang='lat' dir='ltr'>ritus</span> <span class='ocrx_word' id='word_1_159' title='bbox 568 2373 722 2450; x_wconf 73' lang='lat' dir='ltr'>Missalis</span> <span class='ocrx_word' id='word_1_160' title='bbox 746 2372 947 2440; x_wconf 90' lang='lat' dir='ltr'>Pontifioalis</span> <span class='ocrx_word' id='word_1_161' title='bbox 963 2378 1025 2439; x_wconf 88' lang='lat' dir='ltr'>etc.</span> <span class='ocrx_word' id='word_1_162' title='bbox 1043 2372 1191 2455; x_wconf 89' lang='lat' dir='ltr'>sequitur</span> <span class='ocrx_word' id='word_1_163' title='bbox 1213 2375 1248 2436; x_wconf 82' lang='lat' dir='ltr'>in</span> <span class='ocrx_word' id='word_1_164' title='bbox 1270 2394 1384 2455; x_wconf 79' lang='lat' dir='ltr'>penore</span> 
     </span>
     <span class='ocr_line' id='line_1_22' title="bbox 56 2461 1382 2549; baseline -0.001 -21"><span class='ocrx_word' id='word_1_165' title='bbox 56 2464 278 2549; x_wconf 66' lang='lat' dir='ltr'>obligationem</span> <span class='ocrx_word' id='word_1_166' title='bbox 301 2461 334 2525; x_wconf 92' lang='lat' dir='ltr'>in</span> <span class='ocrx_word' id='word_1_167' title='bbox 358 2461 558 2528; x_wconf 89' lang='lat' dir='ltr'>conscientia</span> <span class='ocrx_word' id='word_1_168' title='bbox 581 2463 715 2534; x_wconf 76' lang='lat' dir='ltr'>adesse:</span> <span class='ocrx_word' id='word_1_169' title='bbox 746 2483 852 2544; x_wconf 90' lang='lat' dir='ltr'>neque</span> <span class='ocrx_word' id='word_1_170' title='bbox 874 2466 986 2529; x_wconf 90' lang='lat' dir='ltr'>tamen</span> <span class='ocrx_word' id='word_1_171' title='bbox 1010 2463 1133 2527; x_wconf 84' lang='lat' dir='ltr'>axilla</span> <span class='ocrx_word' id='word_1_172' title='bbox 1155 2461 1310 2544; x_wconf 84' lang='lat' dir='ltr'>generica</span> <span class='ocrx_word' id='word_1_173' title='bbox 1332 2461 1382 2527; x_wconf 90' lang='lat' dir='ltr'>in·</span> 
     </span>
     <span class='ocr_line' id='line_1_23' title="bbox 56 2550 1381 2635; baseline 0 -19"><span class='ocrx_word' id='word_1_174' title='bbox 56 2551 224 2617; x_wconf 89' lang='lat' dir='ltr'>iunctione</span> <span class='ocrx_word' id='word_1_175' title='bbox 246 2550 395 2632; x_wconf 89' lang='lat' dir='ltr'>sequitur</span> <span class='ocrx_word' id='word_1_176' title='bbox 417 2555 523 2617; x_wconf 83' lang='lat' dir='ltr'>omnia</span> <span class='ocrx_word' id='word_1_177' title='bbox 554 2572 613 2634; x_wconf 92' lang='lat' dir='ltr'>per</span> <span class='ocrx_word' id='word_1_178' title='bbox 641 2573 677 2617; x_wconf 89' lang='lat' dir='ltr'>se</span> <span class='ocrx_word' id='word_1_179' title='bbox 707 2550 772 2617; x_wconf 91' lang='lat' dir='ltr'>iam</span> <span class='ocrx_word' id='word_1_180' title='bbox 802 2550 924 2616; x_wconf 89' lang='lat' dir='ltr'>inferre</span> <span class='ocrx_word' id='word_1_181' title='bbox 953 2555 1165 2635; x_wconf 89' lang='lat' dir='ltr'>praeceptum</span> <span class='ocrx_word' id='word_1_182' title='bbox 1188 2550 1381 2633; x_wconf 86' lang='lat' dir='ltr'>rigorosum,</span> 
     </span>
     <span class='ocr_line' id='line_1_24' title="bbox 57 2638 1383 2724; baseline 0.001 -19"><span class='ocrx_word' id='word_1_183' title='bbox 57 2662 132 2706; x_wconf 90' lang='lat' dir='ltr'>cum</span> <span class='ocrx_word' id='word_1_184' title='bbox 156 2643 272 2705; x_wconf 90' lang='lat' dir='ltr'>uotum</span> <span class='ocrx_word' id='word_1_185' title='bbox 294 2638 339 2706; x_wconf 89' lang='lat' dir='ltr'>sit</span> <span class='ocrx_word' id='word_1_186' title='bbox 361 2661 426 2705; x_wconf 89' lang='lat' dir='ltr'>uon</span> <span class='ocrx_word' id='word_1_187' title='bbox 441 2641 474 2705; x_wconf 91' lang='lat' dir='ltr'>iu</span> <span class='ocrx_word' id='word_1_188' title='bbox 498 2640 647 2705; x_wconf 90' lang='lat' dir='ltr'>omnibus</span> <span class='ocrx_word' id='word_1_189' title='bbox 662 2641 759 2706; x_wconf 89' lang='lat' dir='ltr'>rebus</span> <span class='ocrx_word' id='word_1_190' title='bbox 775 2639 909 2705; x_wconf 91' lang='lat' dir='ltr'>minoris</span> <span class='ocrx_word' id='word_1_191' title='bbox 924 2639 1081 2705; x_wconf 85' lang='lat' dir='ltr'>momenti</span> <span class='ocrx_word' id='word_1_192' title='bbox 1097 2639 1281 2724; x_wconf 89' lang='lat' dir='ltr'>superiores</span> <span class='ocrx_word' id='word_1_193' title='bbox 1296 2640 1383 2706; x_wconf 90' lang='lat' dir='ltr'>velle</span> 
     </span>
     <span class='ocr_line' id='line_1_25' title="bbox 57 2728 1383 2814; baseline -0.001 -19"><span class='ocrx_word' id='word_1_194' title='bbox 57 2734 190 2796; x_wconf 88' lang='lat' dir='ltr'>statuta</span> <span class='ocrx_word' id='word_1_195' title='bbox 211 2749 272 2794; x_wconf 91' lang='lat' dir='ltr'>sua</span> <span class='ocrx_word' id='word_1_196' title='bbox 294 2731 366 2795; x_wconf 92' lang='lat' dir='ltr'>tota</span> <span class='ocrx_word' id='word_1_197' title='bbox 390 2728 570 2796; x_wconf 88' lang='lat' dir='ltr'>voluntatis</span> <span class='ocrx_word' id='word_1_198' title='bbox 594 2729 792 2796; x_wconf 87' lang='lat' dir='ltr'>auctoritate</span> <span class='ocrx_word' id='word_1_199' title='bbox 816 2750 943 2812; x_wconf 89' lang='lat' dir='ltr'>urgere,</span> <span class='ocrx_word' id='word_1_200' title='bbox 968 2730 1025 2794; x_wconf 89' lang='lat' dir='ltr'>sed</span> <span class='ocrx_word' id='word_1_201' title='bbox 1049 2728 1232 2814; x_wconf 83' lang='lat' dir='ltr'>exprimere</span> <span class='ocrx_word' id='word_1_202' title='bbox 1256 2728 1383 2794; x_wconf 90' lang='lat' dir='ltr'>deside·</span> 
     </span>
     <span class='ocr_line' id='line_1_26' title="bbox 57 2817 1382 2901; baseline 0.001 -17"><span class='ocrx_word' id='word_1_203' title='bbox 57 2819 160 2895; x_wconf 82' lang='lat' dir='ltr'>rium,</span> <span class='ocrx_word' id='word_1_204' title='bbox 192 2817 346 2883; x_wconf 89' lang='lat' dir='ltr'>maiorem</span> <span class='ocrx_word' id='word_1_205' title='bbox 371 2818 658 2901; x_wconf 86' lang='lat' dir='ltr'>complacentiam,</span> <span class='ocrx_word' id='word_1_206' title='bbox 690 2818 878 2894; x_wconf 90' lang='lat' dir='ltr'>consilium,</span> <span class='ocrx_word' id='word_1_207' title='bbox 903 2818 956 2883; x_wconf 90' lang='lat' dir='ltr'>vel</span> <span class='ocrx_word' id='word_1_208' title='bbox 979 2840 1141 2883; x_wconf 89' lang='lat' dir='ltr'>summum</span> <span class='ocrx_word' id='word_1_209' title='bbox 1164 2817 1382 2885; x_wconf 87' lang='lat' dir='ltr'>conscientiae</span> 
     </span>
     <span class='ocr_line' id='line_1_27' title="bbox 58 2906 1383 2991; baseline 0 -18"><span class='ocrx_word' id='word_1_210' title='bbox 58 2906 293 2989; x_wconf 81' lang='lat' dir='ltr'>obligationem</span> <span class='ocrx_word' id='word_1_211' title='bbox 325 2906 454 2988; x_wconf 92' lang='lat' dir='ltr'>quando</span> <span class='ocrx_word' id='word_1_212' title='bbox 485 2908 652 2973; x_wconf 91' lang='lat' dir='ltr'>commode</span> <span class='ocrx_word' id='word_1_213' title='bbox 676 2929 729 2974; x_wconf 91' lang='lat' dir='ltr'>res</span> <span class='ocrx_word' id='word_1_214' title='bbox 752 2906 878 2974; x_wconf 88' lang='lat' dir='ltr'>servari</span> <span class='ocrx_word' id='word_1_215' title='bbox 901 2907 1015 2991; x_wconf 88' lang='lat' dir='ltr'>possit.</span> <span class='ocrx_word' id='word_1_216' title='bbox 1062 2907 1258 2991; x_wconf 77' lang='lat' dir='ltr'>Exemplum</span> <span class='ocrx_word' id='word_1_217' title='bbox 1281 2906 1383 2973; x_wconf 90' lang='lat' dir='ltr'>habes</span> 
     </span>
     <span class='ocr_line' id='line_1_28' title="bbox 57 2995 1383 3080; baseline -0.001 -19"><span class='ocrx_word' id='word_1_218' title='bbox 57 2997 89 3062; x_wconf 93' lang='lat' dir='ltr'>in</span> <span class='ocrx_word' id='word_1_219' title='bbox 113 2995 239 3079; x_wconf 89' lang='lat' dir='ltr'>regulis</span> <span class='ocrx_word' id='word_1_220' title='bbox 269 2999 304 3061; x_wconf 91' lang='lat' dir='ltr'>et</span> <span class='ocrx_word' id='word_1_221' title='bbox 332 2995 497 3062; x_wconf 87' lang='lat' dir='ltr'>mandatis</span> <span class='ocrx_word' id='word_1_222' title='bbox 529 2997 678 3062; x_wconf 91' lang='lat' dir='ltr'>ordinum</span> <span class='ocrx_word' id='word_1_223' title='bbox 708 2996 944 3080; x_wconf 88' lang='lat' dir='ltr'>religiosorum.</span> <span class='ocrx_word' id='word_1_224' title='bbox 991 2995 1098 3072; x_wconf 84' lang='lat' dir='ltr'>Quare</span> <span class='ocrx_word' id='word_1_225' title='bbox 1128 2995 1193 3061; x_wconf 93' lang='lat' dir='ltr'>iam</span> <span class='ocrx_word' id='word_1_226' title='bbox 1216 2996 1310 3061; x_wconf 91' lang='lat' dir='ltr'>multi</span> <span class='ocrx_word' id='word_1_227' title='bbox 1335 2996 1383 3061; x_wconf 92' lang='lat' dir='ltr'>di·</span> 
     </span>
     <span class='ocr_line' id='line_1_29' title="bbox 57 3083 1382 3169; baseline -0.001 -18"><span class='ocrx_word' id='word_1_228' title='bbox 57 3086 233 3167; x_wconf 89' lang='lat' dir='ltr'>stinguuut</span> <span class='ocrx_word' id='word_1_229' title='bbox 255 3083 402 3150; x_wconf 86' lang='lat' dir='ltr'>rubricas</span> <span class='ocrx_word' id='word_1_230' title='bbox 425 3085 656 3169; x_wconf 78' lang='lat' dir='ltr'>praeceptivae</span> <span class='ocrx_word' id='word_1_231' title='bbox 688 3090 722 3152; x_wconf 92' lang='lat' dir='ltr'>et</span> <span class='ocrx_word' id='word_1_232' title='bbox 752 3085 928 3151; x_wconf 90' lang='lat' dir='ltr'>directivas</span> <span class='ocrx_word' id='word_1_233' title='bbox 958 3089 1097 3152; x_wconf 88' lang='lat' dir='ltr'>tantum.</span> <span class='ocrx_word' id='word_1_234' title='bbox 1144 3085 1249 3164; x_wconf 89' lang='lat' dir='ltr'>(Nota</span> <span class='ocrx_word' id='word_1_235' title='bbox 1271 3089 1382 3151; x_wconf 88' lang='lat' dir='ltr'>tamen</span> 
     </span>
     <span class='ocr_line' id='line_1_30' title="bbox 57 3172 1382 3258; baseline 0.001 -20"><span class='ocrx_word' id='word_1_236' title='bbox 57 3195 173 3241; x_wconf 92' lang='lat' dir='ltr'>vocem</span> <span class='ocrx_word' id='word_1_237' title='bbox 201 3172 431 3252; x_wconf 82' lang='lat' dir='ltr'>,directivam“</span> <span class='ocrx_word' id='word_1_238' title='bbox 459 3175 501 3239; x_wconf 91' lang='lat' dir='ltr'>ab</span> <span class='ocrx_word' id='word_1_239' title='bbox 530 3174 691 3257; x_wconf 89' lang='lat' dir='ltr'>aliquibus</span> <span class='ocrx_word' id='word_1_240' title='bbox 721 3175 804 3239; x_wconf 88' lang='lat' dir='ltr'>sumi</span> <span class='ocrx_word' id='word_1_241' title='bbox 826 3175 923 3258; x_wconf 91' lang='lat' dir='ltr'>plane</span> <span class='ocrx_word' id='word_1_242' title='bbox 946 3196 1004 3258; x_wconf 91' lang='lat' dir='ltr'>pro</span> <span class='ocrx_word' id='word_1_243' title='bbox 1029 3173 1229 3256; x_wconf 86' lang='lat' dir='ltr'>obligatione</span> <span class='ocrx_word' id='word_1_244' title='bbox 1252 3174 1382 3256; x_wconf 90' lang='lat' dir='ltr'>quidem</span> 
     </span>
     <span class='ocr_line' id='line_1_31' title="bbox 57 3262 1383 3347; baseline -0.001 -18"><span class='ocrx_word' id='word_1_245' title='bbox 57 3265 87 3329; x_wconf 91' lang='lat' dir='ltr'>in</span> <span class='ocrx_word' id='word_1_246' title='bbox 113 3262 332 3338; x_wconf 87' lang='lat' dir='ltr'>conscientia,</span> <span class='ocrx_word' id='word_1_247' title='bbox 365 3262 423 3328; x_wconf 90' lang='lat' dir='ltr'>sed</span> <span class='ocrx_word' id='word_1_248' title='bbox 453 3285 492 3329; x_wconf 87' lang='lat' dir='ltr'>ea</span> <span class='ocrx_word' id='word_1_249' title='bbox 522 3263 572 3329; x_wconf 91' lang='lat' dir='ltr'>oui</span> <span class='ocrx_word' id='word_1_250' title='bbox 601 3263 690 3330; x_wconf 91' lang='lat' dir='ltr'>nulla</span> <span class='ocrx_word' id='word_1_251' title='bbox 714 3263 765 3328; x_wconf 82' lang='lat' dir='ltr'>vis</span> <span class='ocrx_word' id='word_1_252' title='bbox 787 3263 934 3347; x_wconf 88' lang='lat' dir='ltr'>poenalis</span> <span class='ocrx_word' id='word_1_253' title='bbox 957 3263 1001 3330; x_wconf 89' lang='lat' dir='ltr'>sit</span> <span class='ocrx_word' id='word_1_254' title='bbox 1025 3263 1223 3346; x_wconf 88' lang='lat' dir='ltr'>coniuncta.)</span> <span class='ocrx_word' id='word_1_255' title='bbox 1269 3262 1383 3329; x_wconf 83' lang='lat' dir='ltr'>Direa-</span> 
     </span>
     <span class='ocr_line' id='line_1_32' title="bbox 56 3351 1383 3437; baseline -0.002 -18"><span class='ocrx_word' id='word_1_256' title='bbox 56 3353 146 3419; x_wconf 83' lang='lat' dir='ltr'>tivas</span> <span class='ocrx_word' id='word_1_257' title='bbox 168 3351 271 3435; x_wconf 86' lang='lat' dir='ltr'>igitur</span> <span class='ocrx_word' id='word_1_258' title='bbox 284 3351 431 3417; x_wconf 87' lang='lat' dir='ltr'>rubricas</span> <span class='ocrx_word' id='word_1_259' title='bbox 452 3351 584 3417; x_wconf 87' lang='lat' dir='ltr'>laedere</span> <span class='ocrx_word' id='word_1_260' title='bbox 605 3352 661 3419; x_wconf 91' lang='lat' dir='ltr'>alii</span> <span class='ocrx_word' id='word_1_261' title='bbox 685 3352 798 3418; x_wconf 91' lang='lat' dir='ltr'>dicunt</span> <span class='ocrx_word' id='word_1_262' title='bbox 812 3353 865 3418; x_wconf 94' lang='lat' dir='ltr'>vel</span> <span class='ocrx_word' id='word_1_263' title='bbox 882 3353 1005 3418; x_wconf 91' lang='lat' dir='ltr'>nullum</span> <span class='ocrx_word' id='word_1_264' title='bbox 1027 3373 1099 3418; x_wconf 90' lang='lat' dir='ltr'>esse</span> <span class='ocrx_word' id='word_1_265' title='bbox 1122 3356 1304 3437; x_wconf 87' lang='lat' dir='ltr'>peccatum,</span> <span class='ocrx_word' id='word_1_266' title='bbox 1329 3352 1383 3417; x_wconf 89' lang='lat' dir='ltr'>vel</span> 
     </span>
     <span class='ocr_line' id='line_1_33' title="bbox 56 3441 1383 3524; baseline -0.002 -15"><span class='ocrx_word' id='word_1_267' title='bbox 56 3443 176 3509; x_wconf 79' lang='lat' dir='ltr'>saltem</span> <span class='ocrx_word' id='word_1_268' title='bbox 200 3462 264 3506; x_wconf 90' lang='lat' dir='ltr'>nou</span> <span class='ocrx_word' id='word_1_269' title='bbox 287 3441 417 3523; x_wconf 90' lang='lat' dir='ltr'>quando</span> <span class='ocrx_word' id='word_1_270' title='bbox 440 3441 584 3507; x_wconf 85' lang='lat' dir='ltr'>adfuerit</span> <span class='ocrx_word' id='word_1_271' title='bbox 606 3462 829 3524; x_wconf 88' lang='lat' dir='ltr'>quaecumque</span> <span class='ocrx_word' id='word_1_272' title='bbox 858 3441 1062 3508; x_wconf 90' lang='lat' dir='ltr'>rationabilis</span> <span class='ocrx_word' id='word_1_273' title='bbox 1093 3462 1192 3507; x_wconf 88' lang='lat' dir='ltr'>causa</span> <span class='ocrx_word' id='word_1_274' title='bbox 1215 3462 1273 3507; x_wconf 91' lang='lat' dir='ltr'>seu</span> <span class='ocrx_word' id='word_1_275' title='bbox 1297 3441 1383 3506; x_wconf 87' lang='lat' dir='ltr'>diffi-</span> 
     </span>
     <span class='ocr_line' id='line_1_34' title="bbox 56 3529 1382 3615; baseline -0.001 -20"><span class='ocrx_word' id='word_1_276' title='bbox 56 3532 182 3609; x_wconf 85' lang='lat' dir='ltr'>cultas;</span> <span class='ocrx_word' id='word_1_277' title='bbox 212 3550 309 3613; x_wconf 90' lang='lat' dir='ltr'>posse</span> <span class='ocrx_word' id='word_1_278' title='bbox 332 3529 506 3597; x_wconf 88' lang='lat' dir='ltr'>venialiter</span> <span class='ocrx_word' id='word_1_279' title='bbox 535 3531 682 3614; x_wconf 85' lang='lat' dir='ltr'>peccari,</span> <span class='ocrx_word' id='word_1_280' title='bbox 713 3531 742 3596; x_wconf 90' lang='lat' dir='ltr'>si</span> <span class='ocrx_word' id='word_1_281' title='bbox 765 3531 863 3614; x_wconf 88' lang='lat' dir='ltr'>plane</span> <span class='ocrx_word' id='word_1_282' title='bbox 886 3552 945 3615; x_wconf 93' lang='lat' dir='ltr'>pro</span> <span class='ocrx_word' id='word_1_283' title='bbox 976 3530 1111 3597; x_wconf 83' lang='lat' dir='ltr'>arbitrio</span> <span class='ocrx_word' id='word_1_284' title='bbox 1136 3535 1170 3597; x_wconf 89' lang='lat' dir='ltr'>et</span> <span class='ocrx_word' id='word_1_285' title='bbox 1193 3530 1287 3597; x_wconf 90' lang='lat' dir='ltr'>libitu</span> <span class='ocrx_word' id='word_1_286' title='bbox 1311 3530 1382 3595; x_wconf 87' lang='lat' dir='ltr'>vio·</span> 
     </span>
     <span class='ocr_line' id='line_1_35' title="bbox 56 3618 1382 3704; baseline -0.002 -18"><span class='ocrx_word' id='word_1_287' title='bbox 56 3621 176 3697; x_wconf 92' lang='lat' dir='ltr'>lentur,</span> <span class='ocrx_word' id='word_1_288' title='bbox 201 3618 355 3685; x_wconf 86' lang='lat' dir='ltr'>videlicet</span> <span class='ocrx_word' id='word_1_289' title='bbox 378 3625 512 3703; x_wconf 91' lang='lat' dir='ltr'>propter</span> <span class='ocrx_word' id='word_1_290' title='bbox 534 3619 692 3685; x_wconf 89' lang='lat' dir='ltr'>motivum</span> <span class='ocrx_word' id='word_1_291' title='bbox 717 3619 823 3685; x_wconf 88' lang='lat' dir='ltr'>minus</span> <span class='ocrx_word' id='word_1_292' title='bbox 846 3620 1036 3696; x_wconf 67' lang='lat' dir='ltr'>honestum</span> <span class='ocrx_word' id='word_1_293' title='bbox 1061 3620 1290 3704; x_wconf 80' lang='lat' dir='ltr'>praeceptivus</span> <span class='ocrx_word' id='word_1_294' title='bbox 1313 3621 1382 3684; x_wconf 93' lang='lat' dir='ltr'>lae·</span> 
     </span>
     <span class='ocr_line' id='line_1_36' title="bbox 55 3709 1381 3792; baseline 0 -18"><span class='ocrx_word' id='word_1_295' title='bbox 55 3711 135 3776; x_wconf 92' lang='lat' dir='ltr'>dere</span> <span class='ocrx_word' id='word_1_296' title='bbox 159 3728 232 3774; x_wconf 89' lang='lat' dir='ltr'>essa</span> <span class='ocrx_word' id='word_1_297' title='bbox 255 3728 298 3773; x_wconf 86' lang='lat' dir='ltr'>ex</span> <span class='ocrx_word' id='word_1_298' title='bbox 320 3728 356 3772; x_wconf 91' lang='lat' dir='ltr'>se</span> <span class='ocrx_word' id='word_1_299' title='bbox 379 3713 549 3791; x_wconf 87' lang='lat' dir='ltr'>peccatum</span> <span class='ocrx_word' id='word_1_300' title='bbox 573 3709 670 3791; x_wconf 89' lang='lat' dir='ltr'>idque</span> <span class='ocrx_word' id='word_1_301' title='bbox 693 3710 766 3775; x_wconf 88' lang='lat' dir='ltr'>leve</span> <span class='ocrx_word' id='word_1_302' title='bbox 785 3710 838 3773; x_wconf 91' lang='lat' dir='ltr'>vel</span> <span class='ocrx_word' id='word_1_303' title='bbox 862 3730 965 3790; x_wconf 87' lang='lat' dir='ltr'>grave</span> <span class='ocrx_word' id='word_1_304' title='bbox 987 3730 1045 3792; x_wconf 89' lang='lat' dir='ltr'>pro</span> <span class='ocrx_word' id='word_1_305' title='bbox 1068 3709 1216 3774; x_wconf 86' lang='lat' dir='ltr'>subiecta</span> <span class='ocrx_word' id='word_1_306' title='bbox 1232 3709 1381 3786; x_wconf 87' lang='lat' dir='ltr'>materia,</span> 
     </span>
    </p>
   </div>
   <div class='ocr_carea' id='block_1_9' title="bbox 54 3797 1382 3954">
    <p class='ocr_par' dir='ltr' id='par_1_9' title="bbox 54 3797 1382 3954">
     <span class='ocr_line' id='line_1_37' title="bbox 54 3797 1382 3880; baseline -0.001 -17"><span class='ocrx_word' id='word_1_307' title='bbox 54 3799 117 3865; x_wconf 91' lang='lat' dir='ltr'>nisi</span> <span class='ocrx_word' id='word_1_308' title='bbox 140 3801 254 3863; x_wconf 89' lang='lat' dir='ltr'>tamen</span> <span class='ocrx_word' id='word_1_309' title='bbox 269 3797 356 3862; x_wconf 88' lang='lat' dir='ltr'>ratio</span> <span class='ocrx_word' id='word_1_310' title='bbox 373 3797 510 3863; x_wconf 87' lang='lat' dir='ltr'>relative</span> <span class='ocrx_word' id='word_1_311' title='bbox 527 3799 661 3880; x_wconf 86' lang='lat' dir='ltr'>gravior</span> <span class='ocrx_word' id='word_1_312' title='bbox 677 3803 821 3864; x_wconf 88' lang='lat' dir='ltr'>excuset.</span> <span class='ocrx_word' id='word_1_313' title='bbox 852 3799 907 3865; x_wconf 80' lang='lat' dir='ltr'>Tb.</span> <span class='ocrx_word' id='word_1_314' title='bbox 924 3821 964 3864; x_wconf 85' lang='lat' dir='ltr'>m.</span> <span class='ocrx_word' id='word_1_315' title='bbox 982 3798 1023 3876; x_wconf 91' lang='lat' dir='ltr'>Il,</span> <span class='ocrx_word' id='word_1_316' title='bbox 1049 3800 1130 3874; x_wconf 78' lang='lat'>2383</span> <span class='ocrx_word' id='word_1_317' title='bbox 1156 3798 1382 3864; x_wconf 89' lang='lat' dir='ltr'>Ballerini-</span> 
     </span>
     <span class='ocr_line' id='line_1_38' title="bbox 55 3887 435 3954; baseline -0.005 0"><span class='ocrx_word' id='word_1_318' title='bbox 55 3888 179 3954; x_wconf 89' lang='lat' dir='ltr'>Palm.</span> <span class='ocrx_word' id='word_1_319' title='bbox 203 3887 225 3953; x_wconf 91' lang='lat' dir='ltr'>l.</span> <span class='ocrx_word' id='word_1_320' title='bbox 250 3906 278 3951; x_wconf 90' lang='lat' dir='ltr'>c.</span> <span class='ocrx_word' id='word_1_321' title='bbox 304 3908 336 3953; x_wconf 89' lang='lat' dir='ltr'>n.</span> <span class='ocrx_word' id='word_1_322' title='bbox 360 3887 435 3952; x_wconf 83' lang='lat'>355.</span> 
     </span>
    </p>
   </div>
   <div class='ocr_carea' id='block_1_10' title="bbox 54 3999 1444 4262">
    <p class='ocr_par' dir='ltr' id='par_1_10' title="bbox 54 3999 1444 4262">
     <span class='ocr_line' id='line_1_39' title="bbox 144 3999 1444 4083; baseline 0.002 -18"><span class='ocrx_word' id='word_1_323' title='bbox 144 4000 185 4067; x_wconf 88' lang='lat' dir='ltr'>R.</span> <span class='ocrx_word' id='word_1_324' title='bbox 210 4003 240 4066; x_wconf 87' lang='lat'>3.</span> <span class='ocrx_word' id='word_1_325' title='bbox 280 4000 429 4065; x_wconf 91' lang='lat' dir='ltr'>Decretis</span> <span class='ocrx_word' id='word_1_326' title='bbox 453 3999 484 4067; x_wconf 87' lang='lat' dir='ltr'>S.</span> <span class='ocrx_word' id='word_1_327' title='bbox 508 4001 547 4066; x_wconf 86' lang='lat' dir='ltr'>R.</span> <span class='ocrx_word' id='word_1_328' title='bbox 565 4001 834 4083; x_wconf 82' lang='lat' dir='ltr'>Congregatiouis</span> <span class='ocrx_word' id='word_1_329' title='bbox 858 4002 994 4066; x_wconf 88' lang='lat' dir='ltr'>eandem</span> <span class='ocrx_word' id='word_1_330' title='bbox 1019 4000 1251 4067; x_wconf 86' lang='lat' dir='ltr'>auctoritatem</span> <span class='ocrx_word' id='word_1_331' title='bbox 1275 4001 1381 4066; x_wconf 89' lang='lat' dir='ltr'>inesse</span> <span class='ocrx_word' id='word_1_332' title='bbox 1392 4013 1444 4067; x_wconf 82' lang='lat'>268</span> 
     </span>
     <span class='ocr_line' id='line_1_40' title="bbox 54 4088 1382 4172; baseline -0.002 -16"><span class='ocrx_word' id='word_1_333' title='bbox 54 4090 132 4156; x_wconf 92' lang='lat' dir='ltr'>alibi</span> <span class='ocrx_word' id='word_1_334' title='bbox 157 4089 280 4155; x_wconf 87' lang='lat' dir='ltr'>dietum</span> <span class='ocrx_word' id='word_1_335' title='bbox 305 4093 365 4154; x_wconf 90' lang='lat' dir='ltr'>est.</span> <span class='ocrx_word' id='word_1_336' title='bbox 413 4088 483 4165; x_wconf 83' lang='lat' dir='ltr'>Qua</span> <span class='ocrx_word' id='word_1_337' title='bbox 512 4090 604 4156; x_wconf 84' lang='lat' dir='ltr'>viat</span> <span class='ocrx_word' id='word_1_338' title='bbox 633 4112 698 4172; x_wconf 87' lang='lat' dir='ltr'>qua</span> <span class='ocrx_word' id='word_1_339' title='bbox 721 4090 912 4156; x_wconf 86' lang='lat' dir='ltr'>extensione</span> <span class='ocrx_word' id='word_1_340' title='bbox 943 4090 1100 4172; x_wconf 87' lang='lat' dir='ltr'>obligatio</span> <span class='ocrx_word' id='word_1_341' title='bbox 1124 4091 1267 4169; x_wconf 82' lang='lat' dir='ltr'>feratur,</span> <span class='ocrx_word' id='word_1_342' title='bbox 1298 4090 1382 4155; x_wconf 91' lang='lat' dir='ltr'>sumi</span> 
     </span>
     <span class='ocr_line' id='line_1_41' title="bbox 55 4178 1105 4262; baseline 0 -17"><span class='ocrx_word' id='word_1_343' title='bbox 55 4181 153 4246; x_wconf 89' lang='lat' dir='ltr'>debet</span> <span class='ocrx_word' id='word_1_344' title='bbox 177 4185 248 4247; x_wconf 91' lang='lat' dir='ltr'>tum</span> <span class='ocrx_word' id='word_1_345' title='bbox 272 4199 314 4243; x_wconf 89' lang='lat' dir='ltr'>ex</span> <span class='ocrx_word' id='word_1_346' title='bbox 338 4178 448 4243; x_wconf 89' lang='lat' dir='ltr'>verbis</span> <span class='ocrx_word' id='word_1_347' title='bbox 472 4179 594 4244; x_wconf 87' lang='lat' dir='ltr'>decreti</span> <span class='ocrx_word' id='word_1_348' title='bbox 618 4183 688 4245; x_wconf 92' lang='lat' dir='ltr'>tum</span> <span class='ocrx_word' id='word_1_349' title='bbox 712 4200 754 4243; x_wconf 92' lang='lat' dir='ltr'>ex</span> <span class='ocrx_word' id='word_1_350' title='bbox 778 4201 813 4244; x_wconf 87' lang='lat' dir='ltr'>re</span> <span class='ocrx_word' id='word_1_351' title='bbox 838 4179 877 4244; x_wconf 94' lang='lat' dir='ltr'>de</span> <span class='ocrx_word' id='word_1_352' title='bbox 901 4201 965 4262; x_wconf 87' lang='lat' dir='ltr'>qua</span> <span class='ocrx_word' id='word_1_353' title='bbox 989 4179 1105 4246; x_wconf 90' lang='lat' dir='ltr'>fertur.</span> 
     </span>
    </p>
   </div>
   <div class='ocr_carea' id='block_1_11' title="bbox 51 4274 1381 4716">
    <p class='ocr_par' dir='ltr' id='par_1_11' title="bbox 51 4274 1381 4716">
     <span class='ocr_line' id='line_1_42' title="bbox 142 4274 1381 4360; baseline -0.002 -17"><span class='ocrx_word' id='word_1_354' title='bbox 142 4278 286 4343; x_wconf 89' lang='lat' dir='ltr'>Decreta</span> <span class='ocrx_word' id='word_1_355' title='bbox 309 4274 411 4357; x_wconf 87' lang='lat' dir='ltr'>igitur</span> <span class='ocrx_word' id='word_1_356' title='bbox 425 4276 593 4358; x_wconf 88' lang='lat' dir='ltr'>generalia</span> <span class='ocrx_word' id='word_1_357' title='bbox 609 4277 757 4359; x_wconf 83' lang='lat' dir='ltr'>obligant</span> <span class='ocrx_word' id='word_1_358' title='bbox 780 4298 892 4342; x_wconf 89' lang='lat' dir='ltr'>omnes</span> <span class='ocrx_word' id='word_1_359' title='bbox 908 4281 938 4342; x_wconf 85' lang='lat' dir='ltr'>ol</span> <span class='ocrx_word' id='word_1_360' title='bbox 952 4278 1097 4360; x_wconf 73' lang='lat' dir='ltr'>ferorae,</span> <span class='ocrx_word' id='word_1_361' title='bbox 1121 4277 1254 4342; x_wconf 90' lang='lat' dir='ltr'>decreta</span> <span class='ocrx_word' id='word_1_362' title='bbox 1277 4275 1381 4359; x_wconf 89' lang='lat' dir='ltr'>parti·</span> 
     </span>
     <span class='ocr_line' id='line_1_43' title="bbox 53 4365 1381 4449; baseline -0.003 -16"><span class='ocrx_word' id='word_1_363' title='bbox 53 4366 179 4434; x_wconf 89' lang='lat' dir='ltr'>cularia</span> <span class='ocrx_word' id='word_1_364' title='bbox 203 4387 260 4432; x_wconf 91' lang='lat' dir='ltr'>eos</span> <span class='ocrx_word' id='word_1_365' title='bbox 283 4365 325 4429; x_wconf 91' lang='lat' dir='ltr'>ad</span> <span class='ocrx_word' id='word_1_366' title='bbox 349 4385 430 4446; x_wconf 88' lang='lat' dir='ltr'>quos</span> <span class='ocrx_word' id='word_1_367' title='bbox 453 4367 554 4442; x_wconf 89' lang='lat' dir='ltr'>fiunt,</span> <span class='ocrx_word' id='word_1_368' title='bbox 580 4371 717 4449; x_wconf 90' lang='lat' dir='ltr'>possunt</span> <span class='ocrx_word' id='word_1_369' title='bbox 739 4370 851 4431; x_wconf 90' lang='lat' dir='ltr'>tamen</span> <span class='ocrx_word' id='word_1_370' title='bbox 876 4388 987 4431; x_wconf 89' lang='lat' dir='ltr'>omnes</span> <span class='ocrx_word' id='word_1_371' title='bbox 1012 4365 1158 4447; x_wconf 86' lang='lat' dir='ltr'>obligare</span> <span class='ocrx_word' id='word_1_372' title='bbox 1183 4369 1213 4429; x_wconf 87' lang='lat' dir='ltr'>oi</span> <span class='ocrx_word' id='word_1_373' title='bbox 1237 4368 1284 4430; x_wconf 85' lang='lat' dir='ltr'>rei</span> <span class='ocrx_word' id='word_1_374' title='bbox 1308 4388 1381 4429; x_wconf 82' lang='lat' dir='ltr'>con·</span> 
     </span>
     <span class='ocr_line' id='line_1_44' title="bbox 52 4453 1380 4541; baseline -0.002 -20"><span class='ocrx_word' id='word_1_375' title='bbox 52 4466 173 4541; x_wconf 78' lang='lat' dir='ltr'>lentae,</span> <span class='ocrx_word' id='word_1_376' title='bbox 208 4454 261 4520; x_wconf 91' lang='lat' dir='ltr'>vel</span> <span class='ocrx_word' id='word_1_377' title='bbox 291 4453 368 4536; x_wconf 87' lang='lat' dir='ltr'>quia</span> <span class='ocrx_word' id='word_1_378' title='bbox 398 4459 475 4520; x_wconf 91' lang='lat' dir='ltr'>sunt</span> <span class='ocrx_word' id='word_1_379' title='bbox 505 4475 614 4519; x_wconf 84' lang='lat' dir='ltr'>merae</span> <span class='ocrx_word' id='word_1_380' title='bbox 646 4455 883 4521; x_wconf 87' lang='lat' dir='ltr'>declarationes</span> <span class='ocrx_word' id='word_1_381' title='bbox 914 4457 1186 4540; x_wconf 74' lang='lat' dir='ltr'>comprehensione</span> <span class='ocrx_word' id='word_1_382' title='bbox 1209 4453 1292 4536; x_wconf 88' lang='lat' dir='ltr'>legis</span> <span class='ocrx_word' id='word_1_383' title='bbox 1316 4453 1380 4518; x_wconf 88' lang='lat' dir='ltr'>iam</span> 
     </span>
     <span class='ocr_line' id='line_1_45' title="bbox 52 4543 1381 4626; baseline -0.002 -16"><span class='ocrx_word' id='word_1_384' title='bbox 52 4545 255 4620; x_wconf 84' lang='lat' dir='ltr'>exsistentis,</span> <span class='ocrx_word' id='word_1_385' title='bbox 280 4544 334 4608; x_wconf 90' lang='lat' dir='ltr'>vel</span> <span class='ocrx_word' id='word_1_386' title='bbox 351 4543 425 4623; x_wconf 90' lang='lat' dir='ltr'>quia</span> <span class='ocrx_word' id='word_1_387' title='bbox 450 4543 648 4610; x_wconf 86' lang='lat' dir='ltr'>auctoritate</span> <span class='ocrx_word' id='word_1_388' title='bbox 673 4545 845 4610; x_wconf 85' lang='lat' dir='ltr'>doctrinali</span> <span class='ocrx_word' id='word_1_389' title='bbox 871 4545 1054 4610; x_wconf 86' lang='lat' dir='ltr'>contrariae</span> <span class='ocrx_word' id='word_1_390' title='bbox 1078 4543 1238 4626; x_wconf 90' lang='lat' dir='ltr'>opinionis</span> <span class='ocrx_word' id='word_1_391' title='bbox 1262 4543 1381 4626; x_wconf 85' lang='lat' dir='ltr'>proba·</span> 
     </span>
     <span class='ocr_line' id='line_1_46' title="bbox 51 4632 705 4716; baseline 0.003 -18"><span class='ocrx_word' id='word_1_392' title='bbox 51 4636 216 4704; x_wconf 89' lang='lat' dir='ltr'>bilitatem</span> <span class='ocrx_word' id='word_1_393' title='bbox 241 4632 428 4716; x_wconf 90' lang='lat' dir='ltr'>deprimunt</span> <span class='ocrx_word' id='word_1_394' title='bbox 452 4638 552 4714; x_wconf 90' lang='lat' dir='ltr'>atque</span> <span class='ocrx_word' id='word_1_395' title='bbox 575 4634 705 4700; x_wconf 90' lang='lat' dir='ltr'>tollunt.</span> 
     </span>
    </p>
   </div>
   <div class='ocr_carea' id='block_1_12' title="bbox 0 0 1527 5174">
    <p class='ocr_par' dir='ltr' id='par_1_12' title="bbox 0 0 1527 5174">
     <span class='ocr_line' id='line_1_47' title="bbox 0 0 1527 5174; baseline 0 0"><span class='ocrx_word' id='word_1_396' title='bbox 0 0 1527 5174; x_wconf 95' lang='lat' dir='ltr'> </span> 
     </span>
    </p>
   </div>
  </div>
 </body>
</html>
