3044 5174
407 112 609 167 Matrimonium
627 111 833 182 praecedentia:
852 142 888 152 -
906 112 1058 183 Sponsalia.
1330 114 1394 178 487

64 294 135 356 ιἰιιι
164 311 225 356 suo
256 293 305 355 uti
334 292 440 356 colent.
488 288 696 373 Quapropter
725 290 854 372 quando
885 288 967 354 satis
998 292 1088 354 certo
1119 287 1333 372 praevidetur
1362 287 1395 352 in

65 379 175 462 aliquo
201 399 281 444 casu
305 399 379 444 eum
403 399 446 443 ex
468 377 607 462 sponsis,
633 378 673 442 de
697 379 789 442 cuius
812 379 882 443 iure
906 378 1033 460 agitur,
1058 377 1129 443 iure
1152 398 1211 442 suo
1235 399 1298 442 non
1324 398 1396 442 esse

65 490 220 546 usurum,
246 467 300 533 vel
324 468 364 533 de
387 467 508 533 utendo
533 488 592 533 suc
615 467 686 533 iure
709 488 750 532 ne
775 467 922 548 cogitare
946 466 1076 549 quidem
1098 487 1215 550 posse,
1240 466 1295 531 illo
1319 487 1396 548 gra·

65 558 152 624 viter
175 578 242 622 non
265 557 409 623 laeditur
431 557 464 621 in
487 556 558 622 iure
581 577 656 634 suc,
690 556 718 621 si
743 557 962 622 occultatione
992 555 1071 621 telis
1095 555 1243 621 defectus
1267 556 1296 620 ei
1320 555 1396 620 sub·

64 646 212 712 trahitur
234 646 378 712 facultas
408 645 548 727 eligendi
579 645 666 711 inter
696 666 790 709 usum
822 649 855 710 et
885 665 1062 709 non-usum
1094 644 1144 709 sui
1174 644 1263 709 iuris.
1312 644 1396 709 Hinc

65 739 115 800 est
140 739 178 801 ut
202 735 235 799 in
251 734 312 801 tali
328 756 407 800 casu
422 755 481 799 seu
497 734 629 800 defectu
645 735 696 798 ius
713 734 843 816 quidem
859 733 1012 811 adfuerit,
1037 733 1065 798 si
1082 733 1229 798 defectus
1246 734 1396 814 cognitus

65 825 127 900 sit,
162 824 321 905 obligatio
353 823 467 906 gravis
500 844 572 888 cum
604 823 736 907 proprio
770 823 888 889 damno
921 823 1089 887 revelandi
1120 821 1215 887 huius
1249 823 1397 887 defectus

64 935 129 979 non
153 912 252 980 adsit.

155 1020 195 1086 R.
220 1022 251 1086 2.
283 1019 355 1096 Qua
370 1018 580 1084 distinctione
604 1018 705 1096 facta,
731 1018 902 1083 dicendum
926 1023 976 1084 est
999 1018 1130 1083 omnino
1147 1016 1458 1083 fornicationemsste

65 1108 235 1193 sponsalia
258 1110 511 1191 subsequentem
534 1108 622 1191 parti
645 1107 821 1185 innocenti,
847 1107 917 1171 sive
941 1128 1081 1191 sponsus
1104 1112 1156 1173 est
1179 1107 1250 1172 sive
1265 1127 1396 1190 sponsa,

65 1200 146 1264 dare
168 1197 291 1263 iustam
315 1218 447 1263 causam
472 1218 492 1262 a
515 1197 722 1280 sponsalibus
745 1196 927 1262 recedendi.

156 1303 197 1370 R.
221 1307 252 1371 3.
283 1302 434 1369 Praetice
456 1302 544 1368 idem
567 1302 630 1368 dici
654 1302 751 1369 debet
767 1302 807 1367 de
829 1302 1046 1368 fornicatione
1062 1301 1288 1379 antecedente,
1314 1322 1398 1384 quas

64 1414 153 1459 nunc
177 1393 308 1459 demum
332 1390 507 1474 detegitur.
552 1390 773 1457 communiter
796 1391 925 1473 quidem
949 1396 1101 1457 auctores
1124 1394 1275 1456 statuunt
1298 1390 1395 1471 longe

65 1483 173 1549 maius
196 1483 247 1546 ius
270 1481 350 1547 oriri
372 1502 493 1564 sponso
517 1501 560 1546 ex
582 1480 799 1546 fornicatione
832 1501 972 1564 sponsae
1002 1501 1088 1545 nuuc
1119 1479 1267 1562 cognitu,
1300 1500 1397 1561 quam

66 1573 140 1638 vice
162 1590 262 1636 versa
285 1570 403 1637 eitius
426 1591 576 1653 sponsae.
625 1570 687 1635 Sed
712 1570 841 1653 quando
874 1570 1003 1634 domurn
1026 1590 1148 1653 sponsa
1170 1568 1261 1633 illum
1285 1568 1396 1652 sponsi

68 1661 178 1726 defect
163 1664 234 1726 tum
257 1668 324 1725 Ιαιιι
345 1661 487 1746 praviter
509 1659 635 1725 fertut
657 1662 730 1724 velit
717 1667 918 1745 tproptereo
942 1659 1105 1735 recedere,
1131 1657 1193 1723 dici
1211 1657 1308 1721 debet
1293 1660 1398 1722 tesse

67 1772 137 1816 rem
160 1749 297 1816 subiect
273 1754 343 1815 trve
365 1749 564 1829 itagravem
582 1751 619 1814 ut
633 1748 838 1814 recederes
823 1748 903 1814 tiam
920 1748 1027 1815 liceat.
1060 1747 1107 1814 uf.
1130 1748 1185 1812 ΙΙΙ.
1203 1770 1244 1813 ιιι.
1261 1746 1302 1823 ΙΙ,
1320 1748 1395 1812 670.

68 1840 100 1908 S
124 1838 372 1923 Alphonsus
395 1837 525 1919 quidem
549 1837 612 1915 VI,
638 1839 700 1902 861
726 1836 893 1902 itadicit:
923 1836 974 1914 ,Si
998 1836 1172 1901 fornicatio
1196 1836 1296 1900 fuerit
1281 1838 1397 1900 tante

67 1927 253 2013 sponsalia,
278 1930 403 1993 certunr
428 1930 479 1991 est
502 1926 589 2009 apud
612 1947 725 1990 omues
747 1947 845 2009 posse
868 1925 992 2003 virum,
1025 1925 1158 2007 cognita
1181 1924 1331 1989 fornicat
1307 1930 1397 1989 itone

67 2037 227 2102 sponsae,
259 2036 332 2081 eam
355 2015 549 2098 relinquere.
597 2015 625 2080 Ε
649 2035 807 2080 converso
838 2036 902 2079 non
932 2019 1043 2099 potest
1066 2014 1183 2079 mulier
1212 2013 1397 2078 rescindere

66 2105 237 2190 sponsalia
260 2106 301 2170 ob
324 2104 573 2172 fornicationem
597 2104 709 2187 spousi
725 2126 797 2168 cum
814 2103 880 2170 alia
904 2108 981 2169 ante
997 2104 1144 2169 habitam
1162 2155 1168 2167 .
1187 2154 1193 2167 .
1214 2153 1231 2177 .,
1256 2102 1319 2167 nisi
1337 2155 1343 2167 .
1363 2156 1368 2168 .
1388 2155 1395 2166 .

67 2197 120 2260 vir
149 2197 285 2279 insuper
313 2194 438 2278 prolem
469 2214 512 2258 ex
541 2192 607 2259 alia
637 2193 808 2269 habuerit,
842 2193 896 2258 vel
925 2193 1025 2258 etiam
1058 2192 1120 2258 nisi
1149 2192 1220 2275 ipse
1243 2196 1398 2257 noscatur

67 2284 171 2350 fuisse
208 2285 335 2350 deditus
369 2284 443 2348 huic
478 2286 571 2365 citio,
605 2304 676 2347 curn
712 2282 859 2366 pluribus
891 2281 1021 2347 feminis
1057 2302 1094 2347 se
1126 2280 1392 2347 commiscendo.“

66 2373 228 2440 Attamen
250 2371 485 2438 Ballerrnr
493 2371 657 2437 ΡιιΙιιι.Ι
642 2376 683 2438 Ι.ι·
712 2375 762 2449 10,
787 2377 867 2438 sect.
843 2373 933 2450 Ι8,
957 2394 989 2436 n.
1015 2373 1090 2448 299,
1115 2375 1289 2453 postquam
1312 2370 1397 2434 idem

66 2461 235 2540 retulerit,
267 2460 393 2545 pergit,
424 2460 521 2542 idque
544 2460 661 2525 merito
671 2460 866 2538 ,Addunt
896 2460 950 2525 alii
980 2421 1121 2544 idipsrim
1151 2460 1338 2536 dicendum,
1369 2459 1397 2523 si

68 2551 308 2636 sponsaliorum
335 2555 484 2633 tempore
515 2570 707 2615 consensum
738 2571 802 2615 non
832 2550 951 2615 fuisset
982 2570 1102 2633 sponsa
1132 2548 1337 2632 praebitura,
1369 2547 1397 2612 si

68 2639 284 2706 fornicarium
308 2659 380 2704 esse
404 2638 573 2716 scivisset;
605 2643 683 2703 tunc
713 2638 799 2704 enirn
823 2643 912 2704 esset
942 2660 1034 2703 error
1057 2639 1138 2703 dans
1163 2659 1293 2702 causam
1320 2658 1396 2701 con-

67 2728 194 2796 tractui
217 2732 317 2831 atque
340 2729 422 2793 adeo
447 2728 577 2794 deesset
562 2733 771 2794 tconsensus
788 2725 823 2882 [ti.
841 2749 868 2794 e.
893 2728 959 2792 salt
945 2731 1012 2792 tem
1028 2727 1083 2791 ille
1100 2748 1277 2791 consensus
1301 2727 1396 2808 plene

66 2819 160 2896 liber,
186 2817 241 2901 qui
263 2817 299 2882 in
321 2816 583 2901 sponsalibus,u
563 2818 767 2901 utfirmo
741 2821 817 2894 sint,
842 2816 964 2898 requiri
956 2814 1123 2899 't.tur]
1078 2816 1123 2881 Et
1146 2816 1187 2880 ob
1211 2815 1294 2879 hauc
1318 2835 1396 2879 cau·

65 2928 135 2974 sam
161 2911 240 2974 sunt
263 2906 317 2989 qui
341 2912 519 2973 censente
499 2909 673 2972 universim
691 2928 786 2992 posse
815 2906 851 2969 cb
882 2907 965 2970 hauc
995 2926 1125 2970 causum
1155 2906 1280 2969 resilire
1302 2907 1396 2969 etiam

65 3019 218 3084 sponsam
249 3014 358 3077 quac
387 2997 507 3078 vireo
535 2997 712 3061 frenesta
742 2998 819 3076 ait;
848 2995 925 3076 quia
954 2994 1031 3059 talis
1062 2993 1173 3077 procul
1204 2992 1301 3056 dubio
1330 3012 1395 3056 non

66 3107 173 3169 aeque
188 3083 330 3152 intendit
346 3086 468 3149 nubere
484 3083 555 3149 viro
571 3082 733 3167 impudico
751 3105 849 3166 quarn
866 3083 1000 3167 pudico:
1018 3082 1252 3163 Sohmalzgr.
1270 3103 1301 3146 n.
1322 3084 1394 3146 176.

65 3174 194 3239 Idcirco
218 3174 387 3239 mulierem
410 3178 602 3240 renuentem
626 3173 658 3237 in
677 3173 738 3238 hoc
763 3194 841 3238 casu
858 3171 1077 3237 confessarius
1094 3171 1240 3253 obligare
1257 3170 1297 3235 ad
1314 3193 1397 3254 nup·

65 3264 132 3330 tias
155 3285 221 3329 non
245 3263 370 3329 debet.“
420 3262 468 3329 uf.
493 3263 594 3328 etiam
618 3261 821 3346 Gasparri
844 3262 865 3328 l.
891 3283 917 3326 o.
943 3282 974 3326 ιι.
999 3263 1051 3326 81.

156 3370 195 3436 R.
220 3372 251 3436 4.
299 3369 333 3435 Si
356 3390 399 3434 ex
421 3374 561 3452 utraque
585 3373 680 3451 parte
704 3368 876 3435 fornicatio
901 3389 973 3432 oum
997 3367 1106 3432 aliena
1136 3387 1276 3449 persona
1305 3366 1396 3430 facta
1405 3378 1457 3432 849

65 3459 183 3536 fuerit,
208 3479 250 3524 ex
274 3457 436 3524 communi
459 3458 625 3524 sententia
648 3479 789 3542 sponsae
812 3457 862 3523 ius
885 3479 949 3522 non
966 3457 1065 3522 inerit
1080 3455 1184 3522 inuito
1201 3476 1320 3538 sponso
1344 3476 1395 3519 re-

65 3548 212 3624 cedendi,
237 3547 313 3630 quia
336 3547 492 3612 maiorem
509 3546 658 3612 iniuriam
676 3547 797 3624 intulit,
823 3567 920 3629 quam
936 3567 1036 3629 pessa
1057 3549 1124 3615 est:
1150 3566 1268 3628 sponso
1286 3548 1395 3609 autem

66 3637 275 3703 nihilominus
305 3636 355 3715 ius
385 3636 559 3701 recedendi
582 3636 784 3713 vindicatur,
817 3641 931 3720 utpote
962 3635 1017 3716 qui
1044 3637 1177 3719 pravius
1209 3634 1318 3699 laesus
1341 3632 1393 3698 sit.

65 3728 151 3794 Sunt
173 3729 287 3792 tamen
309 3727 365 3808 qui
389 3725 510 3802 dicant,
534 3725 562 3789 si
587 3726 626 3790 de
642 3725 860 3791 fornicatione
876 3727 1078 3810 subsequenti
1093 3727 1222 3805 agatur,
1248 3731 1396 3787 ιιιιιΙιιιιι

64 3837 163 3918 ppsse
186 3815 259 3897 cogi
282 3814 325 3880 ad
347 3814 607 3892 matrimonium,
639 3836 677 3879 eo
708 3815 794 3896 quod
825 3814 983 3896 obligatio
1014 3813 1058 3878 sit
1082 3817 1220 3877 incerta:
1250 3811 1300 3876 cui
1325 3810 1393 3892 opi·

64 3904 154 3971 uioni
177 3903 345 3970 subscribo
369 3906 488 3970 saltem
518 3925 577 3988 pro
601 3903 657 3969 illo
688 3925 766 3969 casu
791 3925 853 3986 quo
885 3924 1024 3987 sponsus
1048 3902 1136 3985 prior
1160 3901 1281 3965 crimen
1306 3920 1394 3963 com·

64 3993 203 4072 miserit,
227 3992 385 4076 siquidem
403 4014 440 4058 eo
457 3993 528 4077 ipso
545 3992 673 4076 oblipot'
664 4016 692 4059 ιο
708 4014 847 4077 sponsae
863 3996 896 4057 st
881 3992 973 4057 tandi
990 3990 1195 4074 sponsalibus
1211 4010 1270 4052 exs
1272 3987 1395 4069 tingui·

64 4090 131 4163 Ιιιι,
156 4103 262 4164 neque
278 4082 363 4148 ratio
381 4087 542 4149 certat
491 4088 542 4149 est
558 4104 616 4147 cur
632 4082 713 4147 baec
731 4104 790 4147 exs
792 4082 897 4148 tincta
914 4079 1071 4162 obligatio
1088 4078 1238 4159 sequenti
1254 4098 1395 4161 sponsae

64 4172 201 4239 crimine
224 4171 413 4238 reviviscat.
390 4172 508 4237 th.
534 4171 768 4237 Ballerini-
776 4172 900 4236 Palm
925 4172 946 4235 l
972 4191 998 4234 c.
1024 4192 1055 4234 n.
1081 4171 1155 4233 304.

78 4348 79 4351 ,
153 4288 192 4355 ΙΙ.
218 4289 248 4354 5.
296 4287 387 4364 Quod
411 4287 490 4352 def
489 4287 617 4353 ornicat
617 4287 692 4351 ione
716 4287 851 4359 dicitur,
884 4285 1029 4351 etiamt
1015 4283 1216 4348 transfertur
1241 4282 1281 4345 ad
1306 4282 1394 4346 solos

62 4383 176 4445 tactus
198 4376 379 4460 impudicos
402 4381 457 4462 qui
479 4385 548 4462 poet
570 4379 735 4461 sponsalia
760 4378 873 4441 αιΙιιιὶΙΙ
850 4383 931 4439 ΙΙΙιιιι
932 4395 1032 4454 ur,1
1022 4373 1129 4438 ittau
1162 4375 1297 4455 propter
1320 4371 1393 4435 illos

60 4468 165 4534 libare
189 4466 282 4533 habit
267 4471 319 4532 tos
343 4487 482 4550 sponsus
506 4470 595 4531 certo
621 4466 724 4549 possit
747 4485 901 4549 sponsam
934 4463 1132 4544 relinquere,
1168 4464 1267 4543 atque
1291 4459 1391 4526 etiam
