3044 5174
155 285 220 347 242
450 330 460 347 ,
607 280 812 335 Sacramentum
831 279 1022 350 paenitentiae.

154 455 212 522 dat
198 460 267 522 tarn
297 455 454 523 iurisdict'
431 462 553 523 tionem
584 455 783 523 ordinariam
816 458 938 525 habent
967 458 1082 524 vicarii
1112 460 1286 542 generales
1316 480 1376 546 pro
1406 465 1466 527 tota
1512 488 1514 493 ·

155 545 312 611 dioecesi:
337 545 450 611 similit
436 550 488 611 ter
510 566 570 630 pro
594 546 672 611 orbe
695 566 754 630 per
776 567 938 612 summum
954 547 1141 632 pontificem
1165 550 1278 616 datam
1302 550 1467 616 tribunalia
1507 564 1514 602 ἑ

155 634 313 712 Romana,
337 634 552 737 imprimisS.
576 635 750 700 Paenitt
678 640 734 700 ten
736 634 843 701 tiaria.
1508 705 1512 710 ,

243 723 401 789 Parochi
392 746 463 790 rure
475 725 697 790 ecclesiastico
714 724 912 791 ordinariam
924 725 1048 792 hahent
1063 725 1347 793 iurisdictionem
1337 749 1371 792 ru
1387 749 1466 793 suam

154 813 343 898 parochiam
366 834 507 896 suosque
530 813 755 896 parochianos,
780 814 910 896 aliique,
936 815 991 898 qui
1015 815 1314 900 qnasi-parochiale
1337 816 1467 883 officium

154 904 292 980 habent,
326 904 503 968 secundum
527 904 670 969 muneris
693 904 743 969 sui
767 905 935 971 ambitum.
982 904 1128 971 Praelati
1151 906 1323 989 regulares
1346 907 1379 972 in
1402 928 1467 972 snos

152 993 311 1061 subditos.

90 1109 143 1163 419
243 1099 281 1164 R.
307 1100 337 1164 3.
384 1097 581 1180 Delegatam
610 1098 865 1164 iurisdictionem
895 1098 1044 1254 accipere
1075 1105 1213 1184 possunt
1235 1101 1338 1167 ceteri
1369 1122 1468 1167 sacer·
1511 1101 1514 1105 ’

153 1187 247 1260 dates
271 1186 356 1252 ab''
336 1209 392 1264 ns,
417 1188 471 1269 qni
495 1189 668 1252 ordinaria
691 1192 822 1271 potesta
802 1191 857 1253 ate
880 1194 937 1271 pot
939 1188 1010 1253 innt
1012 1211 1059 1255 nr
1106 1190 1229 1255 Verum
1253 1190 1416 1293 delegatio
1438 1213 1468 1256 ec
1506 1208 1514 1228 ¹

151 1287 244 1362 porte
265 1278 398 1362 parocbi
420 1276 490 1341 iere
514 1276 657 1342 evadit'
612 1281 703 1342 trnn
706 1277 782 1354 tilis,
808 1297 846 1342 eo
870 1277 956 1359 quod
980 1277 1059 1343 nrlnl
1076 1279 1214 1345 valea
1172 1279 1255 1357 tris,
1280 1280 1336 1362 qui
1360 1301 1468 1364 appro·
1507 1272 1514 1288 ”

152 1366 219 1431 bat'
196 1370 284 1431 tione
309 1365 450 1450 episcopi
474 1365 661 1448 indigeant,
694 1366 755 1430 hac
779 1387 857 1430 vero
881 1366 960 1433 data
983 1367 1055 1452 plus
1079 1368 1225 1452 recipere
1248 1369 1469 1434 consueverint
1507 1368 1514 1407 ³

153 1477 250 1536 qnam
275 1455 360 1537 quod
384 1455 545 1538 parochus
567 1454 672 1537 possit
695 1456 943 1520 communicare.

243 1562 281 1628 R.
306 1564 337 1627 4.
384 1561 546 1626 Nimirum
569 1562 611 1627 ad
634 1561 889 1626 iurisdictionem
919 1562 1105 1645 delegatam
1129 1564 1238 1630 valide
1261 1565 1468 1631 exercendam
1506 1576 1511 1638 ζ

152 1651 265 1716 concil.
291 1650 516 1716 Tridentinnm
539 1650 619 1716 haec
643 1650 830 1717 constituit:
1506 1664 1511 1672 '

247 1739 420 1818 ,Quamvis
451 1740 634 1823 presbyteri
665 1740 697 1804 in
728 1761 788 1805 sua
823 1739 1027 1806 ordinatione
1056 1763 1077 1807 a
1107 1741 1251 1826 peccatis
1286 1741 1469 1809 absolvendi

151 1833 352 1912 potestatem
383 1828 563 1913 accipiant,
595 1828 739 1896 decernit
763 1833 874 1895 tamen
897 1834 1014 1896 sancta
1037 1831 1180 1913 synodus
1204 1831 1347 1910 nullum,
1379 1833 1469 1900 etiarn
1506 1828 1514 1869 ³³

152 1919 347 2001 regularem,
372 1939 469 2001 posse
493 1918 712 1983 confessiones
735 1917 968 1996 saecularium,
993 1919 1092 1984 etiam
1115 1920 1342 2001 sacerdotum,
1367 1921 1470 1987 audire
1506 1933 1514 1959 ··'

152 2029 211 2072 nec
236 2007 277 2073 ad
301 2007 334 2072 id
363 2007 514 2072 idoneum
544 2007 705 2090 reputari,
738 2007 801 2072 nisi
831 2015 887 2072 ant
915 2010 1098 2092 parochiale
1127 2011 1326 2094 beneficium,
1360 2020 1415 2076 ant
1436 2011 1470 2075 ab

153 2099 303 2182 episcopie
323 2096 395 2181 (per
410 2118 559 2174 examen,
584 2097 612 2161 si
627 2096 692 2161 illis
715 2096 879 2161 videbitur
901 2098 1130 2175 necessarium,
1156 2102 1213 2163 aut
1236 2098 1320 2164 alias
1344 2099 1470 2166 idonens
1510 2098 1514 2138 Γ

152 2187 313 2251 indicetur
337 2187 384 2267 et)
409 2188 677 2271 approbationem,
702 2207 785 2268 quae
808 2185 913 2268 gratis
938 2187 1042 2264 detur,
1068 2187 1224 2268 obtineat;
1246 2187 1429 2272 privilegiis
1443 2192 1472 2255 00

153 2274 387 2361 consuetudine
400 2296 604 2357 quacumque
617 2275 716 2341 etiam
728 2275 977 2340 immemorabili
990 2297 1053 2340 non
1066 2275 1305 2343 obstantibus“.
1323 2276 1411 2344 Sess.
1425 2280 1469 2355 23,
1508 2275 1514 2315 ’0

152 2386 179 2431 c.
207 2367 247 2429 15
272 2364 312 2428 de
335 2364 394 2430 ref.

242 2454 333 2518 Haec
357 2452 551 2536 episcopalis
576 2453 768 2537 approbatio
792 2453 979 2518 necessaria
1003 2456 1054 2518 est
1040 2453 1111 2518 tad
1129 2452 1352 2520 confessiones
1371 2478 1471 2522 saeer-
1502 2428 1514 2525 l

151 2545 271 2608 tarium
295 2541 521 2625 excipiendae,
547 2563 610 2606 non
634 2542 675 2608 ad
700 2542 919 2607 confessiones
943 2542 1159 2623 regularium,
1183 2563 1362 2626 eorumque
1386 2530 1514 2619 tami-{-

152 2631 291 2708 liarium,
317 2635 352 2697 ut
376 2651 532 2714 expresse
554 2631 672 2696 Clam.
690 2631 719 2694 X
745 2630 934 2716 „Srqrerna“
961 2633 1000 2695 21
1025 2631 1109 2696 Iunii
1133 2653 1218 2714 resp.
1244 2632 1368 2717 2Ang.
1396 2635 1514 2734 1600
1504 2680 1514 2735 1

152 2720 376 2787 deelaravita
356 2723 456 2803 atque
480 2720 666 2795 constitnit3
691 2741 750 2803 pro
773 2721 814 2784 iis
837 2720 896 2802 igit
900 2742 938 2784 ur
883 2720 1083 2786 tsuiiicit
1106 2721 1246 2804 delegat
1237 2743 1268 2786 ro
1222 2723 1327 2787 tab
1352 2744 1402 2801 eo,
1425 2721 1471 2805 qni

152 2811 350 2876 ordinariam
380 2809 674 2875 iurisdictionem
665 2831 699 2873 rn
728 2812 885 2876 cantitent
871 2815 922 2876 tes
952 2809 1071 2887 habet,
1103 2810 1165 2876 nisi
1194 2814 1328 2895 speciali
1359 2812 1471 2877 ordinis

151 2900 226 2982 lege
250 2900 323 2982 plns
348 2899 544 2981 requiratur.
591 2899 713 2963 Verum
744 2898 786 2963 ad
811 2898 1020 2982 excipiendas
1045 2899 1265 2965 confessiones
1290 2901 1471 2968 monialium
1512 2929 1514 2954 ι

151 2988 345 3073 approbatio
370 2988 564 3071 episcopalis
587 2988 765 3069 requiritur
788 3009 892 3070 eaque
915 2990 1077 3072 specialis:
1101 2989 1140 3053 de
1164 3010 1227 3071 qno
1251 2989 1349 3055 infra.

99 3087 101 3090 ’
240 3079 337 3143 Cuius
361 3077 503 3161 episcopi
528 3077 721 3160 approbatio
746 3077 931 3142 necessaria
962 3081 1066 3154 esset,
1098 3098 1139 3143 ex
1163 3076 1273 3143 verbis
1297 3076 1471 3145 Tridentini

152 3189 215 3232 non
249 3169 296 3232 ita
329 3167 453 3232 clarum
487 3173 569 3231 erat.
624 3166 688 3231 Sed
722 3170 837 3248 postea
870 3188 912 3232 sa.
946 3166 1116 3248 pontifices
1149 3166 1287 3245 (Clem.
1321 3168 1353 3233 X
1386 3169 1407 3235 l.
1438 3189 1470 3241 0.,

152 3257 288 3321 Innoc.
313 3256 375 3320 llll
397 3259 493 3331 ,Cam
518 3254 617 3320 0000ιοί
639 3259 678 3320 19
696 3255 775 3338 Apr.
796 3257 891 3331 1700,
916 3256 1052 3321 Innoc.
1070 3257 1147 3320 xlss
1168 3259 1362 3341 ,Apostolici
1384 3259 1471 3323 arini-

152 3345 260 3409 eterii“
286 3348 327 3408 23
345 3346 434 3428 Sept.
455 3346 551 3419 1723,
575 3343 723 3408 Bened.
742 3344 818 3408 XIV
837 3347 1038 3429 ,Apostolica
1062 3345 1208 3410 irrdalta‘*
1229 3349 1248 3409 5
1271 3344 1360 3428 Aug.
1381 3343 1471 3426 1744)

153 3454 247 3497 omne
278 3433 409 3498 dubium
440 3434 645 3499 sustulerunt
675 3437 708 3499 et
740 3454 895 3515 expresse
924 3433 1134 3499 declararunt
1164 3433 1285 3516 requiri
1317 3436 1471 3520 approba·

152 3522 274 3587 tionem
299 3526 434 3608 episcopi
458 3525 636 3587 dioecesani
666 3526 741 3605 loci,
776 3526 808 3587 in
834 3545 894 3608 qao
925 3523 1078 3605 corrfesaio
1102 3526 1302 3590 instituatur.
1357 3527 1471 3592 100.

151 3610 193 3684 Il,
219 3614 305 3694 aaa}

87 3747 142 3800 420
246 3727 298 3790 Aa
333 3748 522 3802 onrssrrt'n
556 3732 594 3792 3⁰²
625 3728 664 3794 R.
700 3730 728 3794 1.
783 3727 971 3792 Camerinus
1008 3726 1171 3809 parochus
1208 3747 1272 3791 non
1309 3727 1473 3814 indigebat

151 3816 386 3899 approbatione
402 3817 544 3899 episcopi
562 3816 745 3882 dioecesani
761 3817 832 3893 loci,
850 3816 904 3881 nbi
921 3815 1142 3881 confessiones
1158 3838 1291 3881 snorum
1308 3819 1472 3900 parochia·

151 3927 265 3970 norum
291 3905 492 3988 excipiebat,
517 3905 654 3988 ideoque
677 3910 768 3971 reete
792 3911 826 3971 et
850 3906 958 3970 valide
983 3927 1038 3970 eos
1062 3906 1095 3970 in
1120 3906 1237 3972 itinere
1260 3906 1402 3977 ubilibet
1423 3908 1472 3973 ab

151 3995 267 4065 solr.it
299 3995 326 4060 si
350 3995 444 4058 modo
469 3999 519 4060 att
506 3995 637 4071 tendat,
668 4018 745 4060 num
775 3996 946 4078 paenitens
970 4017 1048 4060 vere
1072 3996 1115 4060 sit
1147 4017 1225 4060 suns
1248 3998 1514 4078 parochianus*

240 4094 330 4158 R
312 4097 331 4132 2
389 4092 477 4156 Idem
510 4092 573 4157 dici
604 4093 717 4175 nequit
748 4094 794 4247 due
819 4093 999 4176 capellano.
1053 4093 1139 4158 Nam
1170 4114 1212 4157 ex
1243 4095 1472 4163 constitutione
1511 4110 1514 4184 q

151 4182 239 4246 Trid.
265 4181 334 4246 eius
358 4203 475 4246 munus
498 4203 562 4246 non
586 4183 723 4259 sufficit,
781 4182 857 4247 tvi
881 4183 975 4246 huius
1007 4182 1227 4248 confessiones
1251 4184 1400 4252 fidelium
1423 4206 1472 4250 ex·

152 4271 261 4372 cipiet.
310 4271 353 4335 Et
377 4292 573 4352 quanrquanr
597 4271 630 4335 in
653 4293 712 4336 sua
743 4271 898 4348 dioecesi,
931 4277 969 4337 ut
998 4271 1152 4348 sumitur,
1184 4274 1390 4356 approbans
1419 4278 1470 4347 est,

151 4360 177 4424 si
209 4365 306 4425 extra
339 4382 411 4425 enm
444 4361 548 4426 voluit
581 4360 802 4426 confessiones
835 4323 1005 4444 excipere,
1039 4361 1209 4443 indigebat
1240 4365 1471 4447 approbatione

150 4450 292 4534 episcopi
317 4450 385 4515 eins
408 4449 480 4515 loci.

240 4553 277 4619 R.
303 4555 333 4618 3.
370 4552 529 4617 Camerini
553 4552 732 4618 iurisdictio
757 4552 789 4616 vi
813 4551 956 4616 muneris
980 4551 1176 4635 parochialis
1199 4573 1265 4618 non
1290 4557 1471 4622 extenditur

91 4653 98 4660 “
151 4641 239 4706 ultra
262 4642 477 4724 parochianos
501 4663 593 4717 snos;
618 4641 676 4706 hos
700 4641 810 4724 igitur,
836 4663 900 4705 non
924 4662 1001 4706 vero
1026 4641 1108 4706 alios
1123 4646 1234 4726 potest
1257 4664 1400 4729 peregre
1421 4665 1470 4711 ex·
