<?xml version="1.0" encoding="UTF-8"?>
<!DOCTYPE html PUBLIC "-//W3C//DTD XHTML 1.0 Transitional//EN"
    "http://www.w3.org/TR/xhtml1/DTD/xhtml1-transitional.dtd">
<html xmlns="http://www.w3.org/1999/xhtml" xml:lang="en" lang="en">
 <head>
  <title>
</title>
<meta http-equiv="Content-Type" content="text/html;charset=utf-8" />
  <meta name='ocr-system' content='tesseract 3.04.00' />
  <meta name='ocr-capabilities' content='ocr_page ocr_carea ocr_par ocr_line ocrx_word'/>
</head>
<body>
  <div class='ocr_page' id='page_1' title='image "./casusconscienti00lehmgoog_0497.png"; bbox 0 0 3044 5174; ppageno 0'>
   <div class='ocr_carea' id='block_1_1' title="bbox 436 286 1425 359">
    <p class='ocr_par' dir='ltr' id='par_1_1' title="bbox 436 286 1425 359">
     <span class='ocr_line' id='line_1_1' title="bbox 436 286 1425 359; baseline 0.005 -17"><span class='ocrx_word' id='word_1_1' title='bbox 436 287 637 342; x_wconf 75' lang='lat' dir='ltr'><strong>Matrimonium</strong></span> <span class='ocrx_word' id='word_1_2' title='bbox 655 287 861 359; x_wconf 87' lang='lat' dir='ltr'><strong>praecedentia:</strong></span> <span class='ocrx_word' id='word_1_3' title='bbox 882 317 915 326; x_wconf 92' lang='lat'><strong>—-</strong></span> <span class='ocrx_word' id='word_1_4' title='bbox 934 286 1085 358; x_wconf 72' lang='lat' dir='ltr'><strong>sponsalia.</strong></span> <span class='ocrx_word' id='word_1_5' title='bbox 1360 293 1425 357; x_wconf 80' lang='grc'><strong>483</strong></span> 
     </span>
    </p>
   </div>
   <div class='ocr_carea' id='block_1_2' title="bbox 93 464 1488 906">
    <p class='ocr_par' dir='ltr' id='par_1_2' title="bbox 93 464 1488 906">
     <span class='ocr_line' id='line_1_2' title="bbox 184 464 1488 542; baseline -0.004 -12"><span class='ocrx_word' id='word_1_6' title='bbox 184 464 240 530; x_wconf 83' lang='lat' dir='ltr'><strong>Ao</strong></span> <span class='ocrx_word' id='word_1_7' title='bbox 270 468 526 542; x_wconf 78' lang='lat' dir='ltr'><strong>ouaas1vnn3&#39;”</strong></span> <span class='ocrx_word' id='word_1_8' title='bbox 554 465 593 531; x_wconf 88' lang='lat' dir='ltr'><strong>R.</strong></span> <span class='ocrx_word' id='word_1_9' title='bbox 621 468 649 532; x_wconf 91' lang='lat'><strong>1.</strong></span> <span class='ocrx_word' id='word_1_10' title='bbox 696 464 854 541; x_wconf 86' lang='lat' dir='ltr'><strong>Querelee</strong></span> <span class='ocrx_word' id='word_1_11' title='bbox 884 465 1009 530; x_wconf 85' lang='lat' dir='ltr'><strong>Claudii</strong></span> <span class='ocrx_word' id='word_1_12' title='bbox 1040 465 1073 530; x_wconf 92' lang='lat' dir='ltr'><strong>in</strong></span> <span class='ocrx_word' id='word_1_13' title='bbox 1104 466 1175 530; x_wconf 86' lang='lat' dir='ltr'><strong>foro</strong></span> <span class='ocrx_word' id='word_1_14' title='bbox 1207 465 1488 532; x_wconf 73' lang='lat' dir='ltr'><strong>conscientiae839</strong></span> 
     </span>
     <span class='ocr_line' id='line_1_3' title="bbox 93 553 1427 637; baseline 0.001 -19"><span class='ocrx_word' id='word_1_15' title='bbox 93 555 218 619; x_wconf 91' lang='lat' dir='ltr'><strong>nullius</strong></span> <span class='ocrx_word' id='word_1_16' title='bbox 242 558 320 620; x_wconf 89' lang='lat' dir='ltr'><strong>sunt</strong></span> <span class='ocrx_word' id='word_1_17' title='bbox 342 553 506 619; x_wconf 78' lang='lat' dir='ltr'><strong>momenti.</strong></span> <span class='ocrx_word' id='word_1_18' title='bbox 540 553 645 637; x_wconf 89' lang='lat' dir='ltr'><strong>Ipsius</strong></span> <span class='ocrx_word' id='word_1_19' title='bbox 669 555 765 637; x_wconf 90' lang='lat' dir='ltr'><strong>culpa</strong></span> <span class='ocrx_word' id='word_1_20' title='bbox 788 560 848 632; x_wconf 88' lang='lat' dir='ltr'><strong>est,</strong></span> <span class='ocrx_word' id='word_1_21' title='bbox 874 555 959 637; x_wconf 95' lang='lat' dir='ltr'><strong>quod</strong></span> <span class='ocrx_word' id='word_1_22' title='bbox 982 554 1095 637; x_wconf 91' lang='lat' dir='ltr'><strong>pravis</strong></span> <span class='ocrx_word' id='word_1_23' title='bbox 1118 554 1262 620; x_wconf 88' lang='lat' dir='ltr'><strong>moribus</strong></span> <span class='ocrx_word' id='word_1_24' title='bbox 1283 556 1427 620; x_wconf 88' lang='lat' dir='ltr'><strong>imbutus</strong></span> 
     </span>
     <span class='ocr_line' id='line_1_4' title="bbox 93 642 1428 728; baseline 0 -20"><span class='ocrx_word' id='word_1_25' title='bbox 93 643 223 709; x_wconf 88' lang='lat' dir='ltr'><strong>animos</strong></span> <span class='ocrx_word' id='word_1_26' title='bbox 248 647 420 728; x_wconf 89' lang='lat' dir='ltr'><strong>parentum</strong></span> <span class='ocrx_word' id='word_1_27' title='bbox 444 642 570 709; x_wconf 88' lang='lat' dir='ltr'><strong>levitae</strong></span> <span class='ocrx_word' id='word_1_28' title='bbox 594 665 614 708; x_wconf 87' lang='lat' dir='ltr'><strong>a</strong></span> <span class='ocrx_word' id='word_1_29' title='bbox 637 664 673 708; x_wconf 87' lang='lat' dir='ltr'><strong>se</strong></span> <span class='ocrx_word' id='word_1_30' title='bbox 697 643 901 709; x_wconf 81' lang='lat' dir='ltr'><strong>alienaverit.</strong></span> <span class='ocrx_word' id='word_1_31' title='bbox 948 644 1055 710; x_wconf 90' lang='lat' dir='ltr'><strong>Mutet</strong></span> <span class='ocrx_word' id='word_1_32' title='bbox 1078 665 1202 721; x_wconf 91' lang='lat' dir='ltr'><strong>mores,</strong></span> <span class='ocrx_word' id='word_1_33' title='bbox 1227 649 1261 710; x_wconf 89' lang='lat' dir='ltr'><strong>et</strong></span> <span class='ocrx_word' id='word_1_34' title='bbox 1285 644 1428 709; x_wconf 87' lang='lat' dir='ltr'><strong>fortasse</strong></span> 
     </span>
     <span class='ocr_line' id='line_1_5' title="bbox 93 732 1429 816; baseline 0.001 -19"><span class='ocrx_word' id='word_1_35' title='bbox 93 733 280 799; x_wconf 82' lang='lat' dir='ltr'><strong>mutabitur</strong></span> <span class='ocrx_word' id='word_1_36' title='bbox 308 733 436 797; x_wconf 92' lang='lat' dir='ltr'><strong>illorum</strong></span> <span class='ocrx_word' id='word_1_37' title='bbox 468 732 646 798; x_wconf 87' lang='lat' dir='ltr'><strong>consilium.</strong></span> <span class='ocrx_word' id='word_1_38' title='bbox 694 732 897 816; x_wconf 85' lang='lat' dir='ltr'><strong>Quamquam</strong></span> <span class='ocrx_word' id='word_1_39' title='bbox 922 733 980 797; x_wconf 87' lang='lat' dir='ltr'><strong>vix</strong></span> <span class='ocrx_word' id='word_1_40' title='bbox 1009 754 1162 814; x_wconf 92' lang='lat' dir='ltr'><strong>umquam</strong></span> <span class='ocrx_word' id='word_1_41' title='bbox 1194 733 1226 797; x_wconf 92' lang='lat' dir='ltr'><strong>in</strong></span> <span class='ocrx_word' id='word_1_42' title='bbox 1257 733 1316 799; x_wconf 89' lang='lat' dir='ltr'><strong>tali</strong></span> <span class='ocrx_word' id='word_1_43' title='bbox 1350 755 1429 799; x_wconf 87' lang='lat' dir='ltr'><strong>casu</strong></span> 
     </span>
     <span class='ocr_line' id='line_1_6' title="bbox 94 821 1175 906; baseline 0.002 -19"><span class='ocrx_word' id='word_1_44' title='bbox 94 822 289 904; x_wconf 79' lang='lat' dir='ltr'><strong>agnoverim</strong></span> <span class='ocrx_word' id='word_1_45' title='bbox 313 821 547 905; x_wconf 80' lang='lat' dir='ltr'><strong>obligationem</strong></span> <span class='ocrx_word' id='word_1_46' title='bbox 570 822 794 888; x_wconf 88' lang='lat' dir='ltr'><strong>reassumendi</strong></span> <span class='ocrx_word' id='word_1_47' title='bbox 818 821 1043 906; x_wconf 84' lang='lat' dir='ltr'><strong>sponsalitiam</strong></span> <span class='ocrx_word' id='word_1_48' title='bbox 1068 821 1175 889; x_wconf 90' lang='lat' dir='ltr'><strong>fidem.</strong></span> 
     </span>
    </p>
   </div>
   <div class='ocr_carea' id='block_1_3' title="bbox 96 936 1430 1555">
    <p class='ocr_par' dir='ltr' id='par_1_3' title="bbox 96 936 1430 1555">
     <span class='ocr_line' id='line_1_7' title="bbox 187 936 1426 1020; baseline 0 -18"><span class='ocrx_word' id='word_1_49' title='bbox 187 938 227 1003; x_wconf 87' lang='lat' dir='ltr'><strong>R.</strong></span> <span class='ocrx_word' id='word_1_50' title='bbox 253 940 283 1004; x_wconf 87' lang='lat'><strong>2.</strong></span> <span class='ocrx_word' id='word_1_51' title='bbox 316 937 349 1003; x_wconf 86' lang='lat' dir='ltr'><strong>Si</strong></span> <span class='ocrx_word' id='word_1_52' title='bbox 373 936 503 1020; x_wconf 89' lang='lat' dir='ltr'><strong>quando</strong></span> <span class='ocrx_word' id='word_1_53' title='bbox 527 937 680 1019; x_wconf 89' lang='lat' dir='ltr'><strong>querelae</strong></span> <span class='ocrx_word' id='word_1_54' title='bbox 704 937 745 1002; x_wconf 88' lang='lat' dir='ltr'><strong>ad</strong></span> <span class='ocrx_word' id='word_1_55' title='bbox 761 936 905 1002; x_wconf 91' lang='lat' dir='ltr'><strong>tribunal</strong></span> <span class='ocrx_word' id='word_1_56' title='bbox 929 936 1186 1002; x_wconf 87' lang='lat' dir='ltr'><strong>ecclesiasticum</strong></span> <span class='ocrx_word' id='word_1_57' title='bbox 1203 937 1426 1002; x_wconf 86' lang='lat' dir='ltr'><strong>deferrentur:</strong></span> 
     </span>
     <span class='ocr_line' id='line_1_8' title="bbox 96 1026 1427 1109; baseline -0.001 -17"><span class='ocrx_word' id='word_1_58' title='bbox 96 1026 208 1092; x_wconf 90' lang='lat' dir='ltr'><strong>nullus</strong></span> <span class='ocrx_word' id='word_1_59' title='bbox 232 1031 322 1093; x_wconf 86' lang='lat' dir='ltr'><strong>esset</strong></span> <span class='ocrx_word' id='word_1_60' title='bbox 344 1026 443 1092; x_wconf 87' lang='lat' dir='ltr'><strong>iudex</strong></span> <span class='ocrx_word' id='word_1_61' title='bbox 459 1026 702 1092; x_wconf 86' lang='lat' dir='ltr'><strong>ecclesiasticus</strong></span> <span class='ocrx_word' id='word_1_62' title='bbox 719 1026 772 1109; x_wconf 91' lang='lat' dir='ltr'><strong>qui</strong></span> <span class='ocrx_word' id='word_1_63' title='bbox 789 1048 852 1092; x_wconf 92' lang='lat' dir='ltr'><strong>non</strong></span> <span class='ocrx_word' id='word_1_64' title='bbox 869 1026 1057 1109; x_wconf 85' lang='lat' dir='ltr'><strong>plenissime</strong></span> <span class='ocrx_word' id='word_1_65' title='bbox 1074 1027 1214 1092; x_wconf 85' lang='lat' dir='ltr'><strong>Invitam</strong></span> <span class='ocrx_word' id='word_1_66' title='bbox 1231 1027 1427 1092; x_wconf 89' lang='lat' dir='ltr'><strong>absolveret.</strong></span> 
     </span>
     <span class='ocr_line' id='line_1_9' title="bbox 97 1115 1428 1199; baseline 0 -19"><span class='ocrx_word' id='word_1_67' title='bbox 97 1115 220 1192; x_wconf 85' lang='lat' dir='ltr'><strong>Quodsi</strong></span> <span class='ocrx_word' id='word_1_68' title='bbox 244 1116 352 1181; x_wconf 88' lang='lat' dir='ltr'><strong>forum</strong></span> <span class='ocrx_word' id='word_1_69' title='bbox 375 1115 545 1181; x_wconf 85' lang='lat' dir='ltr'><strong>saeculare</strong></span> <span class='ocrx_word' id='word_1_70' title='bbox 568 1116 712 1182; x_wconf 89' lang='lat' dir='ltr'><strong>rationes</strong></span> <span class='ocrx_word' id='word_1_71' title='bbox 735 1116 810 1181; x_wconf 90' lang='lat' dir='ltr'><strong>illas</strong></span> <span class='ocrx_word' id='word_1_72' title='bbox 833 1136 898 1180; x_wconf 91' lang='lat' dir='ltr'><strong>non</strong></span> <span class='ocrx_word' id='word_1_73' title='bbox 922 1115 1097 1197; x_wconf 88' lang='lat' dir='ltr'><strong>agnoverit</strong></span> <span class='ocrx_word' id='word_1_74' title='bbox 1120 1136 1179 1199; x_wconf 93' lang='lat' dir='ltr'><strong>pro</strong></span> <span class='ocrx_word' id='word_1_75' title='bbox 1196 1116 1362 1198; x_wconf 80' lang='lat' dir='ltr'><strong>legitimis,</strong></span> <span class='ocrx_word' id='word_1_76' title='bbox 1387 1117 1428 1181; x_wconf 95' lang='lat' dir='ltr'><strong>ob</strong></span> 
     </span>
     <span class='ocr_line' id='line_1_10' title="bbox 97 1205 1429 1289; baseline 0 -20"><span class='ocrx_word' id='word_1_77' title='bbox 97 1227 183 1288; x_wconf 90' lang='lat' dir='ltr'><strong>quas</strong></span> <span class='ocrx_word' id='word_1_78' title='bbox 205 1205 338 1289; x_wconf 90' lang='lat' dir='ltr'><strong>impune</strong></span> <span class='ocrx_word' id='word_1_79' title='bbox 362 1205 516 1270; x_wconf 86' lang='lat' dir='ltr'><strong>recedere</strong></span> <span class='ocrx_word' id='word_1_80' title='bbox 540 1205 638 1270; x_wconf 86' lang='lat' dir='ltr'><strong>liceat</strong></span> <span class='ocrx_word' id='word_1_81' title='bbox 662 1205 914 1288; x_wconf 87' lang='lat' dir='ltr'><strong>asponsalibus,</strong></span> <span class='ocrx_word' id='word_1_82' title='bbox 940 1209 1040 1286; x_wconf 87' lang='lat' dir='ltr'><strong>atque</strong></span> <span class='ocrx_word' id='word_1_83' title='bbox 1057 1205 1200 1270; x_wconf 86' lang='lat' dir='ltr'><strong>fortasse</strong></span> <span class='ocrx_word' id='word_1_84' title='bbox 1217 1206 1257 1271; x_wconf 92' lang='lat' dir='ltr'><strong>ad</strong></span> <span class='ocrx_word' id='word_1_85' title='bbox 1276 1205 1429 1272; x_wconf 89' lang='lat' dir='ltr'><strong>damnum</strong></span> 
     </span>
     <span class='ocr_line' id='line_1_11' title="bbox 97 1292 1430 1379; baseline 0 -20"><span class='ocrx_word' id='word_1_86' title='bbox 97 1294 232 1376; x_wconf 85' lang='lat' dir='ltr'><strong>aliquod</strong></span> <span class='ocrx_word' id='word_1_87' title='bbox 265 1294 483 1379; x_wconf 82' lang='lat' dir='ltr'><strong>reparandum</strong></span> <span class='ocrx_word' id='word_1_88' title='bbox 514 1298 669 1377; x_wconf 88' lang='lat' dir='ltr'><strong>parentes</strong></span> <span class='ocrx_word' id='word_1_89' title='bbox 693 1292 819 1361; x_wconf 89' lang='lat' dir='ltr'><strong>lovitae</strong></span> <span class='ocrx_word' id='word_1_90' title='bbox 849 1295 903 1359; x_wconf 90' lang='lat' dir='ltr'><strong>vel</strong></span> <span class='ocrx_word' id='word_1_91' title='bbox 927 1293 1068 1359; x_wconf 88' lang='lat' dir='ltr'><strong>Iovitam</strong></span> <span class='ocrx_word' id='word_1_92' title='bbox 1093 1294 1316 1360; x_wconf 89' lang='lat' dir='ltr'><strong>damnaverit:</strong></span> <span class='ocrx_word' id='word_1_93' title='bbox 1348 1296 1430 1359; x_wconf 85' lang='lat' dir='ltr'><strong>haec</strong></span> 
     </span>
     <span class='ocr_line' id='line_1_12' title="bbox 97 1382 1429 1467; baseline 0 -19"><span class='ocrx_word' id='word_1_94' title='bbox 97 1384 266 1450; x_wconf 90' lang='lat' dir='ltr'><strong>sententia</strong></span> <span class='ocrx_word' id='word_1_95' title='bbox 289 1384 323 1448; x_wconf 91' lang='lat' dir='ltr'><strong>in</strong></span> <span class='ocrx_word' id='word_1_96' title='bbox 353 1403 388 1448; x_wconf 90' lang='lat' dir='ltr'><strong>se</strong></span> <span class='ocrx_word' id='word_1_97' title='bbox 419 1384 483 1449; x_wconf 89' lang='lat' dir='ltr'><strong>erit</strong></span> <span class='ocrx_word' id='word_1_98' title='bbox 511 1382 634 1448; x_wconf 90' lang='lat' dir='ltr'><strong>iniusta</strong></span> <span class='ocrx_word' id='word_1_99' title='bbox 664 1403 769 1465; x_wconf 89' lang='lat' dir='ltr'><strong>neque</strong></span> <span class='ocrx_word' id='word_1_100' title='bbox 791 1383 824 1447; x_wconf 91' lang='lat' dir='ltr'><strong>iu</strong></span> <span class='ocrx_word' id='word_1_101' title='bbox 849 1383 1049 1449; x_wconf 88' lang='lat' dir='ltr'><strong>conscientia</strong></span> <span class='ocrx_word' id='word_1_102' title='bbox 1072 1382 1206 1464; x_wconf 85' lang='lat' dir='ltr'><strong>ligabit,</strong></span> <span class='ocrx_word' id='word_1_103' title='bbox 1241 1384 1338 1448; x_wconf 87' lang='lat' dir='ltr'><strong>immo</strong></span> <span class='ocrx_word' id='word_1_104' title='bbox 1370 1405 1429 1467; x_wconf 90' lang='lat' dir='ltr'><strong>pro</strong></span> 
     </span>
     <span class='ocr_line' id='line_1_13' title="bbox 99 1472 1248 1555; baseline 0.001 -17"><span class='ocrx_word' id='word_1_105' title='bbox 99 1472 310 1538; x_wconf 85' lang='lat' dir='ltr'><strong>restitutione</strong></span> <span class='ocrx_word' id='word_1_106' title='bbox 334 1472 424 1539; x_wconf 88' lang='lat' dir='ltr'><strong>facta</strong></span> <span class='ocrx_word' id='word_1_107' title='bbox 447 1473 596 1538; x_wconf 84' lang='lat' dir='ltr'><strong>occultae</strong></span> <span class='ocrx_word' id='word_1_108' title='bbox 620 1472 895 1555; x_wconf 86' lang='lat' dir='ltr'><strong>compensationis</strong></span> <span class='ocrx_word' id='word_1_109' title='bbox 919 1472 969 1536; x_wconf 92' lang='lat' dir='ltr'><strong>ius</strong></span> <span class='ocrx_word' id='word_1_110' title='bbox 992 1493 1103 1538; x_wconf 89' lang='lat' dir='ltr'><strong>secum</strong></span> <span class='ocrx_word' id='word_1_111' title='bbox 1126 1474 1248 1539; x_wconf 86' lang='lat' dir='ltr'><strong>trahet.</strong></span> 
     </span>
    </p>
   </div>
   <div class='ocr_carea' id='block_1_4' title="bbox 100 1604 1494 2315">
    <p class='ocr_par' dir='ltr' id='par_1_4' title="bbox 100 1604 1494 2315">
     <span class='ocr_line' id='line_1_14' title="bbox 190 1604 1494 1688; baseline 0.002 -18"><span class='ocrx_word' id='word_1_112' title='bbox 190 1606 245 1670; x_wconf 84' lang='lat' dir='ltr'><strong>An</strong></span> <span class='ocrx_word' id='word_1_113' title='bbox 268 1626 460 1681; x_wconf 73' lang='lat' dir='ltr'><strong>ouansmuu</strong></span> <span class='ocrx_word' id='word_1_114' title='bbox 483 1608 522 1669; x_wconf 76' lang='lat'><strong>4¹²</strong></span> <span class='ocrx_word' id='word_1_115' title='bbox 546 1605 584 1670; x_wconf 86' lang='lat' dir='ltr'><strong>R.</strong></span> <span class='ocrx_word' id='word_1_116' title='bbox 612 1608 639 1672; x_wconf 90' lang='lat'><strong>1.</strong></span> <span class='ocrx_word' id='word_1_117' title='bbox 685 1605 721 1669; x_wconf 91' lang='lat' dir='ltr'><strong>In</strong></span> <span class='ocrx_word' id='word_1_118' title='bbox 745 1605 862 1671; x_wconf 89' lang='lat' dir='ltr'><strong>ultima</strong></span> <span class='ocrx_word' id='word_1_119' title='bbox 884 1605 1107 1688; x_wconf 88' lang='lat' dir='ltr'><strong>suppositione</strong></span> <span class='ocrx_word' id='word_1_120' title='bbox 1130 1604 1338 1669; x_wconf 91' lang='lat' dir='ltr'><strong>nihilominus</strong></span> <span class='ocrx_word' id='word_1_121' title='bbox 1361 1607 1494 1672; x_wconf 70' lang='lat' dir='ltr'><strong>tumere</strong></span> 
     </span>
     <span class='ocr_line' id='line_1_15' title="bbox 100 1693 1432 1780; baseline -0.002 -19"><span class='ocrx_word' id='word_1_122' title='bbox 100 1699 257 1780; x_wconf 88' lang='lat' dir='ltr'><strong>parentes</strong></span> <span class='ocrx_word' id='word_1_123' title='bbox 280 1699 351 1760; x_wconf 93' lang='lat' dir='ltr'><strong>tum</strong></span> <span class='ocrx_word' id='word_1_124' title='bbox 367 1694 474 1762; x_wconf 90' lang='lat' dir='ltr'><strong>Iovita</strong></span> <span class='ocrx_word' id='word_1_125' title='bbox 497 1694 584 1758; x_wconf 84' lang='lat' dir='ltr'><strong>male</strong></span> <span class='ocrx_word' id='word_1_126' title='bbox 608 1693 763 1776; x_wconf 88' lang='lat' dir='ltr'><strong>egissent,</strong></span> <span class='ocrx_word' id='word_1_127' title='bbox 788 1695 954 1777; x_wconf 87' lang='lat' dir='ltr'><strong>sponsalia</strong></span> <span class='ocrx_word' id='word_1_128' title='bbox 970 1693 1040 1758; x_wconf 90' lang='lat' dir='ltr'><strong>sive</strong></span> <span class='ocrx_word' id='word_1_129' title='bbox 1054 1693 1196 1759; x_wconf 90' lang='lat' dir='ltr'><strong>ineundo</strong></span> <span class='ocrx_word' id='word_1_130' title='bbox 1219 1694 1289 1758; x_wconf 92' lang='lat' dir='ltr'><strong>sive</strong></span> <span class='ocrx_word' id='word_1_131' title='bbox 1313 1714 1432 1777; x_wconf 88' lang='lat' dir='ltr'><strong>appro-</strong></span> 
     </span>
     <span class='ocr_line' id='line_1_16' title="bbox 101 1783 1431 1866; baseline -0.002 -16"><span class='ocrx_word' id='word_1_132' title='bbox 101 1784 222 1850; x_wconf 89' lang='lat' dir='ltr'><strong>bando.</strong></span> <span class='ocrx_word' id='word_1_133' title='bbox 269 1783 390 1860; x_wconf 85' lang='lat' dir='ltr'><strong>Quodsi</strong></span> <span class='ocrx_word' id='word_1_134' title='bbox 414 1785 486 1849; x_wconf 90' lang='lat' dir='ltr'><strong>sola</strong></span> <span class='ocrx_word' id='word_1_135' title='bbox 509 1783 617 1848; x_wconf 89' lang='lat' dir='ltr'><strong>Iovita</strong></span> <span class='ocrx_word' id='word_1_136' title='bbox 640 1783 861 1848; x_wconf 84' lang='lat' dir='ltr'><strong>condicionem</strong></span> <span class='ocrx_word' id='word_1_137' title='bbox 886 1783 1033 1860; x_wconf 90' lang='lat' dir='ltr'><strong>noverit,</strong></span> <span class='ocrx_word' id='word_1_138' title='bbox 1059 1787 1213 1866; x_wconf 89' lang='lat' dir='ltr'><strong>parentes</strong></span> <span class='ocrx_word' id='word_1_139' title='bbox 1236 1788 1353 1866; x_wconf 87' lang='lat' dir='ltr'><strong>postea</strong></span> <span class='ocrx_word' id='word_1_140' title='bbox 1376 1783 1431 1847; x_wconf 92' lang='lat' dir='ltr'><strong>de·</strong></span> 
     </span>
     <span class='ocr_line' id='line_1_17' title="bbox 102 1871 1432 1955; baseline -0.003 -15"><span class='ocrx_word' id='word_1_141' title='bbox 102 1895 192 1940; x_wconf 91' lang='lat' dir='ltr'><strong>mum</strong></span> <span class='ocrx_word' id='word_1_142' title='bbox 216 1876 417 1955; x_wconf 86' lang='lat' dir='ltr'><strong>cognoscant</strong></span> <span class='ocrx_word' id='word_1_143' title='bbox 448 1877 548 1954; x_wconf 87' lang='lat' dir='ltr'><strong>atque</strong></span> <span class='ocrx_word' id='word_1_144' title='bbox 570 1893 607 1936; x_wconf 89' lang='lat' dir='ltr'><strong>re</strong></span> <span class='ocrx_word' id='word_1_145' title='bbox 631 1871 764 1953; x_wconf 89' lang='lat' dir='ltr'><strong>cognita</strong></span> <span class='ocrx_word' id='word_1_146' title='bbox 794 1872 1039 1949; x_wconf 88' lang='lat' dir='ltr'><strong>contradicant,</strong></span> <span class='ocrx_word' id='word_1_147' title='bbox 1072 1872 1123 1937; x_wconf 94' lang='lat' dir='ltr'><strong>hic</strong></span> <span class='ocrx_word' id='word_1_148' title='bbox 1147 1871 1236 1936; x_wconf 89' lang='lat' dir='ltr'><strong>solus</strong></span> <span class='ocrx_word' id='word_1_149' title='bbox 1260 1876 1432 1954; x_wconf 90' lang='lat' dir='ltr'><strong>parentum</strong></span> 
     </span>
     <span class='ocr_line' id='line_1_18' title="bbox 101 1960 1433 2045; baseline -0.002 -17"><span class='ocrx_word' id='word_1_150' title='bbox 101 1963 271 2028; x_wconf 87' lang='lat' dir='ltr'><strong>dissensus</strong></span> <span class='ocrx_word' id='word_1_151' title='bbox 295 1962 422 2028; x_wconf 89' lang='lat' dir='ltr'><strong>lovitae</strong></span> <span class='ocrx_word' id='word_1_152' title='bbox 448 1982 548 2026; x_wconf 87' lang='lat' dir='ltr'><strong>causa</strong></span> <span class='ocrx_word' id='word_1_153' title='bbox 573 1965 624 2027; x_wconf 89' lang='lat' dir='ltr'><strong>est</strong></span> <span class='ocrx_word' id='word_1_154' title='bbox 649 1982 669 2025; x_wconf 91' lang='lat' dir='ltr'><strong>a</strong></span> <span class='ocrx_word' id='word_1_155' title='bbox 694 1961 900 2045; x_wconf 86' lang='lat' dir='ltr'><strong>sponsalibus</strong></span> <span class='ocrx_word' id='word_1_156' title='bbox 924 1960 1106 2026; x_wconf 87' lang='lat' dir='ltr'><strong>recedendi.</strong></span> <span class='ocrx_word' id='word_1_157' title='bbox 1145 1961 1255 2043; x_wconf 86' lang='lat' dir='ltr'><strong>Atque</strong></span> <span class='ocrx_word' id='word_1_158' title='bbox 1281 1960 1380 2025; x_wconf 84' lang='lat' dir='ltr'><strong>etiam</strong></span> <span class='ocrx_word' id='word_1_159' title='bbox 1405 1960 1433 2025; x_wconf 90' lang='lat' dir='ltr'><strong>si</strong></span> 
     </span>
     <span class='ocr_line' id='line_1_19' title="bbox 102 2049 1433 2132; baseline -0.004 -14"><span class='ocrx_word' id='word_1_160' title='bbox 102 2073 216 2118; x_wconf 88' lang='lat' dir='ltr'><strong>omnes</strong></span> <span class='ocrx_word' id='word_1_161' title='bbox 239 2072 309 2116; x_wconf 91' lang='lat' dir='ltr'><strong>rem</strong></span> <span class='ocrx_word' id='word_1_162' title='bbox 333 2056 432 2117; x_wconf 90' lang='lat' dir='ltr'><strong>antea</strong></span> <span class='ocrx_word' id='word_1_163' title='bbox 455 2050 685 2132; x_wconf 87' lang='lat' dir='ltr'><strong>cognoverint,</strong></span> <span class='ocrx_word' id='word_1_164' title='bbox 717 2050 959 2117; x_wconf 88' lang='lat' dir='ltr'><strong>matrimonium</strong></span> <span class='ocrx_word' id='word_1_165' title='bbox 990 2049 1265 2115; x_wconf 90' lang='lat' dir='ltr'><strong>nihilominus-</strong></span> <span class='ocrx_word' id='word_1_166' title='bbox 1293 2049 1354 2113; x_wconf 89' lang='lat' dir='ltr'><strong>nisi</strong></span> <span class='ocrx_word' id='word_1_167' title='bbox 1378 2070 1433 2114; x_wconf 85' lang='lat' dir='ltr'><strong>ac·</strong></span> 
     </span>
     <span class='ocr_line' id='line_1_20' title="bbox 103 2137 1432 2222; baseline -0.003 -15"><span class='ocrx_word' id='word_1_168' title='bbox 103 2141 421 2222; x_wconf 85' lang='lat' dir='ltr'><strong>cedatgravissima</strong></span> <span class='ocrx_word' id='word_1_169' title='bbox 444 2160 545 2205; x_wconf 88' lang='lat' dir='ltr'><strong>causa</strong></span> <span class='ocrx_word' id='word_1_170' title='bbox 568 2160 797 2205; x_wconf 90' lang='lat' dir='ltr'><strong>excusans-</strong></span> <span class='ocrx_word' id='word_1_171' title='bbox 821 2140 943 2205; x_wconf 89' lang='lat' dir='ltr'><strong>malum</strong></span> <span class='ocrx_word' id='word_1_172' title='bbox 968 2145 1095 2218; x_wconf 88' lang='lat' dir='ltr'><strong>manet,</strong></span> <span class='ocrx_word' id='word_1_173' title='bbox 1126 2160 1231 2221; x_wconf 91' lang='lat' dir='ltr'><strong>neque</strong></span> <span class='ocrx_word' id='word_1_174' title='bbox 1261 2137 1432 2222; x_wconf 88' lang='lat' dir='ltr'><strong>promissio</strong></span> 
     </span>
     <span class='ocr_line' id='line_1_21' title="bbox 101 2229 457 2315; baseline -0.003 -19"><span class='ocrx_word' id='word_1_175' title='bbox 101 2229 299 2315; x_wconf 90' lang='lat' dir='ltr'><strong>sponsalitia</strong></span> <span class='ocrx_word' id='word_1_176' title='bbox 322 2229 457 2311; x_wconf 88' lang='lat' dir='ltr'><strong>obligat.</strong></span> 
     </span>
    </p>
   </div>
   <div class='ocr_carea' id='block_1_5' title="bbox 102 2342 1436 3124">
    <p class='ocr_par' dir='ltr' id='par_1_5' title="bbox 102 2342 1436 3124">
     <span class='ocr_line' id='line_1_22' title="bbox 193 2342 1433 2427; baseline 0 -20"><span class='ocrx_word' id='word_1_177' title='bbox 193 2343 232 2408; x_wconf 83' lang='lat' dir='ltr'><strong>R.</strong></span> <span class='ocrx_word' id='word_1_178' title='bbox 258 2347 288 2410; x_wconf 83' lang='lat'><strong>2.</strong></span> <span class='ocrx_word' id='word_1_179' title='bbox 334 2343 457 2409; x_wconf 90' lang='lat' dir='ltr'><strong>Verum</strong></span> <span class='ocrx_word' id='word_1_180' title='bbox 480 2343 560 2408; x_wconf 92' lang='lat' dir='ltr'><strong>illud</strong></span> <span class='ocrx_word' id='word_1_181' title='bbox 585 2343 757 2408; x_wconf 88' lang='lat' dir='ltr'><strong>discrimen</strong></span> <span class='ocrx_word' id='word_1_182' title='bbox 781 2343 992 2409; x_wconf 89' lang='lat' dir='ltr'><strong>statuendum</strong></span> <span class='ocrx_word' id='word_1_183' title='bbox 1017 2349 1084 2410; x_wconf 90' lang='lat' dir='ltr'><strong>est:</strong></span> <span class='ocrx_word' id='word_1_184' title='bbox 1118 2343 1145 2408; x_wconf 90' lang='lat' dir='ltr'><strong>si</strong></span> <span class='ocrx_word' id='word_1_185' title='bbox 1170 2342 1336 2427; x_wconf 87' lang='lat' dir='ltr'><strong>sponsalia</strong></span> <span class='ocrx_word' id='word_1_186' title='bbox 1360 2363 1433 2407; x_wconf 92' lang='lat' dir='ltr'><strong>cum</strong></span> 
     </span>
     <span class='ocr_line' id='line_1_23' title="bbox 102 2431 1432 2516; baseline -0.002 -17"><span class='ocrx_word' id='word_1_187' title='bbox 102 2432 292 2515; x_wconf 86' lang='lat' dir='ltr'><strong>cognitione</strong></span> <span class='ocrx_word' id='word_1_188' title='bbox 316 2433 450 2498; x_wconf 90' lang='lat' dir='ltr'><strong>moralis</strong></span> <span class='ocrx_word' id='word_1_189' title='bbox 474 2432 672 2498; x_wconf 90' lang='lat' dir='ltr'><strong>condicionis</strong></span> <span class='ocrx_word' id='word_1_190' title='bbox 688 2432 798 2516; x_wconf 88' lang='lat' dir='ltr'><strong>sponsi</strong></span> <span class='ocrx_word' id='word_1_191' title='bbox 815 2432 896 2498; x_wconf 88' lang='lat' dir='ltr'><strong>inita</strong></span> <span class='ocrx_word' id='word_1_192' title='bbox 913 2438 999 2509; x_wconf 90' lang='lat' dir='ltr'><strong>sunt,</strong></span> <span class='ocrx_word' id='word_1_193' title='bbox 1024 2432 1074 2497; x_wconf 88' lang='lat' dir='ltr'><strong>ius</strong></span> <span class='ocrx_word' id='word_1_194' title='bbox 1091 2432 1263 2498; x_wconf 87' lang='lat' dir='ltr'><strong>recedendi</strong></span> <span class='ocrx_word' id='word_1_195' title='bbox 1279 2453 1341 2496; x_wconf 92' lang='lat' dir='ltr'><strong>non</strong></span> <span class='ocrx_word' id='word_1_196' title='bbox 1360 2431 1432 2510; x_wconf 89' lang='lat' dir='ltr'><strong>erit,</strong></span> 
     </span>
     <span class='ocr_line' id='line_1_24' title="bbox 102 2521 1434 2606; baseline -0.002 -18"><span class='ocrx_word' id='word_1_197' title='bbox 102 2522 132 2588; x_wconf 87' lang='lat' dir='ltr'><strong>si</strong></span> <span class='ocrx_word' id='word_1_198' title='bbox 153 2522 240 2588; x_wconf 86' lang='lat' dir='ltr'><strong>forte</strong></span> <span class='ocrx_word' id='word_1_199' title='bbox 257 2522 409 2587; x_wconf 84' lang='lat' dir='ltr'><strong>Claudius</strong></span> <span class='ocrx_word' id='word_1_200' title='bbox 425 2543 532 2587; x_wconf 90' lang='lat' dir='ltr'><strong>mores</strong></span> <span class='ocrx_word' id='word_1_201' title='bbox 548 2523 728 2588; x_wconf 87' lang='lat' dir='ltr'><strong>mutaverit</strong></span> <span class='ocrx_word' id='word_1_202' title='bbox 744 2526 843 2604; x_wconf 92' lang='lat' dir='ltr'><strong>atque</strong></span> <span class='ocrx_word' id='word_1_203' title='bbox 860 2522 978 2586; x_wconf 88' lang='lat' dir='ltr'><strong>serium</strong></span> <span class='ocrx_word' id='word_1_204' title='bbox 996 2522 1197 2606; x_wconf 86' lang='lat' dir='ltr'><strong>propositum</strong></span> <span class='ocrx_word' id='word_1_205' title='bbox 1215 2521 1304 2587; x_wconf 89' lang='lat' dir='ltr'><strong>vitue</strong></span> <span class='ocrx_word' id='word_1_206' title='bbox 1320 2522 1434 2586; x_wconf 88' lang='lat' dir='ltr'><strong>catho-</strong></span> 
     </span>
     <span class='ocr_line' id='line_1_25' title="bbox 103 2610 1435 2694; baseline -0.002 -17"><span class='ocrx_word' id='word_1_207' title='bbox 103 2612 189 2677; x_wconf 91' lang='lat' dir='ltr'><strong>licae</strong></span> <span class='ocrx_word' id='word_1_208' title='bbox 213 2611 380 2676; x_wconf 90' lang='lat' dir='ltr'><strong>ducendae</strong></span> <span class='ocrx_word' id='word_1_209' title='bbox 404 2611 594 2677; x_wconf 88' lang='lat' dir='ltr'><strong>ostenderit.</strong></span> <span class='ocrx_word' id='word_1_210' title='bbox 627 2611 698 2677; x_wconf 82' lang='lat' dir='ltr'><strong>Etsi</strong></span> <span class='ocrx_word' id='word_1_211' title='bbox 723 2611 807 2676; x_wconf 92' lang='lat' dir='ltr'><strong>euim</strong></span> <span class='ocrx_word' id='word_1_212' title='bbox 832 2632 931 2694; x_wconf 88' lang='lat' dir='ltr'><strong>supra</strong></span> <span class='ocrx_word' id='word_1_213' title='bbox 950 2611 1087 2676; x_wconf 83' lang='lat' dir='ltr'><strong>dixerim</strong></span> <span class='ocrx_word' id='word_1_214' title='bbox 1111 2611 1196 2676; x_wconf 88' lang='lat' dir='ltr'><strong>hanc</strong></span> <span class='ocrx_word' id='word_1_215' title='bbox 1220 2610 1435 2676; x_wconf 89' lang='lat' dir='ltr'><strong>mutationem</strong></span> 
     </span>
     <span class='ocr_line' id='line_1_26' title="bbox 104 2699 1436 2784; baseline -0.002 -18"><span class='ocrx_word' id='word_1_216' title='bbox 104 2721 170 2766; x_wconf 91' lang='lat' dir='ltr'><strong>non</strong></span> <span class='ocrx_word' id='word_1_217' title='bbox 194 2699 317 2766; x_wconf 85' lang='lat' dir='ltr'><strong>inferre</strong></span> <span class='ocrx_word' id='word_1_218' title='bbox 340 2700 574 2783; x_wconf 90' lang='lat' dir='ltr'><strong>obligationem</strong></span> <span class='ocrx_word' id='word_1_219' title='bbox 598 2699 707 2766; x_wconf 90' lang='lat' dir='ltr'><strong>standi</strong></span> <span class='ocrx_word' id='word_1_220' title='bbox 731 2700 954 2784; x_wconf 88' lang='lat' dir='ltr'><strong>sponsalibus,</strong></span> <span class='ocrx_word' id='word_1_221' title='bbox 987 2721 1025 2765; x_wconf 91' lang='lat' dir='ltr'><strong>eo</strong></span> <span class='ocrx_word' id='word_1_222' title='bbox 1050 2700 1136 2782; x_wconf 89' lang='lat' dir='ltr'><strong>quod</strong></span> <span class='ocrx_word' id='word_1_223' title='bbox 1160 2700 1230 2765; x_wconf 88' lang='lat' dir='ltr'><strong>vita</strong></span> <span class='ocrx_word' id='word_1_224' title='bbox 1254 2699 1436 2783; x_wconf 82' lang='lat' dir='ltr'><strong>praeterita</strong></span> 
     </span>
     <span class='ocr_line' id='line_1_27' title="bbox 103 2788 1435 2866; baseline -0.003 -11"><span class='ocrx_word' id='word_1_225' title='bbox 103 2791 239 2855; x_wconf 88' lang='lat' dir='ltr'><strong>detecta</strong></span> <span class='ocrx_word' id='word_1_226' title='bbox 262 2788 428 2855; x_wconf 85' lang='lat' dir='ltr'><strong>sufficiens</strong></span> <span class='ocrx_word' id='word_1_227' title='bbox 451 2790 536 2855; x_wconf 92' lang='lat' dir='ltr'><strong>ratio</strong></span> <span class='ocrx_word' id='word_1_228' title='bbox 560 2789 733 2854; x_wconf 89' lang='lat' dir='ltr'><strong>recedendi</strong></span> <span class='ocrx_word' id='word_1_229' title='bbox 757 2789 801 2855; x_wconf 92' lang='lat' dir='ltr'><strong>sit</strong></span> <span class='ocrx_word' id='word_1_230' title='bbox 824 2794 859 2855; x_wconf 88' lang='lat' dir='ltr'><strong>et</strong></span> <span class='ocrx_word' id='word_1_231' title='bbox 882 2793 1030 2866; x_wconf 88' lang='lat' dir='ltr'><strong>maneat,</strong></span> <span class='ocrx_word' id='word_1_232' title='bbox 1062 2790 1094 2854; x_wconf 93' lang='lat' dir='ltr'><strong>in</strong></span> <span class='ocrx_word' id='word_1_233' title='bbox 1119 2795 1232 2855; x_wconf 88' lang='lat' dir='ltr'><strong>nostro</strong></span> <span class='ocrx_word' id='word_1_234' title='bbox 1256 2810 1334 2853; x_wconf 88' lang='lat' dir='ltr'><strong>casu</strong></span> <span class='ocrx_word' id='word_1_235' title='bbox 1358 2788 1435 2854; x_wconf 90' lang='lat' dir='ltr'><strong>talis</strong></span> 
     </span>
     <span class='ocr_line' id='line_1_28' title="bbox 104 2876 1435 2961; baseline -0.003 -17"><span class='ocrx_word' id='word_1_236' title='bbox 104 2900 234 2945; x_wconf 90' lang='lat' dir='ltr'><strong>morum</strong></span> <span class='ocrx_word' id='word_1_237' title='bbox 266 2879 405 2946; x_wconf 91' lang='lat' dir='ltr'><strong>mutatio</strong></span> <span class='ocrx_word' id='word_1_238' title='bbox 436 2878 671 2960; x_wconf 89' lang='lat' dir='ltr'><strong>obligationem</strong></span> <span class='ocrx_word' id='word_1_239' title='bbox 700 2878 785 2944; x_wconf 86' lang='lat' dir='ltr'><strong>hane</strong></span> <span class='ocrx_word' id='word_1_240' title='bbox 814 2878 931 2956; x_wconf 91' lang='lat' dir='ltr'><strong>infert,</strong></span> <span class='ocrx_word' id='word_1_241' title='bbox 964 2878 1040 2961; x_wconf 92' lang='lat' dir='ltr'><strong>quia</strong></span> <span class='ocrx_word' id='word_1_242' title='bbox 1072 2899 1114 2943; x_wconf 85' lang='lat' dir='ltr'><strong>ex</strong></span> <span class='ocrx_word' id='word_1_243' title='bbox 1144 2877 1332 2961; x_wconf 86' lang='lat' dir='ltr'><strong>praeteritis</strong></span> <span class='ocrx_word' id='word_1_244' title='bbox 1356 2876 1435 2941; x_wconf 90' lang='lat' dir='ltr'><strong>nihil</strong></span> 
     </span>
     <span class='ocr_line' id='line_1_29' title="bbox 105 2967 1436 3050; baseline -0.003 -17"><span class='ocrx_word' id='word_1_245' title='bbox 105 2968 188 3035; x_wconf 88' lang='lat' dir='ltr'><strong>iuris</strong></span> <span class='ocrx_word' id='word_1_246' title='bbox 219 2968 328 3050; x_wconf 85' lang='lat' dir='ltr'><strong>colligi</strong></span> <span class='ocrx_word' id='word_1_247' title='bbox 358 2967 487 3045; x_wconf 88' lang='lat' dir='ltr'><strong>licebit,</strong></span> <span class='ocrx_word' id='word_1_248' title='bbox 519 2967 575 3032; x_wconf 89' lang='lat' dir='ltr'><strong>sed</strong></span> <span class='ocrx_word' id='word_1_249' title='bbox 607 2967 809 3032; x_wconf 92' lang='lat' dir='ltr'><strong>solummodo</strong></span> <span class='ocrx_word' id='word_1_250' title='bbox 840 2988 883 3032; x_wconf 83' lang='lat' dir='ltr'><strong>ex</strong></span> <span class='ocrx_word' id='word_1_251' title='bbox 913 2967 1008 3031; x_wconf 91' lang='lat' dir='ltr'><strong>malis</strong></span> <span class='ocrx_word' id='word_1_252' title='bbox 1041 2967 1177 3043; x_wconf 82' lang='lat' dir='ltr'><strong>futuris,</strong></span> <span class='ocrx_word' id='word_1_253' title='bbox 1210 2967 1326 3048; x_wconf 87' lang='lat' dir='ltr'><strong>quibus</strong></span> <span class='ocrx_word' id='word_1_254' title='bbox 1357 2970 1436 3030; x_wconf 90' lang='lat' dir='ltr'><strong>tunc</strong></span> 
     </span>
     <span class='ocr_line' id='line_1_30' title="bbox 105 3057 335 3124; baseline 0 -1"><span class='ocrx_word' id='word_1_255' title='bbox 105 3062 240 3124; x_wconf 89' lang='lat' dir='ltr'><strong>cautum</strong></span> <span class='ocrx_word' id='word_1_256' title='bbox 263 3057 335 3123; x_wconf 91' lang='lat' dir='ltr'><strong>erit.</strong></span> 
     </span>
    </p>
   </div>
   <div class='ocr_carea' id='block_1_6' title="bbox 105 3169 1438 3880">
    <p class='ocr_par' dir='ltr' id='par_1_6' title="bbox 105 3169 1438 3880">
     <span class='ocr_line' id='line_1_31' title="bbox 196 3169 1435 3258; baseline -0.002 -20"><span class='ocrx_word' id='word_1_257' title='bbox 196 3172 235 3238; x_wconf 86' lang='lat' dir='ltr'><strong>R.</strong></span> <span class='ocrx_word' id='word_1_258' title='bbox 262 3175 291 3239; x_wconf 91' lang='lat'><strong>3.</strong></span> <span class='ocrx_word' id='word_1_259' title='bbox 323 3173 426 3237; x_wconf 92' lang='lat' dir='ltr'><strong>Immo</strong></span> <span class='ocrx_word' id='word_1_260' title='bbox 450 3172 478 3237; x_wconf 91' lang='lat' dir='ltr'><strong>si</strong></span> <span class='ocrx_word' id='word_1_261' title='bbox 501 3172 534 3236; x_wconf 90' lang='lat' dir='ltr'><strong>in</strong></span> <span class='ocrx_word' id='word_1_262' title='bbox 557 3172 732 3256; x_wconf 87' lang='lat' dir='ltr'><strong>hypothesi</strong></span> <span class='ocrx_word' id='word_1_263' title='bbox 758 3175 901 3252; x_wconf 79' lang='lat' dir='ltr'><strong>Quaesiti</strong></span> <span class='ocrx_word' id='word_1_264' title='bbox 924 3174 1032 3258; x_wconf 79' lang='lat' dir='ltr'><strong>quarti</strong></span> <span class='ocrx_word' id='word_1_265' title='bbox 1055 3171 1208 3237; x_wconf 81' lang='lat' dir='ltr'><strong>Claudius</strong></span> <span class='ocrx_word' id='word_1_266' title='bbox 1232 3169 1435 3235; x_wconf 86' lang='lat' dir='ltr'><strong>solummodo</strong></span> 
     </span>
     <span class='ocr_line' id='line_1_32' title="bbox 105 3258 1437 3344; baseline -0.003 -16"><span class='ocrx_word' id='word_1_267' title='bbox 105 3262 294 3329; x_wconf 88' lang='lat' dir='ltr'><strong>cautionem</strong></span> <span class='ocrx_word' id='word_1_268' title='bbox 318 3262 413 3327; x_wconf 86' lang='lat' dir='ltr'><strong>daret</strong></span> <span class='ocrx_word' id='word_1_269' title='bbox 436 3260 618 3326; x_wconf 89' lang='lat' dir='ltr'><strong>catholicae</strong></span> <span class='ocrx_word' id='word_1_270' title='bbox 642 3260 773 3326; x_wconf 88' lang='lat' dir='ltr'><strong>futurae</strong></span> <span class='ocrx_word' id='word_1_271' title='bbox 797 3261 897 3344; x_wconf 90' lang='lat' dir='ltr'><strong>prolis</strong></span> <span class='ocrx_word' id='word_1_272' title='bbox 921 3260 1122 3326; x_wconf 87' lang='lat' dir='ltr'><strong>educationis</strong></span> <span class='ocrx_word' id='word_1_273' title='bbox 1146 3264 1246 3340; x_wconf 91' lang='lat' dir='ltr'><strong>atque</strong></span> <span class='ocrx_word' id='word_1_274' title='bbox 1269 3258 1437 3342; x_wconf 88' lang='lat' dir='ltr'><strong>religionis</strong></span> 
     </span>
     <span class='ocr_line' id='line_1_33' title="bbox 107 3348 1437 3433; baseline -0.005 -15"><span class='ocrx_word' id='word_1_275' title='bbox 107 3351 259 3418; x_wconf 83' lang='lat' dir='ltr'><strong>exercitii</strong></span> <span class='ocrx_word' id='word_1_276' title='bbox 282 3350 316 3415; x_wconf 90' lang='lat' dir='ltr'><strong>iu</strong></span> <span class='ocrx_word' id='word_1_277' title='bbox 339 3370 443 3416; x_wconf 85' lang='lat' dir='ltr'><strong>uxore</strong></span> <span class='ocrx_word' id='word_1_278' title='bbox 467 3351 654 3416; x_wconf 88' lang='lat' dir='ltr'><strong>nullatenus</strong></span> <span class='ocrx_word' id='word_1_279' title='bbox 678 3349 890 3433; x_wconf 89' lang='lat' dir='ltr'><strong>impediendi:</strong></span> <span class='ocrx_word' id='word_1_280' title='bbox 921 3349 979 3415; x_wconf 88' lang='lat' dir='ltr'><strong>vix</strong></span> <span class='ocrx_word' id='word_1_281' title='bbox 1003 3349 1110 3414; x_wconf 87' lang='lat' dir='ltr'><strong>recedi</strong></span> <span class='ocrx_word' id='word_1_282' title='bbox 1133 3348 1256 3433; x_wconf 88' lang='lat' dir='ltr'><strong>poterit</strong></span> <span class='ocrx_word' id='word_1_283' title='bbox 1279 3370 1299 3413; x_wconf 90' lang='lat' dir='ltr'><strong>a</strong></span> <span class='ocrx_word' id='word_1_284' title='bbox 1322 3349 1437 3414; x_wconf 90' lang='lat' dir='ltr'><strong>matri·</strong></span> 
     </span>
     <span class='ocr_line' id='line_1_34' title="bbox 106 3438 1436 3523; baseline -0.003 -17"><span class='ocrx_word' id='word_1_285' title='bbox 106 3440 217 3507; x_wconf 92' lang='lat' dir='ltr'><strong>monio</strong></span> <span class='ocrx_word' id='word_1_286' title='bbox 240 3440 310 3505; x_wconf 89' lang='lat' dir='ltr'><strong>sine</strong></span> <span class='ocrx_word' id='word_1_287' title='bbox 334 3439 444 3504; x_wconf 91' lang='lat' dir='ltr'><strong>damni</strong></span> <span class='ocrx_word' id='word_1_288' title='bbox 467 3444 602 3523; x_wconf 90' lang='lat' dir='ltr'><strong>propter</strong></span> <span class='ocrx_word' id='word_1_289' title='bbox 626 3460 789 3522; x_wconf 82' lang='lat' dir='ltr'><strong>expensas</strong></span> <span class='ocrx_word' id='word_1_290' title='bbox 813 3438 920 3505; x_wconf 86' lang='lat' dir='ltr'><strong>exorti</strong></span> <span class='ocrx_word' id='word_1_291' title='bbox 945 3438 1163 3522; x_wconf 88' lang='lat' dir='ltr'><strong>reparatione.</strong></span> <span class='ocrx_word' id='word_1_292' title='bbox 1196 3438 1355 3504; x_wconf 76' lang='lat' dir='ltr'><strong>Attamen</strong></span> <span class='ocrx_word' id='word_1_293' title='bbox 1379 3438 1436 3503; x_wconf 88' lang='lat' dir='ltr'><strong>ab·</strong></span> 
     </span>
     <span class='ocr_line' id='line_1_35' title="bbox 106 3527 1436 3612; baseline -0.003 -17"><span class='ocrx_word' id='word_1_294' title='bbox 106 3531 251 3596; x_wconf 87' lang='lat' dir='ltr'><strong>solutam</strong></span> <span class='ocrx_word' id='word_1_295' title='bbox 275 3529 472 3594; x_wconf 90' lang='lat' dir='ltr'><strong>matrimonii</strong></span> <span class='ocrx_word' id='word_1_296' title='bbox 497 3528 729 3612; x_wconf 87' lang='lat' dir='ltr'><strong>obligationem</strong></span> <span class='ocrx_word' id='word_1_297' title='bbox 747 3549 787 3592; x_wconf 90' lang='lat' dir='ltr'><strong>ne</strong></span> <span class='ocrx_word' id='word_1_298' title='bbox 811 3533 880 3593; x_wconf 91' lang='lat' dir='ltr'><strong>tum</strong></span> <span class='ocrx_word' id='word_1_299' title='bbox 905 3528 1034 3611; x_wconf 91' lang='lat' dir='ltr'><strong>quidem</strong></span> <span class='ocrx_word' id='word_1_300' title='bbox 1060 3548 1159 3593; x_wconf 88' lang='lat' dir='ltr'><strong>ausus</strong></span> <span class='ocrx_word' id='word_1_301' title='bbox 1176 3527 1236 3592; x_wconf 91' lang='lat' dir='ltr'><strong>sim</strong></span> <span class='ocrx_word' id='word_1_302' title='bbox 1253 3528 1436 3610; x_wconf 86' lang='lat' dir='ltr'><strong>imponere;</strong></span> 
     </span>
     <span class='ocr_line' id='line_1_36' title="bbox 106 3616 1437 3704; baseline -0.004 -19"><span class='ocrx_word' id='word_1_303' title='bbox 106 3619 218 3704; x_wconf 91' lang='lat' dir='ltr'><strong>potius</strong></span> <span class='ocrx_word' id='word_1_304' title='bbox 233 3619 405 3684; x_wconf 88' lang='lat' dir='ltr'><strong>suaderem</strong></span> <span class='ocrx_word' id='word_1_305' title='bbox 428 3622 465 3683; x_wconf 93' lang='lat' dir='ltr'><strong>ut</strong></span> <span class='ocrx_word' id='word_1_306' title='bbox 480 3617 688 3683; x_wconf 89' lang='lat' dir='ltr'><strong>nihilominus</strong></span> <span class='ocrx_word' id='word_1_307' title='bbox 703 3618 946 3683; x_wconf 88' lang='lat' dir='ltr'><strong>matrimonium</strong></span> <span class='ocrx_word' id='word_1_308' title='bbox 963 3617 1181 3695; x_wconf 88' lang='lat' dir='ltr'><strong>omitteretur,</strong></span> <span class='ocrx_word' id='word_1_309' title='bbox 1206 3616 1348 3681; x_wconf 87' lang='lat' dir='ltr'><strong>maxime</strong></span> <span class='ocrx_word' id='word_1_310' title='bbox 1365 3638 1437 3680; x_wconf 91' lang='lat' dir='ltr'><strong>cum</strong></span> 
     </span>
     <span class='ocr_line' id='line_1_37' title="bbox 107 3706 1438 3793; baseline -0.004 -19"><span class='ocrx_word' id='word_1_311' title='bbox 107 3707 268 3775; x_wconf 89' lang='lat' dir='ltr'><strong>eiusmodi</strong></span> <span class='ocrx_word' id='word_1_312' title='bbox 296 3707 457 3793; x_wconf 89' lang='lat' dir='ltr'><strong>promissa</strong></span> <span class='ocrx_word' id='word_1_313' title='bbox 480 3707 660 3791; x_wconf 88' lang='lat' dir='ltr'><strong>periculum</strong></span> <span class='ocrx_word' id='word_1_314' title='bbox 690 3706 887 3790; x_wconf 86' lang='lat' dir='ltr'><strong>impediendi</strong></span> <span class='ocrx_word' id='word_1_315' title='bbox 917 3707 1084 3789; x_wconf 87' lang='lat' dir='ltr'><strong>religionis</strong></span> <span class='ocrx_word' id='word_1_316' title='bbox 1115 3706 1262 3772; x_wconf 88' lang='lat' dir='ltr'><strong>exercitii</strong></span> <span class='ocrx_word' id='word_1_317' title='bbox 1293 3706 1438 3789; x_wconf 89' lang='lat' dir='ltr'><strong>prolisve</strong></span> 
     </span>
     <span class='ocr_line' id='line_1_38' title="bbox 107 3796 837 3880; baseline -0.004 -16"><span class='ocrx_word' id='word_1_318' title='bbox 107 3797 196 3864; x_wconf 91' lang='lat' dir='ltr'><strong>male</strong></span> <span class='ocrx_word' id='word_1_319' title='bbox 220 3797 408 3863; x_wconf 89' lang='lat' dir='ltr'><strong>educandae</strong></span> <span class='ocrx_word' id='word_1_320' title='bbox 432 3818 495 3861; x_wconf 92' lang='lat' dir='ltr'><strong>non</strong></span> <span class='ocrx_word' id='word_1_321' title='bbox 519 3796 649 3880; x_wconf 88' lang='lat' dir='ltr'><strong>penitus</strong></span> <span class='ocrx_word' id='word_1_322' title='bbox 674 3797 837 3862; x_wconf 87' lang='lat' dir='ltr'><strong>auferant.</strong></span> 
     </span>
    </p>
   </div>
   <div class='ocr_carea' id='block_1_7' title="bbox 529 4006 1029 4075">
    <p class='ocr_par' dir='ltr' id='par_1_7' title="bbox 529 4006 1029 4075">
     <span class='ocr_line' id='line_1_39' title="bbox 529 4006 1029 4075; baseline 0.004 -2"><span class='ocrx_word' id='word_1_323' title='bbox 529 4006 808 4074; x_wconf 83' lang='lat' dir='ltr'>SPONSALIUM</span> <span class='ocrx_word' id='word_1_324' title='bbox 832 4006 1029 4075; x_wconf 81' lang='lat' dir='ltr'><strong>SOLUTIO.</strong></span> 
     </span>
    </p>
   </div>
   <div class='ocr_carea' id='block_1_8' title="bbox 670 4181 878 4258">
    <p class='ocr_par' dir='ltr' id='par_1_8' title="bbox 670 4181 878 4258">
     <span class='ocr_line' id='line_1_40' title="bbox 670 4181 878 4258; baseline -0.034 -10"><span class='ocrx_word' id='word_1_325' title='bbox 670 4181 781 4248; x_wconf 73' lang='lat' dir='ltr'><strong>cesus.</strong></span> <span class='ocrx_word' id='word_1_326' title='bbox 801 4188 878 4258; x_wconf 78' lang='lat'>(246)</span> 
     </span>
    </p>
   </div>
   <div class='ocr_carea' id='block_1_9' title="bbox 107 4329 1441 4727">
    <p class='ocr_par' dir='ltr' id='par_1_9' title="bbox 107 4329 1441 4727">
     <span class='ocr_line' id='line_1_41' title="bbox 201 4329 1440 4408; baseline -0.004 -16"><span class='ocrx_word' id='word_1_327' title='bbox 201 4333 360 4392; x_wconf 86' lang='lat' dir='ltr'><strong>Tetradius</strong></span> <span class='ocrx_word' id='word_1_328' title='bbox 381 4331 536 4408; x_wconf 88' lang='lat' dir='ltr'><strong>sponsalia</strong></span> <span class='ocrx_word' id='word_1_329' title='bbox 558 4331 667 4390; x_wconf 91' lang='lat' dir='ltr'><strong>inierat</strong></span> <span class='ocrx_word' id='word_1_330' title='bbox 682 4352 747 4390; x_wconf 93' lang='lat' dir='ltr'><strong>cum</strong></span> <span class='ocrx_word' id='word_1_331' title='bbox 764 4333 865 4401; x_wconf 87' lang='lat' dir='ltr'><strong>Lucia,</strong></span> <span class='ocrx_word' id='word_1_332' title='bbox 888 4350 953 4389; x_wconf 91' lang='lat' dir='ltr'><strong>cum</strong></span> <span class='ocrx_word' id='word_1_333' title='bbox 968 4330 1075 4388; x_wconf 90' lang='lat' dir='ltr'><strong>Petrus</strong></span> <span class='ocrx_word' id='word_1_334' title='bbox 1090 4329 1221 4388; x_wconf 90' lang='lat' dir='ltr'><strong>medicus</strong></span> <span class='ocrx_word' id='word_1_335' title='bbox 1237 4330 1313 4406; x_wconf 89' lang='lat' dir='ltr'><strong>patri</strong></span> <span class='ocrx_word' id='word_1_336' title='bbox 1330 4330 1440 4388; x_wconf 84' lang='lat' dir='ltr'><strong>Lusias</strong></span> 
     </span>
     <span class='ocr_line' id='line_1_42' title="bbox 108 4409 1441 4487; baseline -0.004 -13"><span class='ocrx_word' id='word_1_337' title='bbox 108 4415 182 4474; x_wconf 90' lang='lat' dir='ltr'><strong>illud</strong></span> <span class='ocrx_word' id='word_1_338' title='bbox 204 4414 423 4472; x_wconf 87' lang='lat' dir='ltr'><strong>matrimonium</strong></span> <span class='ocrx_word' id='word_1_339' title='bbox 443 4413 624 4481; x_wconf 84' lang='lat' dir='ltr'><strong>dissuadeat,</strong></span> <span class='ocrx_word' id='word_1_340' title='bbox 647 4418 709 4470; x_wconf 91' lang='lat' dir='ltr'><strong>tum</strong></span> <span class='ocrx_word' id='word_1_341' title='bbox 725 4412 800 4487; x_wconf 92' lang='lat' dir='ltr'><strong>quod</strong></span> <span class='ocrx_word' id='word_1_342' title='bbox 816 4412 934 4480; x_wconf 83' lang='lat' dir='ltr'><strong>Lusias,</strong></span> <span class='ocrx_word' id='word_1_343' title='bbox 957 4410 1071 4468; x_wconf 88' lang='lat' dir='ltr'><strong>viribus</strong></span> <span class='ocrx_word' id='word_1_344' title='bbox 1094 4409 1244 4479; x_wconf 91' lang='lat' dir='ltr'><strong>debiliori,</strong></span> <span class='ocrx_word' id='word_1_345' title='bbox 1268 4411 1441 4469; x_wconf 86' lang='lat' dir='ltr'><strong>conveniret</strong></span> 
     </span>
     <span class='ocr_line' id='line_1_43' title="bbox 108 4490 1440 4573; baseline -0.004 -19"><span class='ocrx_word' id='word_1_346' title='bbox 108 4515 164 4573; x_wconf 89' lang='lat' dir='ltr'><strong>per</strong></span> <span class='ocrx_word' id='word_1_347' title='bbox 185 4494 298 4570; x_wconf 88' lang='lat' dir='ltr'><strong>aliquot</strong></span> <span class='ocrx_word' id='word_1_348' title='bbox 320 4512 413 4552; x_wconf 89' lang='lat' dir='ltr'><strong>annos</strong></span> <span class='ocrx_word' id='word_1_349' title='bbox 435 4493 594 4567; x_wconf 89' lang='lat' dir='ltr'><strong>ampliores</strong></span> <span class='ocrx_word' id='word_1_350' title='bbox 616 4493 696 4551; x_wconf 86' lang='lat' dir='ltr'><strong>vires</strong></span> <span class='ocrx_word' id='word_1_351' title='bbox 718 4511 844 4561; x_wconf 90' lang='lat' dir='ltr'><strong>sumere,</strong></span> <span class='ocrx_word' id='word_1_352' title='bbox 865 4497 928 4549; x_wconf 90' lang='lat' dir='ltr'><strong>tum</strong></span> <span class='ocrx_word' id='word_1_353' title='bbox 951 4491 1026 4566; x_wconf 93' lang='lat' dir='ltr'><strong>quod</strong></span> <span class='ocrx_word' id='word_1_354' title='bbox 1042 4490 1201 4548; x_wconf 89' lang='lat' dir='ltr'><strong>Tetradius</strong></span> <span class='ocrx_word' id='word_1_355' title='bbox 1217 4490 1317 4547; x_wconf 89' lang='lat' dir='ltr'><strong>-eui</strong></span> <span class='ocrx_word' id='word_1_356' title='bbox 1340 4509 1440 4549; x_wconf 87' lang='lat' dir='ltr'><strong>curem</strong></span> 
     </span>
     <span class='ocr_line' id='line_1_44' title="bbox 107 4570 1440 4648; baseline -0.006 -12"><span class='ocrx_word' id='word_1_357' title='bbox 107 4575 254 4636; x_wconf 90' lang='lat' dir='ltr'><strong>medicam</strong></span> <span class='ocrx_word' id='word_1_358' title='bbox 283 4574 422 4633; x_wconf 89' lang='lat' dir='ltr'><strong>adhibere</strong></span> <span class='ocrx_word' id='word_1_359' title='bbox 451 4573 602 4632; x_wconf 86' lang='lat' dir='ltr'><strong>debuisset</strong></span> <span class='ocrx_word' id='word_1_360' title='bbox 624 4604 659 4614; x_wconf 94' lang='lat'>-</span> <span class='ocrx_word' id='word_1_361' title='bbox 682 4575 784 4632; x_wconf 89' lang='lat' dir='ltr'><strong>morbo</strong></span> <span class='ocrx_word' id='word_1_362' title='bbox 806 4573 933 4648; x_wconf 87' lang='lat' dir='ltr'><strong>pessimo</strong></span> <span class='ocrx_word' id='word_1_363' title='bbox 963 4573 1112 4629; x_wconf 89' lang='lat' dir='ltr'><strong>laboraret</strong></span> <span class='ocrx_word' id='word_1_364' title='bbox 1139 4570 1187 4644; x_wconf 93' lang='lat' dir='ltr'><strong>qui</strong></span> <span class='ocrx_word' id='word_1_365' title='bbox 1216 4570 1377 4646; x_wconf 89' lang='lat' dir='ltr'><strong>periculum</strong></span> <span class='ocrx_word' id='word_1_366' title='bbox 1398 4571 1440 4629; x_wconf 91' lang='lat' dir='ltr'><strong>in·</strong></span> 
     </span>
     <span class='ocr_line' id='line_1_45' title="bbox 107 4650 1441 4727; baseline -0.005 -11"><span class='ocrx_word' id='word_1_367' title='bbox 107 4655 255 4717; x_wconf 81' lang='lat' dir='ltr'><strong>finiendas</strong></span> <span class='ocrx_word' id='word_1_368' title='bbox 277 4655 380 4714; x_wconf 83' lang='lat' dir='ltr'><strong>uxoris</strong></span> <span class='ocrx_word' id='word_1_369' title='bbox 401 4672 502 4713; x_wconf 88' lang='lat' dir='ltr'><strong>seeum</strong></span> <span class='ocrx_word' id='word_1_370' title='bbox 523 4653 665 4712; x_wconf 89' lang='lat' dir='ltr'><strong>traheret.</strong></span> <span class='ocrx_word' id='word_1_371' title='bbox 708 4651 789 4722; x_wconf 90' lang='lat' dir='ltr'><strong>Quae</strong></span> <span class='ocrx_word' id='word_1_372' title='bbox 818 4652 917 4711; x_wconf 89' lang='lat' dir='ltr'><strong>omnia</strong></span> <span class='ocrx_word' id='word_1_373' title='bbox 937 4651 1044 4710; x_wconf 87' lang='lat' dir='ltr'><strong>Petrus</strong></span> <span class='ocrx_word' id='word_1_374' title='bbox 1073 4650 1187 4727; x_wconf 81' lang='lat' dir='ltr'><strong>profert</strong></span> <span class='ocrx_word' id='word_1_375' title='bbox 1215 4670 1274 4709; x_wconf 91' lang='lat' dir='ltr'><strong>non</strong></span> <span class='ocrx_word' id='word_1_376' title='bbox 1305 4651 1369 4710; x_wconf 88' lang='lat' dir='ltr'><strong>sine</strong></span> <span class='ocrx_word' id='word_1_377' title='bbox 1397 4670 1441 4709; x_wconf 89' lang='lat' dir='ltr'><strong>se·</strong></span> 
     </span>
    </p>
   </div>
   <div class='ocr_carea' id='block_1_10' title="bbox 1178 4746 1234 4800">
    <p class='ocr_par' dir='ltr' id='par_1_10' title="bbox 1178 4746 1234 4800">
     <span class='ocr_line' id='line_1_46' title="bbox 1178 4746 1234 4800; baseline 0.018 -1"><span class='ocrx_word' id='word_1_378' title='bbox 1178 4746 1234 4800; x_wconf 82' lang='lat'><strong>31*</strong></span> 
     </span>
    </p>
   </div>
   <div class='ocr_carea' id='block_1_11' title="bbox 0 0 1546 5174">
    <p class='ocr_par' dir='ltr' id='par_1_11' title="bbox 0 0 1546 5174">
     <span class='ocr_line' id='line_1_47' title="bbox 0 0 1546 5174; baseline 0 0"><span class='ocrx_word' id='word_1_379' title='bbox 0 0 1546 5174; x_wconf 95' lang='lat' dir='ltr'><strong> </strong></span> 
     </span>
    </p>
   </div>
  </div>
 </body>
</html>
