3044 5174
131 310 196 375 532
598 301 802 357 Sacramentum
821 303 993 358 matrimonii.

131 480 237 639 οΤὶῗΙίε
252 479 568 635 ρείίίοείέαὸεὸἱυάἰοίιιη]
582 479 750 547 Ecclesiae
764 477 963 562 agnoscendi
979 476 1030 544 ius
1045 478 1146 546 habet
1160 481 1196 545 et
1210 476 1453 561 obligationem

185 592 258 637 .m.
316 618 323 648 ,
417 621 424 636 .
472 617 475 623 -

220 676 259 742 R.
273 680 304 741 3.
335 674 541 760 Quapropter
558 674 586 740 si
602 675 732 757 quando
748 674 853 741 civibs
871 674 1052 741 auctoritas
1064 673 1233 740 Ecclesiae
1248 672 1406 740 indicium
1416 673 1453 738 de

132 766 220 832 veris
243 763 463 848 legitimisque
486 764 702 845 matrimoniis
724 785 789 830 non
807 763 968 847 agnoscit,
992 763 1046 828 vel
1062 763 1195 847 proprio
1210 762 1283 829 iure
1299 761 1454 845 quaedam

132 853 278 927 decernit
301 858 402 937 atque
424 853 628 939 praescribit,
652 853 773 921 limites
795 852 847 919 sui
862 852 941 918 iuris
957 851 1200 934 transgreditur
1214 851 1456 935 atquealiquid

132 941 309 1011 committit
331 942 418 1025 quod
440 943 643 1009 subditorum
667 942 883 1009 conscientias
907 962 950 1007 ex
971 962 1007 1007 se
1022 941 1210 1007 nullatenus
1226 941 1323 1024 ligat.
1359 941 1456 1007 Immo

132 1033 167 1099 in
195 1053 237 1099 ea
265 1053 302 1099 re
332 1031 484 1098 oboedire
513 1052 573 1116 per
604 1052 640 1097 se
669 1053 711 1098 ne
740 1031 818 1099 licet
847 1029 994 1114 quidem,
1026 1035 1188 1112 quatenus
1218 1029 1383 1097 eiusmodi
1406 1030 1456 1096 lar

132 1121 285 1203 illiusque
308 1120 495 1189 observatio
517 1121 635 1189 tendat
662 1120 697 1186 in
720 1119 936 1187 ecclesiastici
958 1118 1038 1186 iuris
1062 1118 1328 1204 despicientiam,
1357 1118 1457 1185 velsi

132 1209 241 1287 boeot,
265 1229 331 1275 non
352 1208 431 1275 licet
452 1208 515 1275 nisi
538 1230 611 1275 cum
634 1209 764 1276 formali
780 1210 834 1276 vel
849 1208 956 1277 tacita
969 1208 1211 1295 protestatione
1229 1216 1349 1276 contra
1364 1207 1458 1274 alieni

134 1298 213 1365 iuris
236 1297 470 1382 arrogantiam.

222 1405 262 1472 R.
286 1407 318 1471 4.
363 1404 485 1482 Quodsi
513 1404 615 1488 igitur
644 1406 699 1471 lex
723 1405 827 1471 civilis
855 1426 920 1471 non
944 1404 1105 1490 praecipit
1128 1426 1197 1471 rem
1219 1404 1253 1470 in
1276 1425 1316 1473 se
1338 1405 1457 1472 malam

133 1499 234 1578 atque
256 1493 452 1579 protestatio
477 1499 592 1563 contra
607 1493 765 1562 violatum
780 1495 832 1560 ius
847 1494 1014 1561 Ecclesiae
1030 1493 1165 1560 evidens
1185 1498 1254 1560 est:
1278 1494 1457 1580 periculum

134 1583 246 1666 gravis
276 1582 369 1661 mali,
405 1584 491 1665 quod
521 1604 565 1649 ex
594 1584 747 1666 neglecta
775 1584 850 1667 lege
880 1583 969 1649 civili
998 1583 1183 1661 immineat,
1209 1582 1297 1650 ratio
1322 1587 1376 1650 est
1405 1603 1459 1649 cur

134 1671 304 1739 catholicis
336 1671 461 1739 civibus
491 1692 564 1738 sese
593 1672 719 1756 legibus
750 1672 824 1738 istis
854 1672 1058 1739 conformare
1081 1672 1197 1748 bceat,
1228 1676 1264 1740 et
1286 1693 1364 1750 cur,
1388 1692 1456 1738 cum

134 1761 248 1840 liceat,
273 1782 352 1828 cura
375 1782 505 1828 suorum
530 1781 703 1845 rerumque
725 1783 857 1829 suarum
881 1763 924 1828 ad
946 1761 981 1828 id
1002 1762 1137 1844 obliget.
1186 1762 1275 1845 Ergo
1299 1783 1368 1828 non
1390 1760 1457 1845 ipsa

135 1851 190 1917 lex
212 1849 318 1917 civilis
340 1851 373 1916 in
397 1871 435 1917 eo
459 1871 537 1916 casu
553 1851 695 1934 obligat;
718 1850 777 1917 sed
792 1851 847 1917 lex
866 1851 1037 1931 naturalis,
1055 1871 1140 1933 quae
1155 1850 1262 1917 dictat
1274 1850 1457 1917 habendam

135 1960 207 2007 esse
230 1939 412 2022 aquolibet
433 1960 546 2005 curam
569 1940 620 2005 sui
642 1939 744 2024 ipsius
764 1944 864 2022 atque
880 1961 959 2007 suae
974 1940 1129 2018 familiae,
1154 1943 1206 2006 est
1221 1960 1308 2022 quae
1323 1939 1456 2023 obligat.

73 2054 125 2111 928
224 2046 262 2114 R.
288 2048 318 2112 5.
357 2046 437 2112 Inde
460 2046 622 2129 sequitur,
654 2047 686 2111 in
713 2045 754 2111 iis
777 2047 890 2124 rebus,
922 2068 1004 2129 quas
1027 2047 1082 2112 lex
1106 2050 1141 2112 et
1164 2045 1275 2112 divina
1297 2051 1335 2113 et
1357 2046 1457 2112 eccle-

135 2135 270 2202 siastica
299 2135 486 2220 permittat,
518 2135 644 2218 legibus
676 2135 970 2202 matrimonialibus
1000 2135 1150 2202 civilibus
1179 2155 1216 2201 se
1242 2137 1456 2202 conformare.

135 2245 234 2308 saepe
265 2244 337 2289 esse
360 2226 578 2309 oblipationcm
598 2247 744 2310 prooem,
768 2225 898 2307 quando
922 2223 1046 2291 scilicet
1070 2225 1111 2290 ob
1135 2224 1301 2292 detectum
1325 2224 1457 2308 agnitae

135 2312 355 2398 legitimitatis
378 2313 468 2379 tama
491 2315 545 2379 vel
569 2335 644 2398 spes
667 2314 860 2380 hereditatis
883 2313 1033 2397 graviter
1054 2313 1206 2380 laeditur.

226 2401 411 2468 Generatim
429 2403 531 2486 igitur
545 2406 701 2469 tenentur
717 2402 885 2469 catholici:
905 2401 938 2485 1)
950 2402 1160 2485 magistratui
1176 2402 1265 2468 civili
1279 2423 1317 2468 se
1332 2402 1457 2469 sistere.

136 2512 201 2557 non
231 2496 269 2558 ut
297 2511 407 2556 coram
431 2512 469 2557 eo
493 2491 736 2559 matrimonium
759 2492 974 2571 contrabant,
1002 2492 1059 2558 sed
1083 2497 1122 2559 ut
1144 2496 1352 2559 contractum
1375 2490 1458 2558 uoti-

136 2581 250 2646 ficent:
282 2580 345 2657 vel,
376 2579 404 2645 si
430 2580 539 2663 inique
567 2585 729 2662 cogantur
752 2590 846 2647 ootcc
869 2602 905 2648 se
928 2581 1062 2660 sistere,
1091 2585 1129 2647 ut
1151 2581 1323 2648 notificent
1346 2581 1459 2646 matri-

135 2669 280 2734 monium
302 2671 561 2753 contrabendum,
587 2671 672 2752 quod
695 2669 825 2736 nomine
844 2670 969 2749 ,civilis
984 2670 1201 2738 matrimonii“
1221 2691 1295 2736 cum
1312 2670 1459 2736 omnibus

136 2758 207 2824 veri
230 2761 265 2823 et
286 2757 425 2840 legitimi
447 2758 645 2825 matrimonii
668 2760 809 2842 sequelis
831 2760 972 2826 absurde
992 2764 1149 2830 vocatum
1175 2759 1209 2841 2)
1232 2759 1403 2825 abstinere
1420 2759 1460 2824 ab

136 2847 176 2913 iis
207 2846 423 2913 matrimoniis
452 2868 512 2931 pro
535 2848 652 2930 quibus
684 2847 788 2914 civilis
818 2849 944 2931 agnitio
974 2848 1100 2932 sperari
1124 2848 1253 2931 nequit,
1288 2848 1352 2914 uisi
1376 2848 1459 2914 forte

136 2956 195 3002 eae
225 2936 292 3003 sint
314 2936 580 3003 circumstantiae
611 2937 645 3003 in
669 2938 785 3019 quibus
814 2939 996 3022 temporale
1020 2939 1174 3004 damnum
1205 2958 1269 3003 non
1293 2937 1338 3005 sit
1362 2937 1460 3004 aesti-

140 3027 302 3104 mandum,
326 3046 432 3107 neque
454 3026 563 3092 famae
586 3026 734 3093 detectus
757 3027 953 3093 incurratur.
997 3028 1052 3093 To.
1076 3049 1117 3093 m.
1142 3027 1183 3104 II,
1209 3029 1273 3092 724
1290 3048 1339 3109 sq.

225 3115 347 3193 Quibus
371 3115 547 3182 concordat
569 3118 665 3200 Resp.
689 3119 723 3183 S.
741 3117 802 3200 Off.
828 3117 872 3181 od
887 3118 951 3182 Vic.
969 3119 1030 3202 Ap.
1046 3117 1209 3182 loonoicoe
1232 3115 1263 3181 d.
1281 3116 1312 3182 d.
1333 3119 1374 3182 12
1392 3116 1458 3181 lan.

140 3205 243 3268 1881:
282 3204 484 3280 ,Curandum
516 3226 536 3270 a
566 3204 796 3282 missionariis,
830 3210 867 3272 ut
897 3204 1141 3271 matrimonium
1171 3205 1374 3272 contracturi
1405 3205 1460 3270 ob-

136 3297 271 3359 servent
293 3293 566 3376 praescriptiones
589 3294 688 3361 etiam
705 3295 828 3371 civiles,
846 3315 930 3376 quae
945 3295 988 3359 ad
1004 3294 1149 3359 ordinem
1166 3295 1334 3371 moralem,
1354 3294 1460 3377 quoad

137 3382 273 3447 effectus
289 3381 402 3447 civiles
418 3382 626 3461 matrimonii,
644 3382 902 3449 conservandum
920 3383 1111 3449 conducant.
1151 3383 1273 3460 Quodsi
1288 3384 1461 3467 continget

136 3475 173 3536 ut
196 3469 475 3537 missionariorum
497 3472 621 3537 monita
645 3472 724 3537 nihil
747 3472 929 3556 proficiant,
953 3472 1007 3538 vel
1030 3472 1182 3555 specialis
1204 3477 1358 3539 occurrat
1376 3473 1461 3538 diffi-

137 3559 254 3636 cultas,
277 3581 331 3624 res
354 3563 406 3625 est
428 3560 470 3624 ad
486 3560 652 3626 Vicarium
676 3560 738 3645 Ap.
763 3561 950 3638 deferenda,
976 3561 1067 3628 cuius
1091 3562 1154 3628 erit
1172 3561 1327 3640 iudicare,
1352 3567 1460 3629 utrum

137 3647 320 3714 huiusmodi
342 3648 386 3713 sit
410 3670 505 3714 casus
529 3655 566 3717 ut
588 3649 830 3716 matrimonium
850 3650 997 3734 permitti
1022 3651 1149 3730 debeat,
1174 3652 1462 3719 nonobstantibus

138 3737 287 3803 civilibus
309 3738 649 3822 praescriptionibus.“
685 3738 821 3821 (Collect.
847 3743 887 3806 dc
908 3741 1006 3827 Prop.
1031 3741 1069 3807 F.
1095 3762 1125 3807 n.
1155 3741 1265 3821 1450).
1305 3741 1462 3809 Similiter

138 3827 172 3893 in
195 3830 323 3894 concilio
342 3829 427 3912 plen.
451 3831 619 3894 Armoricae
641 3829 751 3895 Latio.
777 3829 854 3896 anni
879 3831 975 3905 1899,
1000 3829 1139 3913 append.
1164 3851 1194 3896 u.
1219 3829 1363 3897 CXXIX.

77 3965 129 4019 929
228 3950 281 4016 Au
304 3972 495 4027 ouansmuu
512 3956 551 4018 3²¹
566 3952 605 4019 R.
626 3956 653 4018 l.
694 3952 769 4018 Siue
793 3953 881 4018 omni
897 3952 994 4019 dubio
1010 3953 1253 4020 matrimonium
1275 3975 1340 4019 non
1358 3957 1462 4021 solum

140 4045 229 4106 certo
259 4040 516 4124 baptizatorum,
547 4041 605 4107 sed
636 4041 736 4107 etiam
767 4063 877 4107 eorum
906 4042 961 4124 qui
986 4042 1080 4109 dubie
1104 4043 1258 4129 baptizati
1281 4054 1366 4129 cant,
1399 4045 1462 4127 legi

140 4133 174 4195 et
203 4129 321 4195 iudicio
345 4130 512 4197 Ecclesiae
545 4130 711 4197 subicitur.
759 4131 851 4208 Quod
881 4152 945 4196 non
976 4132 1073 4215 plane
1103 4132 1188 4197 idem
1212 4132 1307 4210 dicit,
1337 4155 1378 4199 ao
1407 4134 1462 4200 illa

140 4218 348 4284 matrimonia
378 4220 527 4285 omnibus
556 4219 796 4304 impedimentis
827 4220 991 4287 canonicis
1021 4220 1125 4296 afilem
1156 4221 1214 4287 sed
1245 4220 1323 4287 dicit
1361 4245 1401 4289 ea
1424 4224 1463 4288 iis

140 4308 266 4391 legibus
291 4309 454 4374 canonicis
478 4308 574 4388 affici,
599 4309 714 4393 quibus
738 4316 774 4376 ut
797 4310 1007 4376 afficerentur
1030 4309 1179 4376 Ecclesia
1203 4311 1316 4378 voluit.

229 4397 327 4463 Ratio
352 4404 462 4465 autem
486 4403 601 4465 asserti
623 4403 690 4465 est:
717 4400 749 4481 1)
773 4399 828 4464 Ius
850 4399 1067 4464 universalius
1091 4403 1125 4465 et
1149 4399 1248 4464 altius
1266 4403 1463 4483 praecedere

141 4486 203 4550 iuri
243 4486 386 4552 inferiori
425 4493 458 4553 et
495 4487 600 4552 minus
632 4488 808 4553 universali
843 4489 940 4554 debet
971 4489 1115 4570 illudque
1145 4488 1286 4556 vincere.
1334 4490 1381 4557 At
1416 4492 1463 4556 ius

142 4574 309 4640 Ecclesiae
334 4579 385 4641 est
400 4575 542 4641 maxime
559 4577 752 4655 universale,
778 4599 849 4643 cum
873 4583 1001 4660 spectet
1016 4578 1136 4644 saltem
1154 4577 1341 4646 inchoativa
1358 4586 1464 4647 totum

143 4663 253 4728 orbem
284 4668 454 4747 totumque
484 4685 588 4746 genus
618 4664 810 4744 humanum,
843 4671 877 4732 et
909 4666 1008 4733 altius
1039 4670 1089 4733 est
1113 4667 1258 4749 quolibet
1282 4668 1353 4735 iure
1377 4692 1464 4737 mere
