3044 5174
153 248 216 311 194
604 243 811 300 Sacramentum
828 247 1019 317 paenitentiae.

87 430 139 486 331
239 421 293 487 An
316 443 507 498 ouansrrmr
531 443 649 489 mrrurr
672 426 711 488 2³
734 423 774 490 R.
794 426 822 489 1.
862 424 1109 490 Sacramentum
1131 423 1272 490 informe
1294 423 1481 507 generatim

151 511 230 578 dicit
252 512 449 578 sacramenti
473 511 643 578 materiam
666 517 701 579 31
722 512 862 578 formam
878 514 942 580 rite
957 512 1092 596 positas,
1116 533 1201 595 quae
1216 517 1329 579 tamen
1344 518 1483 598 propter

151 601 315 668 defectum
339 600 559 685 dispositionis
581 601 616 665 in
636 600 834 684 suscipiente
850 603 1000 667 effectum
1017 600 1146 684 gratiae
1162 623 1227 667 000
1242 602 1477 686 produxerunt.

150 688 210 766 Qui
241 689 461 773 dispositionis
491 690 639 757 defectus
668 691 696 755 si
726 689 832 756 sciens
864 691 1010 773 adeoque
1038 692 1126 757 mala
1149 691 1212 757 fide
1236 712 1256 757 a
1278 690 1481 775 suscipiente

151 778 383 857 committitur,
406 778 440 844 in
463 799 584 861 genere
607 783 849 846 sacramentum
872 780 980 845 valide
1003 780 1132 861 quidem
1155 780 1214 846 sed
1236 779 1424 847 informiter
1446 786 1481 847 et

149 867 311 950 sacrilege
334 872 520 952 susceptum
546 871 613 942 est;
637 868 666 934 31
689 869 838 935 defectus
861 868 1083 952 dispositionis
1099 869 1316 935 committitur
1330 870 1478 953 inculpa-

149 956 259 1024 biliter
282 977 339 1022 seu
363 957 544 1035 bonafide,
569 958 767 1024 sacramenti
783 959 946 1042 susceptio
969 957 1117 1024 informis
1141 956 1279 1025 estnon
1303 958 1477 1041 sacrilega.

239 1055 361 1120 Verum
378 1060 619 1121 sacramentum
636 1054 859 1139 paenitentiae
874 1055 907 1119 id
923 1055 1064 1140 speciale
1079 1055 1181 1122 habet
1196 1060 1242 1133 ut,
1266 1055 1296 1120 si
1311 1057 1478 1140 susceptio

149 1142 194 1210 311
223 1143 402 1227 sacrilega,
432 1144 617 1210 necessario
647 1143 692 1210 sit
721 1144 822 1211 etiam
845 1147 1008 1227 invalido,
1039 1165 1078 1209 eo
1105 1145 1190 1226 quod
1215 1144 1363 1210 sincerus
1386 1146 1480 1211 dolor

149 1232 205 1315 qui
220 1232 365 1317 pertinet
380 1234 422 1298 ad
438 1236 712 1319 quasi-materiam
729 1232 879 1310 defuerit,
905 1233 1075 1298 deficiente
1091 1237 1202 1299 antem
1217 1239 1311 1301 recta
1325 1235 1477 1311 materia,

148 1320 348 1387 sacramenti
378 1342 419 1386 ne
442 1322 536 1387 valor
563 1321 692 1404 quidem
715 1321 884 1388 subsistat.
931 1323 1016 1388 Hinc
1039 1326 1076 1388 ut
1098 1326 1341 1389 sacramentum
1365 1324 1477 1407 paeni·

149 1410 273 1476 tentiae
297 1411 340 1478 311
364 1410 569 1488 informe,'id
592 1411 662 1476 fieri
686 1411 800 1492 nequit
822 1410 884 1476 nisi
907 1433 950 1477 ex
966 1411 1096 1478 defectu
1112 1412 1198 1477 bona
1212 1411 1275 1477 fide
1292 1412 1476 1479 commisso.

148 1500 238 1577 Quae
261 1521 341 1565 sane
365 1504 417 1566 est
439 1500 618 1583 suppositio
642 1521 737 1565 casus
760 1500 928 1584 propositi.

238 1605 277 1672 11.
303 1609 332 1671 2.
379 1604 583 1672 Possibilitas
606 1607 804 1672 sacramenti
827 1605 1049 1690 paenitentiae
1072 1605 1220 1671 informis
1244 1605 1413 1673 reducitur
1436 1608 1476 1672 ad

147 1694 238 1760 illum
269 1715 398 1770 casum,
432 1716 504 1760 cum
536 1695 609 1779 quis
638 1716 711 1760 enm
743 1696 840 1762 affert
872 1696 1033 1774 dolorem,
1067 1695 1122 1777 qui
1153 1694 1296 1762 sufficiat
1326 1695 1370 1761 ad
1400 1717 1477 1761 can-

148 1785 346 1851 stituendam
381 1788 548 1850 instoriam
580 1785 777 1850 sacramenti
808 1785 1009 1868 proximam,
1045 1784 1103 1850 sed
1135 1784 1206 1866 qni,
1242 1784 1313 1849 sine
1345 1785 1477 1850 formali

147 1874 347 1956 paenitentis
370 1874 476 1957 culpa,
500 1894 565 1938 000
589 1873 632 1938 311
655 1873 821 1939 sufficiens
845 1875 1009 1961 dispositio
1025 1872 1067 1939 ad
1085 1873 1306 1957 recipiendum
1322 1875 1475 1941 affectum

147 1962 276 2044 gratiae
299 1962 544 2029 sanctificantis.

238 2059 271 2126 si
301 2059 402 2143 igitur
431 2060 595 2144 possibilis
626 2058 725 2125 fuerit
755 2059 848 2124 dolor
870 2060 909 2125 de
933 2058 1093 2143 peccatis,
1125 2059 1181 2140 qui
1203 2058 1248 2124 sit
1273 2056 1477 2125 insufficiens

147 2147 317 2232 dispositio
352 2149 394 2214 ad
428 2149 571 2232 gratiam
605 2149 663 2214 sed
697 2147 863 2213 sufficiens
897 2170 957 2233 pro
992 2146 1196 2214 absolutione
1230 2149 1476 2223 sacramentali,

146 2237 300 2321 possibile
330 2242 382 2303 est
405 2238 505 2305 etiam
529 2242 771 2303 sacramentum
794 2237 1016 2321 paenitentiae
1039 2236 1193 2308 informe;
1224 2236 1251 2301 si
1276 2257 1358 2302 vero
1382 2237 1476 2303 dolor

147 2327 203 2408 qui
226 2327 270 2392 311
292 2326 492 2392 insufficiens
515 2325 683 2410 dispositio
707 2326 749 2392 ad
770 2325 1051 2403 iustificationem,
1083 2325 1127 2392 311
1150 2325 1249 2391 etiam
1273 2324 1477 2392 insufficiens

146 2415 286 2481 materia
309 2414 516 2491 sacramenti,
541 2416 594 2480 vel
613 2415 669 2498 qui
684 2416 727 2481 sit
743 2415 910 2481 sufficiens
926 2415 1065 2480 materia
1080 2413 1288 2491 sacramenti,
1312 2414 1358 2482 sit
1374 2417 1473 2482 etiam

146 2504 312 2570 sufficiens
328 2502 369 2569 ad
392 2504 666 2582 iustificationem,
690 2503 888 2588 impossibile
911 2508 963 2569 est
985 2508 1227 2569 sacramentum
1250 2503 1477 2587 paenitentiae

145 2593 289 2658 validum
314 2597 348 2659 et
370 2592 518 2659 informe.

84 2709 137 2764 333
236 2699 275 2765 R.
306 2702 337 2766 3.
384 2700 432 2765 Re
464 2699 537 2783 ipsa
569 2699 609 2764 de
642 2720 719 2764 casu
751 2704 864 2766 nostro
896 2699 1063 2782 proposito
1096 2698 1151 2763 alii
1183 2697 1329 2765 iudicant
1359 2700 1472 2765 Caium

148 2790 289 2854 invalide
311 2788 478 2872 suscipere
501 2794 742 2855 sacramentum
766 2788 997 2872 paenitentiae.
1039 2787 1103 2852 Alii
1128 2791 1247 2871 putant
1270 2787 1382 2853 Caium
1408 2812 1473 2856 non

147 2878 255 2943 valide
277 2882 406 2944 tantum
422 2878 479 2943 sed
496 2877 596 2943 etiam
612 2901 681 2943 cam
707 2878 814 2960 effecto
835 2880 961 2961 proiice
984 2878 1213 2960 sanctificastis
1228 2884 1474 2945 sacramentum

146 2967 327 3051 suscipere:
353 2968 439 3050 quod
463 2966 627 3033 deducunt
650 2988 692 3031 ex
715 2987 754 3032 eo
778 2966 864 3049 quod
887 2967 938 3030 vel
957 2966 1049 3030 dolor
1064 2966 1097 3030 in
1113 2965 1279 3049 proposito
1296 2971 1473 3035 contentus

145 3056 288 3123 sufficiat
320 3061 434 3140 utpote
467 3056 618 3121 virtualis
652 3055 745 3120 dolor
778 3054 989 3131 universalis,
1025 3055 1079 3120 vel
1114 3055 1200 3137 quod
1234 3055 1319 3119 sumi
1352 3056 1473 3123 debeat

146 3146 290 3212 adfuisse
320 3146 421 3211 talem
450 3146 594 3210 dolorem
618 3144 836 3209 universalem
860 3144 1058 3221 formaliter,
1090 3143 1152 3209 etsi
1175 3165 1239 3209 non
1263 3146 1404 3224 reflexa,
1437 3152 1475 3213 31

145 3235 277 3301 directe.
325 3234 361 3299 Id
385 3235 589 3318 potissimum
613 3254 656 3299 ex
679 3254 718 3298 eo
741 3237 894 3316 repetunt
918 3232 1003 3315 quod
1026 3239 1197 3316 peccatum
1227 3233 1412 3316 quodlibet,
1444 3237 1473 3300 si

145 3323 218 3389 odio
250 3323 410 3390 habeatur
439 3324 496 3389 eut
528 3327 651 3388 ratione
675 3325 798 3408 peccati
824 3344 877 3386 sea
902 3322 1040 3405 offensae
1062 3323 1141 3403 Dei,
1173 3341 1214 3386 ex
1244 3321 1369 3387 motivo
1399 3325 1471 3389 uni·

145 3412 265 3477 versali
289 3412 440 3478 videatur
464 3413 505 3478 ab
529 3412 658 3478 homine
681 3412 754 3477 odio
777 3411 906 3487 haberi3
938 3412 997 3476 sub
1023 3410 1151 3476 ratione
1175 3415 1285 3476 autem
1310 3412 1474 3495 ,offensos

144 3503 226 3567 Μ’
258 3501 370 3566 fideles
401 3502 519 3567 debere
548 3507 687 3586 peccata
717 3499 891 3577 detestari,
925 3505 959 3567 et
991 3521 1026 3564 re
1058 3500 1131 3583 ipsa
1159 3500 1206 3565 sic
1239 3520 1279 3564 ea
1311 3501 1469 3568 detestari

145 3591 321 3674 quemlibet
351 3590 404 3672 qui
432 3591 464 3655 in
490 3590 692 3656 confessione
715 3593 750 3656 et
773 3589 977 3655 absolutione
1000 3588 1232 3654 sacramentali
1255 3595 1396 3671 quaerat
1418 3612 1470 3656 re·

145 3680 405 3745 conciliationem
430 3700 502 3745 cum
526 3679 605 3746 Deo.

234 3777 324 3842 Haec
348 3776 537 3859 frequenter
559 3777 607 3843 ita
631 3775 762 3841 evenire
785 3776 882 3841 facile
906 3776 1046 3841 dandum
1064 3779 1131 3850 est;
1157 3796 1269 3840 verum
1290 3775 1324 3841 id
1339 3796 1471 3860 semper

144 3871 179 3932 et
202 3866 387 3932 necessario
410 3866 458 3931 ita
482 3887 569 3940 3333,
596 3865 724 3932 etiamsi
748 3864 865 3946 aliquis
888 3864 920 3929 10
944 3869 1079 3948 0300310
1103 3863 1288 3929 consideret
1311 3865 1469 3932 offensam

23 4003 25 4007 ψ
144 3955 215 4031 Dei,
239 3955 322 4022 33113
344 3956 504 4021 incertum
521 3960 581 4021 331.
621 3955 728 4031 Quare
744 3953 799 4019 alii
823 3975 894 4018 cum
913 3952 1082 4031 Suarez,
1107 3955 1157 4019 Dc
1178 3957 1297 4038 poenit.
1315 3953 1399 4038 disp.
1416 3958 1470 4032 20,

143 4047 272 4121 33015,
297 4067 327 4111 0.
347 4047 383 4120 7;
406 4045 535 4126 Lugo,
560 4046 748 4129 Deposuit.
774 4043 854 4126 disp.
883 4045 933 4118 14,
958 4065 989 4107 0.
1015 4044 1056 4107 88
1081 4046 1115 4108 31
1139 4063 1212 4106 cnm
1236 4042 1472 4111 Thomistis

143 4139 258 4200 tenent
281 4139 522 4199 sacramentum
546 4132 767 4216 paenitentiae
791 4153 848 4196 330
864 4131 1102 4196 absolutionem
1118 4131 1227 4196 valide
1243 4131 1373 4214 quidem
1392 4154 1471 4199 000-

143 4222 221 4288 ferri
245 4223 279 4287 in
302 4222 362 4289 tali
386 4245 474 4300 0330,
500 4223 557 4287 sed
580 4221 659 4287 illud
683 4241 816 4286 manere
839 4221 985 4302 informe.

81 4359 133 4413 333
233 4340 271 4404 R.
297 4342 327 4405 4.
370 4338 488 4414 Quodsi
514 4337 681 4420 quaeritur
704 4357 788 4419 quae
812 4335 855 4401 311
878 4335 973 4401 huius
997 4335 1213 4402 distinctionis
1236 4335 1287 4401 vis
1311 4339 1470 4420 practica,

143 4429 323 4511 respondeo
348 4429 380 4492 in
405 4431 611 4493 sacramento
635 4425 856 4509 paenitentiae
873 4425 981 4490 valido
1006 4426 1062 4489 sed
1082 4424 1211 4489 informi
1230 4425 1468 4494 absolutionem

143 4517 325 4583 iudicialem
349 4518 457 4582 valide
482 4516 609 4598 quidem
633 4515 726 4591 ferri,
752 4521 787 4582 at
811 4537 880 4578 0001
904 4515 1011 4596 effecto
1035 4537 1201 4600 30303030,
1225 4535 1332 4597 neque
1356 4537 1468 4583 neces·

143 4607 263 4671 sarium
298 4628 369 4671 3333
401 4606 496 4672 131103
528 4606 653 4688 0300311
688 4604 832 4670 30003311
869 4624 986 4668 novam
1022 4602 1263 4669 accusationem
1297 4625 1357 4670 seu
1393 4627 1469 4671 con-
