3044 5174
160 236 225 301 340
604 232 808 288 Sacramentum
827 230 1020 301 peanitentiae.

156 412 195 474 ut
218 407 309 474 brevi
331 413 481 492 tempore
504 407 639 474 servitio
662 408 837 486 renuntiet,
862 412 952 475 recte
974 407 1070 476 iussit
1092 408 1314 476 confessarius
1337 430 1412 476 earn
1434 433 1485 476 re-

156 497 274 564 cedere
297 520 315 563 e
338 497 475 563 servitio
498 497 585 562 illius
609 498 688 563 heri.

245 605 286 670 R.
310 606 340 670 2.
388 603 461 670 Etsi
484 603 616 669 Amalia
638 603 923 670 sollicitationibus
945 602 1079 682 restitit,
1108 604 1237 687 quando
1261 604 1484 674 (1999119119-

156 693 245 760 tione
269 693 310 759 ad
333 693 444 777 turpia
460 692 581 775 agitur,
603 692 785 759 timendum
801 696 852 758 est
868 713 908 758 ne
925 692 1054 758 occasio
1071 693 1163 758 brevi
1179 695 1303 761 evadat
1317 695 1482 779 proximan

155 804 195 848 ac
217 781 312 867 proin
336 781 436 848 etiam
459 787 530 848 tum
553 784 643 848 recte
666 781 762 848 iussit
785 781 1005 847 confessarius
1028 782 1199 848 servitium
1222 783 1362 851 mutari:
1388 784 1483 867 idque

156 892 194 937 eo
227 871 352 954 magis,
388 892 452 953 quo
483 871 670 954 graviorem
702 870 834 936 Amalia
866 875 1005 954 experta
1037 875 1090 938 est
1120 872 1351 940 tentationem.
1400 873 1483 940 Sane

154 961 285 1042 quando
308 960 440 1026 Amalia
462 980 505 1025 ex
528 959 696 1045 inopinato
719 958 985 1026 sollicitationem
1007 981 1107 1044 passa
1130 965 1198 1040 est,
1230 962 1430 1030 versabatur
1451 963 1481 1028 in

154 1049 325 1115 occasione
348 1049 553 1127 necessaria,
585 1070 624 1114 ac
647 1051 740 1132 proin
770 1049 879 1133 potuit
902 1053 937 1115 et
959 1048 1071 1116 debuit
1093 1049 1278 1117 resistendo
1301 1057 1336 1118 et
1359 1052 1481 1117 orando

153 1137 348 1205 tentationis
370 1138 437 1203 vim
460 1138 624 1220 frangere.
656 1138 773 1220 Neque
795 1136 938 1204 fortasse
960 1138 1075 1204 statim
1098 1139 1205 1223 potuit
1228 1160 1247 1205 e
1269 1140 1409 1206 servitio
1432 1162 1482 1205 re·

153 1228 280 1293 cedere.
326 1227 448 1293 Debuit
476 1231 587 1294 tamen
617 1227 683 1292 iam
713 1226 779 1292 alia
802 1227 909 1293 media
932 1227 1102 1306 adhibere,
1133 1229 1258 1295 scilicet
1286 1229 1481 1314 praevidere

153 1320 200 1393 ut,
225 1320 383 1399 quantum
406 1319 528 1400 posset,
553 1316 624 1381 viro
647 1314 771 1383 aditum
796 1315 839 1381 ad
862 1337 898 1381 se
920 1316 1158 1400 praecluderet,
1182 1317 1277 1400 eique
1301 1318 1481 1386 minaretur

152 1426 188 1470 se
211 1426 281 1470 rem
305 1426 378 1470 cum
401 1426 504 1470 uxore
534 1405 856 1471 communicaturum.
903 1404 1024 1482 Quodsi
1054 1406 1136 1472 haec
1165 1408 1320 1490 neglecta
1344 1408 1400 1473 vel
1422 1429 1479 1474 usu

153 1493 338 1560 difficiliora
360 1492 484 1560 luerint
506 1494 560 1558 vel
584 1494 769 1560 inefficacia
791 1494 1067 1561 remanserint-
1091 1495 1124 1560 id
1147 1496 1234 1579 quod
1257 1496 1387 1563 factum
1410 1518 1479 1563 esse

152 1604 194 1648 ex
217 1582 368 1667 repetitis
391 1582 677 1649 sollicitationibus
707 1586 903 1650 constat-
928 1583 994 1649 iam
1024 1583 1187 1651 evincitur
1215 1583 1321 1651 solam
1345 1606 1479 1671 separe·

151 1672 274 1738 tionem
297 1672 369 1737 fore
392 1671 570 1737 remedium
595 1692 754 1738 securum.

240 1779 278 1845 R.
304 1782 334 1844 3.
382 1778 416 1844 Si
440 1779 570 1860 quando
594 1778 713 1844 ancilla
736 1777 837 1844 fuerit
866 1778 996 1843 omnino
1026 1779 1186 1863 probatae
1211 1780 1363 1858 virtutis,
1396 1781 1477 1859 huic,

151 1889 214 1952 quo
237 1868 343 1933 levior
366 1872 439 1934 erat
461 1867 643 1932 subiectiva
666 1866 808 1933 tentatio
839 1870 873 1932 et
896 1887 960 1949 quo
987 1868 1123 1949 gravior
1154 1869 1240 1935 ratio
1264 1869 1395 1936 servitii
1419 1893 1478 1936 non

150 1957 365 2039 relinquendi,
390 1978 428 2022 eo
452 1955 581 2022 facilius
605 1956 720 2021 dilatio
744 1959 778 2021 91
794 1956 1055 2040 experimentum
1071 1978 1192 2023 novum
1209 1958 1342 2024 concedi
1359 1964 1478 2043 potest,

149 2067 279 2131 semper
301 2052 414 2113 tamen
438 2044 592 2110 adhibitis
622 2044 738 2110 mediis
767 2044 833 2110 illis
863 2048 898 2111 et
926 2045 1023 2111 minis
1056 2047 1097 2112 de
1127 2047 1243 2129 quibus
1265 2047 1332 2113 iam
1357 2048 1478 2116 dictum

149 2137 220 2212 est,
245 2155 422 2218 earumque
446 2134 608 2199 minarum
632 2135 761 2199 demum
785 2134 885 2199 etiam
909 2135 1129 2201 exsecutione.
1176 2135 1301 2202 Verum
1325 2136 1410 2203 haec
1433 2139 1477 2203 di·

148 2225 229 2291 latio
253 2225 363 2308 potius
388 2223 539 2307 exceptio
563 2227 624 2300 est,
648 2244 713 2288 non
737 2224 862 2304 regula.

86 2371 137 2425 598
237 2346 290 2412 An
320 2367 511 2423 Qunusrruu
542 2349 581 2411 3¹¹¹
610 2347 649 2412 R.
683 2349 712 2412 l.
760 2346 922 2431 Imprimis
951 2347 1129 2412 notandum
1161 2352 1213 2414 est
1243 2347 1300 2412 vix
1332 2350 1478 2433 potuisse

148 2435 384 2501 confessarium
407 2436 537 2512 statim,
562 2456 602 2501 ac
624 2435 677 2500 vir
698 2434 754 2500 ille
778 2435 819 2500 ad
843 2435 949 2518 ipsum
973 2436 1155 2512 accederet,
1179 2457 1249 2501 rern
1272 2458 1476 2522 componere.

147 2525 221 2590 Non
247 2526 333 2590 enim
356 2528 498 2609 poterat,
523 2524 616 2589 salvo
640 2523 759 2606 sigillo,
783 2524 823 2588 de
840 2525 936 2589 rebus
953 2545 994 2589 ex
1018 2524 1222 2590 confessione
1238 2524 1394 2593 Amalise
1417 2529 1475 2593 sibi

147 2615 234 2680 notis
257 2613 362 2696 loqui,
396 2613 458 2679 nisi
489 2613 545 2677 illa
576 2612 721 2680 dedisset
749 2613 935 2680 licentiam:
967 2634 1064 2695 quarn
1096 2635 1155 2698 per
1178 2614 1285 2680 virum
1315 2616 1411 2682 illurn
1440 2622 1476 2682 ut

147 2703 297 2769 nuntium
320 2703 468 2786 accipere
491 2723 557 2767 non
580 2702 786 2786 expediebat.
829 2703 942 2769 Potuit
965 2703 1067 2785 igitur
1089 2703 1310 2769 confessarius
1334 2704 1409 2771 viro
1431 2705 1475 2771 illi

146 2793 252 2857 solum
275 2791 501 2857 condicionate
524 2791 731 2875 respondere:
756 2795 785 2856 si
800 2791 848 2856 ita
864 2812 917 2856 res
933 2812 969 2856 se
985 2792 1116 2870 habeat,
1141 2797 1176 2858 et
1190 2796 1220 2858 si
1236 2815 1256 2859 a
1272 2813 1309 2858 se
1325 2793 1475 2861 Amaliae

146 2879 227 2947 haec
244 2881 406 2963 imperata
417 2881 493 2958 sint,
511 2886 715 2963 separatum
732 2900 804 2944 esse
821 2879 863 2944 ad
879 2901 948 2945 rem
964 2880 1076 2946 mitius
1092 2882 1313 2951 tractandam.
1341 2883 1474 2959 Verum,

146 2975 183 3037 ut
207 2991 249 3036 ex
271 2970 344 3054 ipsa
367 2969 497 3035 Amalia
521 2969 621 3034 etiam
644 2968 909 3034 circumstantias
932 2990 1044 3034 omnes
1068 2971 1273 3053 exploraret,
1298 2973 1476 3056 expediens

146 3060 276 3126 omuino
300 3063 373 3124 erat
396 3079 469 3123 eam
492 3078 649 3123 revocare
673 3058 715 3123 ad
739 3057 993 3135 confessionale;
1018 3058 1156 3140 ideoque
1172 3059 1242 3124 viro
1266 3060 1395 3128 dicere:
1425 3063 1473 3140 ,Si

145 3149 203 3215 ita·
221 3152 288 3226 est,
317 3168 446 3226 revoca,
475 3167 613 3229 quaeso,
642 3147 806 3212 Amaliam
834 3147 875 3212 ad
902 3168 971 3224 mo,
1004 3152 1038 3214 91
1061 3148 1177 3213 videbo
1203 3149 1280 3231 quid
1307 3150 1338 3215 ei
1365 3151 1475 3219 mitius

147 3239 285 3304 dieam.“

235 3345 274 3409 R.
302 3346 331 3409 2.
366 3343 442 3408 Sine
466 3342 562 3407 dubio
586 3341 638 3406 vir
660 3342 716 3407 ille
739 3343 857 3413 timore
881 3361 1030 3406 recessus
1053 3342 1205 3408 Amaliaa
1227 3343 1380 3426 graviter
1403 3366 1474 3430 per·

146 3438 255 3498 motus
279 3438 346 3509 991,
377 3452 482 3513 neque
506 3437 557 3497 est
580 3430 793 3514 improbabile
824 3451 897 3495 esse
921 3452 978 3495 eas
1002 3431 1269 3498 circumstantiae
1292 3454 1397 3515 quae,
1428 3455 1474 3500 re-

146 3522 283 3587 cedente
306 3521 440 3597 famula,
465 3521 560 3585 uxori
582 3520 736 3602 ingerant
759 3519 990 3601 gravissimam
1007 3521 1224 3604 suspicionem
1244 3526 1362 3588 contra
1378 3524 1476 3590 mari-

145 3618 225 3678 tum.
272 3610 514 3675 Incommodum
538 3614 573 3675 91
596 3608 749 3674 damnum
774 3608 835 3673 viri
866 3609 913 3674 rei
937 3613 972 3674 et
1001 3609 1089 3675 noxii
1121 3630 1222 3674 exse
1255 3610 1390 3692 quidem
1413 3634 1475 3679 non

146 3707 197 3767 est
220 3699 323 3776 ratio,
355 3719 397 3763 ex
420 3719 485 3781 qua
508 3698 636 3763 occasio
659 3699 717 3762 illa
740 3698 896 3781 peccandi
927 3699 1125 3764 considerari
1156 3698 1276 3765 debeat
1306 3704 1474 3784 tamquam

146 3788 348 3866 necessaria;
373 3787 430 3853 sed
454 3788 535 3851 haec
558 3787 644 3852 ratio
667 3787 806 3853 sumitur
829 3808 871 3851 ex
895 3787 1099 3853 incommodo
1123 3792 1158 3854 et
1181 3789 1300 3854 damno
1324 3791 1475 3857 Amaliae

145 3878 354 3962 paenitentis.
390 3877 548 3943 Attamen
572 3876 598 3940 si
623 3876 800 3958 periculum
824 3876 980 3959 peccandi
1003 3898 1068 3941 non
1092 3881 1165 3943 erat
1189 3899 1231 3943 ex
1254 3881 1351 3961 parte
1376 3881 1473 3946 Ama·

145 3968 226 4044 liae,
257 3967 314 4032 sed
339 3971 467 4033 tantum
492 3987 534 4030 ex
557 3965 787 4031 sollicitatione
812 3965 890 4042 viri,
921 3965 954 4029 in
979 3965 1075 4030 dictis
1105 3966 1362 4033 oincumstantiis
1387 3968 1474 4035 credi

145 4060 256 4140 potest
279 4055 544 4121 sollicitationem
568 4056 665 4118 finem
688 4054 809 4119 habere
833 4055 980 4136 adeoque
996 4054 1201 4121 occasionem
1218 4057 1382 4141 peccandi
1405 4079 1474 4124 ces·

145 4167 219 4211 sare
243 4167 316 4211 9999
339 4144 531 4228 proximam.
578 4143 699 4219 Quodsi
722 4143 771 4209 ita
794 4147 862 4221 est,
893 4165 957 4208 non
982 4147 1034 4209 est
1063 4145 1203 4228 amplius
1226 4145 1313 4211 ratio
1336 4147 1474 4231 urgendi

145 4235 361 4300 mutationem
385 4232 521 4298 servitii.

234 4333 273 4398 R.
306 4335 336 4396 3.
383 4331 476 4395 Haec
507 4329 596 4395 dicta
625 4329 710 4405 sint,
742 4329 871 4411 quando
902 4330 1032 4395 Amalia
1063 4330 1157 4415 lapsa
1188 4352 1254 4397 non
1282 4331 1389 4401 fuerit
1418 4355 1473 4401 seu

145 4421 432 4487 sollicitationibus
455 4441 520 4484 non
545 4418 655 4484 cessit.
703 4419 737 4484 Si
761 4419 877 4496 cessit,
902 4441 955 4484 res
979 4426 1031 4486 991
1054 4420 1227 4486 difficilior.
1274 4421 1365 4487 Nam
1390 4424 1473 4508 peri·

145 4511 252 4575 culum
276 4512 308 4575 in
332 4511 393 4574 hoc
417 4531 496 4574 casu
520 4508 719 4573 exstinctum
744 4507 806 4573 dici
829 4509 951 4589 nequit,
977 4510 1039 4575 etsi
1064 4510 1267 4577 diminutum.
1309 4512 1419 4589 Quare
1441 4514 1472 4577 in

144 4599 206 4663 hac
229 4599 403 4684 hypothesi
427 4597 647 4663 confessarius
664 4601 780 4663 cautus
796 4618 868 4662 esse
886 4598 992 4677 debet,
1017 4604 1133 4663 utnon
1153 4598 1305 4665 absolute
1322 4603 1472 4669 retrahat
