3044 5174
420 296 539 350 Ministri
557 295 677 365 probitas
695 312 745 350 seu
763 298 853 349 status
872 295 986 364 gratiae.
1320 300 1362 364 19

121 474 164 539 R..
192 475 222 538 2.
256 471 290 537 Si
314 475 425 536 tamen
455 468 561 535 tristis
590 470 702 552 lapsus
733 469 903 548 acciderit,
935 492 1030 555 pacm
1058 474 1198 556 primum
1228 473 1363 540 studeat

76 584 102 628 'e
138 583 201 646 per
233 559 472 625 confessionem
503 557 574 622 sive
604 579 663 641 per
694 559 876 642 perfectam
910 559 1137 626 contritionem
1171 561 1204 626 in
1237 566 1360 628 statum

76 653 166 718 atiae
190 650 299 715 redire
322 668 427 730 neque
450 668 510 731 per
533 668 630 712 unam
654 648 768 714 horam
792 648 880 715 sinat
903 670 939 714 se
962 649 996 713 in
1018 654 1108 714 statu
1132 651 1261 734 peccati
1283 652 1362 717 hae·

76 762 117 807 re.
168 739 353 806 Secundum
376 737 508 804 Rituale
531 737 624 802 Rom.
659 738 863 814 „meminisse
887 738 984 805 debet
1014 759 1050 804 se
1074 739 1161 804 omni
1185 739 1254 806 fere
1277 743 1362 806 tem·

76 830 124 895 ris
159 832 326 893 momento
359 828 400 893 ad
433 829 502 892 tam
535 829 670 892 sanotae
704 827 998 894 administrationis
1032 827 1175 893 officium
1210 834 1363 913 paratum

76 941 107 986 se
132 922 321 1002 oportere“.

126 1025 166 1092 R.
185 1027 216 1091 3.
248 1024 283 1089 Si
305 1028 382 1107 post
403 1023 532 1105 lapsum
555 1021 719 1087 infelicem
739 1027 817 1088 ante
833 1026 1062 1106 recuperatum
1085 1027 1210 1090 statum
1233 1024 1363 1107 gratiae

76 1114 273 1198 ‚inopinato
298 1113 340 1178 ad
355 1115 564 1177 sacramenta
580 1113 778 1177 conferenda
793 1116 939 1189 vocetur,
964 1114 1123 1194 quantum
1145 1113 1211 1179 fert
1234 1118 1363 1198 tempus

91 1203 289 1280 necessitas,
313 1205 449 1267 conetur
471 1199 589 1266 saltem
612 1200 646 1264 in
662 1200 717 1266 via
741 1205 850 1267 actum
871 1201 1077 1268 contritionis
1100 1202 1218 1268 elicere
1242 1203 1363 1269 Deum-

78 1313 98 1359 e
122 1293 166 1359 ad
191 1292 225 1357 id
247 1291 376 1374 gratiae
399 1289 556 1356 auxilium
580 1310 623 1354 ex
646 1289 743 1355 eorde
766 1311 900 1372 rogare:
925 1291 1012 1373 quod
1035 1290 1064 1355 si
1086 1290 1198 1368 faciat,
1222 1313 1287 1358 non
1312 1299 1364 1359 est

76 1381 220 1448 nendum
252 1401 294 1446 ue
323 1401 359 1445 se
382 1400 468 1444 novo
491 1383 626 1461 peccato
651 1378 854 1461 coinquinet;
886 1402 961 1445 nam
986 1380 1164 1445 secundum
1188 1380 1220 1447 S.
1245 1381 1362 1464 Alph.

78 1494 107 1538 c.
141 1494 175 1537 n.
208 1473 251 1536 34
282 1469 364 1536 satis
394 1472 446 1534 est
480 1467 571 1543 ,elici
602 1467 830 1534 contritionem
861 1469 1076 1552 probabiliter
1105 1469 1362 1544 existimatam“,

76 1561 120 1627 od
147 1559 272 1625 homini
296 1562 416 1624 anem
441 1558 486 1621 ad
508 1557 612 1622 Deam
640 1559 749 1624 redire
770 1560 884 1624 volenti
912 1557 1113 1641 impossibile
1136 1580 1201 1624 non
1225 1564 1292 1637 est,
1324 1581 1363 1624 eo

76 1650 119 1716 od
133 1650 227 1715 Deus
240 1647 360 1714 homini
376 1645 502 1730 petenti
520 1650 554 1710 et
566 1646 700 1712 facienti
718 1647 804 1729 quod
821 1650 873 1712 est
889 1647 922 1710 in
935 1667 971 1711 se
987 1647 1098 1729 gratia
1114 1668 1174 1713 sua
1189 1669 1254 1713 non
1267 1648 1361 1714 desit.

123 1739 180 1804 Ex
204 1737 246 1802 iis
269 1758 352 1819 quae
368 1735 464 1800 modo
481 1734 585 1799 fusius
601 1735 689 1800 diota
705 1740 782 1801 sunt
797 1736 894 1802 facile
910 1737 1020 1801 solves
1036 1759 1146 1802 casum
1161 1741 1361 1819 sequentem.

239 1936 452 2002 MINISTER
474 1935 522 2000 IN
546 1935 689 2002 STATU
712 1936 893 2002 PECCATI
917 1935 1168 2009 EXSIS'PENS.

615 2093 726 2159 Casas.
747 2101 787 2169 (a)

126 2237 226 2298 Carus
248 2234 395 2311 parochus
416 2231 577 2292 infeliciter
596 2232 699 2309 lapsus
720 2252 773 2309 per
794 2238 856 2292 tres
878 2253 972 2293 annos
987 2234 1085 2295 haesit
1105 2234 1136 2293 in
1157 2239 1280 2312 peccato
1302 2255 1365 2296 suo.

76 2319 163 2379 terim
185 2323 288 2375 tamen
309 2314 408 2374 omnia
427 2332 550 2372 munera
571 2312 755 2390 parochialia
776 2318 807 2371 et
827 2314 1025 2374 sacerdotalia
1055 2315 1150 2374 obivit
1178 2316 1364 2386 celebrando,

76 2402 230 2458 eramenta
256 2394 467 2463 ministrando,
498 2393 711 2464 contionando,
741 2393 886 2453 exercitia
906 2394 1071 2455 devotionis
1093 2396 1294 2472 pomeridiana
1314 2397 1364 2455 ha·

76 2478 132 2538 udo
154 2476 248 2536 etiam
269 2475 404 2553 exposito
426 2494 466 2534 ss.
488 2479 693 2545 sacramento,
714 2473 912 2534 matrimoniis
933 2476 1120 2546 assistendo,
1142 2476 1364 2536 henedictiones

76 2559 138 2618 rias
161 2557 288 2632 agendo.

125 2645 215 2705 Nunc
237 2644 361 2714 demum,
383 2642 481 2719 gratia
494 2647 602 2714 tactus,
625 2662 692 2701 sese
714 2662 780 2701 cum
794 2643 859 2702 Deo
880 2643 1072 2703 reconciliare
1088 2644 1185 2722 cupit;
1206 2645 1258 2704 sed
1279 2666 1365 2723 quoe·

76 2749 116 2788 ur
139 2725 285 2804 quomodo
316 2724 466 2800 explicare
495 2730 525 2782 et
546 2742 717 2781 enumerare
739 2724 845 2782 debeat
866 2724 1024 2800 sacrilegia
1044 2744 1115 2798 sua,
1143 2731 1176 2785 ut
1204 2731 1363 2804 praecepto

76 2807 239 2868 nfessionis
261 2804 451 2888 satisfaciat?

636 2952 771 3020 Salutio.

129 3099 183 3164 An
207 3116 397 3172 eunusmuu
414 3095 453 3160 R.
474 3097 501 3160 1.
533 3095 612 3160 Cum
635 3094 763 3158 dicatur
778 3093 880 3158 Carus
903 3093 1061 3157 mansisse
1083 3093 1116 3159 in
1140 3099 1280 3178 peccato¹
1294 3114 1408 3171 sumar

76 3188 201 3254 utiliter
225 3185 393 3267 quaeritur
415 3205 493 3248 num
517 3188 595 3249 ante
610 3187 889 3248 sacramentorum
908 3181 1222 3248 administrationem
1246 3186 1364 3250 saltem

76 3301 97 3343 r
120 3275 350 3343 contritionem
374 3274 554 3358 perfectam
578 3293 650 3336 sese
674 3293 746 3336 curn
770 3273 839 3335 Deo
863 3271 1134 3338 reconciliaverit.
1179 3273 1270 3348 Quod
1293 3273 1365 3354 qui-

76 3389 114 3432 na
129 3367 165 3430 in
180 3364 289 3446 rigore
305 3363 435 3439 sufficit,
453 3362 480 3426 si
497 3361 659 3446 excipitur
674 3383 716 3426 ss.
735 3361 855 3424 missae
871 3361 1071 3426 sacrificium
1083 3361 1365 3443 eucharistiaeque

77 3455 194 3539 mptio.
228 3453 292 3518 Sed
315 3474 388 3517 cum
412 3452 514 3517 Carus
537 3451 635 3516 etiam
661 3450 827 3516 celebrare
851 3450 920 3514 sine
944 3449 1148 3515 confessione
1170 3451 1364 3534 perrexerit

95 3544 179 3610 satis
203 3542 347 3608 ostendit
382 3562 489 3623 neque
521 3539 725 3606 contritionis
756 3543 908 3604 conatum
940 3539 1084 3604 adfuisse
1114 3559 1220 3621 neque
1252 3561 1364 3604 veram

97 3634 259 3698 sinceram
290 3630 535 3705 contritionem,
566 3632 680 3712 utpote
703 3649 788 3710 quae
810 3628 854 3694 sit
877 3628 1084 3710 impossibilis
1109 3629 1178 3693 sine
1201 3649 1282 3693 vera
1306 3650 1365 3693 vo-

76 3728 170 3790 utate
203 3720 340 3786 cavendi
371 3719 404 3784 in
436 3723 602 3803 posterum
637 3739 656 3782 a
689 3718 804 3798 quevis
836 3721 971 3800 peccato
1004 3717 1115 3798 gravi:
1152 3739 1229 3782 nam
1262 3739 1365 3799 grave

76 3815 215 3878 iocatum
239 3815 290 3875 est
312 3830 371 3893 per
394 3829 430 3873 se
453 3808 619 3872 celebrare
642 3811 717 3889 post
740 3812 910 3889 peccatum
934 3827 1038 3888 grave
1062 3807 1268 3872 commissum
1287 3813 1365 3873 ante

76 3905 209 3986 ceptam
231 3897 502 3964 sacramentalem
526 3896 774 3961 absolutionem.

132 4017 172 4082 R.
192 4017 222 4079 2.
254 4014 306 4077 Ex
329 4017 428 4078 antea
451 4012 547 4077 dictis
571 4011 653 4076 satis
669 4010 836 4094 probabile
861 4014 912 4074 est
935 4011 1073 4076 mortale
1090 4011 1299 4092 sacrilegium
1324 4014 1365 4077 ab

76 4130 83 4170 o
107 4106 163 4190 qui
189 4104 223 4167 in
240 4106 330 4168 statu
346 4102 473 4184 peccati
496 4101 660 4166 exsistens
683 4121 795 4164 sacras
818 4099 1002 4164 functiones
1024 4105 1165 4182 peragat
1187 4122 1252 4165 non
1276 4122 1365 4164 com-

76 4196 137 4272 itti,
162 4193 226 4258 nisi
249 4196 370 4272 agatur
392 4191 432 4255 de
456 4190 658 4255 confectione
682 4193 963 4254 sacramentorum
987 4210 1007 4253 a
1028 4188 1176 4255 ministro
1200 4213 1263 4274 quc
1286 4211 1365 4254 con-

77 4288 173 4352 eraio
191 4280 337 4346 oriunda.
368 4279 453 4344 Hinc
470 4302 490 4344 a
513 4279 644 4344 mortali
668 4276 840 4359 sacrilegio
864 4277 1076 4360 probabiliter
1095 4279 1254 4343 immunes
1270 4284 1364 4344 sunt:

130 4383 165 4460 a)
190 4377 333 4460 liturgici
357 4380 450 4443 actus
473 4377 638 4441 variarum
663 4374 939 4450 benedictionum;

129 4472 164 4551 b)
190 4466 348 4533 exercitia
370 4466 504 4550 pietatis
527 4466 666 4549 publiea,
691 4466 790 4530 etiam
815 4484 885 4526 cum
904 4464 1054 4545 exposito
1078 4485 1120 4530 ss.
1139 4469 1363 4542 sacrament0;

186 4557 287 4621 immo
310 4555 381 4639 ipsa
403 4577 518 4620 sacrae
542 4554 775 4620 communionis
799 4552 998 4628 distributim

189 4643 357 4712 contiones
380 4665 536 4710 sacraeve
559 4644 810 4717 instructiones,

1122 4740 1159 4794 2⁸
