3044 5174
151 277 220 346 Ι368
493 277 699 334 Sacramentum
718 278 910 350 paenitentiae.
929 309 964 319 -
985 279 1137 351 Appendin

149 487 153 492 ⁷
244 455 368 521 Verum
391 456 444 522 die
469 458 488 522 8
511 456 591 541 Apr.
613 457 698 522 1884
722 456 788 521 Leo
804 455 884 521 XIII
907 456 1070 523 concessit
1091 456 1132 522 iis
1152 456 1210 540 qui
1234 479 1273 522 aa
1297 458 1483 523 rationabili
1515 370 1518 541 b

149 567 256 610 consa
277 547 424 633 impediti
443 546 583 629 fuerint,
610 545 781 628 quominus
804 545 859 609 vel
881 544 1019 627 genibus
1041 547 1138 611 flexis
1160 566 1275 630 preces
1296 545 1374 612 illas
1403 545 1482 611 reci-

150 637 238 712 ·tent,
262 635 317 699 vel
340 635 382 700 ad
405 635 548 701 sonitum
571 655 751 718 campanae
773 634 806 699 id
829 633 963 711 faciant,
987 639 1034 713 ut,
1059 635 1087 700 si
1108 635 1204 700 modo
1221 635 1330 718 digne,
1355 639 1481 703 attente

153 744 195 788 ac
219 723 337 788 devote
360 724 517 802 recitent,
542 724 673 789 easdem
695 722 917 806 indulgentias
939 725 1117 803 lucrentur,
1141 724 1302 790 addentes
1325 725 1368 790 ad
1394 727 1481 807 ,An-

153 815 242 898 gelus
267 812 417 878 Domini“
452 813 648 879 versiculum
680 814 769 894 ,Oro
797 835 856 898 pro
887 811 994 878 nobie“
1028 834 1102 879 cum
1130 813 1280 880 oratione
1312 815 1482 895 ,Gratiam

154 901 264 967 tuom“
273 925 288 983 ,·
310 905 345 967 et
367 902 422 984 qui
445 907 594 986 ternpore
608 901 755 986 paschali
772 922 877 983 neque
893 923 935 967 ex
951 902 1110 968 memoria
1124 923 1230 986 neque
1245 901 1386 985 legendo
1409 924 1482 987 pos·

154 990 223 1056 sint
237 990 378 1057 recitare
398 993 541 1077 ,Rapina
559 995 640 1057 coeli
657 991 742 1075 etc.“‚
767 994 805 1056 ut
827 1011 940 1056 eorum
962 991 1034 1057 loco
1057 991 1198 1058 recitent
1212 994 1382 1078 quioculos
1396 994 1483 1075 „Ace

155 1077 302 1147 Mario“.
327 1079 374 1148 ef.
399 1080 519 1148 Racc.
544 1103 575 1165 p.
602 1082 790 1148 210-211.

91 1206 147 1263 648
245 1201 298 1266 Ao
321 1222 513 1278 Quaamuuu
538 1206 577 1267 2²¹
599 1203 638 1268 R.
668 1205 696 1269 1.
728 1203 780 1267 Ex
805 1200 900 1268 dictis
922 1207 1026 1285 putet,
1051 1202 1128 1286 quid
1151 1201 1344 1287 responderi
1367 1202 1482 1270 debeat

157 1289 325 1356 Gennadio
349 1292 390 1357 ad
413 1291 456 1369 id,
482 1292 566 1373 quod
590 1313 655 1358 non
678 1291 796 1359 recitet
819 1290 957 1374 genibus
979 1291 1085 1359 flexis.
1117 1291 1151 1358 si
1167 1313 1203 1358 re
1218 1313 1301 1357 vera
1315 1291 1349 1357 in
1366 1293 1482 1377 plateis

156 1380 378 1461 genuflectere
393 1385 509 1447 contra
525 1402 616 1446 usum
634 1380 777 1464 regionis
793 1384 854 1459 est,
877 1401 897 1445 a
913 1381 1162 1462 genuflectendo
1179 1381 1369 1448 Gennadius
1385 1382 1483 1448 ratio·

156 1468 257 1533 nabili
281 1490 380 1535 causa
402 1469 588 1555 impeditur.

246 1574 285 1642 R.
311 1579 340 1642 2.
380 1575 472 1654 Quod
503 1576 690 1642 Gennadius
720 1579 798 1642 aute
828 1574 999 1641 ecclesiam
1030 1576 1071 1641 ab
1101 1598 1141 1642 ea
1173 1576 1299 1643 distans
1336 1577 1482 1643 consistit

156 1662 266 1746 ibique
288 1685 403 1749 preces
427 1665 548 1744 fundit,
582 1687 641 1750 pro
665 1665 855 1731 visitatione
878 1664 1036 1730 ecclesiae
1059 1665 1174 1731 haberi
1196 1668 1324 1750 potest,
1356 1667 1481 1750 quando
1513 1646 1518 1767 Ι

156 1753 297 1819 ccclesia
320 1754 444 1821 referta
467 1758 534 1833 est,
559 1754 607 1821 ita
630 1759 668 1821 ut
691 1754 859 1819 commode
881 1753 998 1820 intrari
1021 1775 1086 1819 uon
1109 1755 1230 1838 possit,
1265 1756 1321 1821 vel
1345 1756 1480 1838 qnando,
1513 1770 1518 1837 ξ

156 1842 296 1909 ecclesia
320 1844 448 1922 clausa,
482 1843 600 1926 aliquis
624 1848 702 1910 ante
725 1844 841 1909 valvas
864 1847 947 1908 orat.
977 1843 1033 1909 Tb.
1058 1865 1098 1909 m.
1123 1844 1171 1922 II,
1203 1846 1279 1911 541.
1326 1843 1480 1912 Attamen
1513 1842 1518 1909 Ι

119 1993 125 2004 ,
156 1937 255 1999 extra
284 1933 345 1998 hos
374 1954 486 2011 casus,
518 1954 578 2016 pro
607 1933 701 1999 libitu
731 1953 864 1998 munere
894 1936 991 1998 extra
1021 1933 1211 2011 ecclesiam,
1243 1932 1379 1999 minime
1411 1955 1480 2000 con·
1513 1980 1516 1987 -

155 2023 280 2087 sultam
305 2027 372 2100 est,
404 2043 477 2087 cnm
500 2022 671 2089 nonsatis
694 2025 824 2089 constet
846 2021 908 2086 hoc
931 2022 1027 2087 modo
1050 2022 1276 2107 praescriptae
1303 2022 1482 2089 visitationi

155 2110 317 2177 ecclesiae
340 2110 502 2178 satisfieri.
1234 2123 1236 2126 ’

353 2303 551 2370 IUBILAEI
573 2302 709 2369 NOTIO
735 2304 790 2369 ΕΤ
815 2301 961 2369 OPERA
984 2302 1295 2371 PRAESCRIPTA.

724 2469 837 2538 Casus.
856 2477 932 2544 (189)

247 2608 423 2669 Commodus
450 2628 516 2668 cum
546 2608 648 2668 audiat
675 2609 845 2667 annuntiari
872 2609 1031 2668 iubilaeum
1061 2610 1115 2667 sub
1150 2608 1340 2668 condicione:
1373 2608 1483 2668 confes·

156 2688 262 2759 sionis,
284 2710 307 2748 s.
323 2689 546 2760 communionis,
565 2689 746 2749 visitationis
760 2689 874 2765 aliquot
888 2688 1079 2748 ecclesiarum
1102 2688 1279 2765 compluries
1297 2690 1486 2766 repetendae,

159 2769 261 2828 ieiunii
281 2770 369 2829 trium
392 2770 502 2830 dierum
524 2775 555 2829 et
576 2772 782 2845 eleemosynae
796 2769 960 2839 faciendae,
983 2768 1090 2827 statuit
1110 2768 1182 2827 illud
1196 2769 1366 2844 neglegere,
1390 2789 1486 2828 secum

157 2855 301 2927 reputans
321 2871 355 2910 se
383 2870 471 2927 posse
499 2851 603 2910 iisdem
624 2851 779 2926 operibus,
808 2850 897 2908 innuo
924 2848 1085 2907 levioribus
1113 2848 1233 2925 saepius
1259 2850 1425 2925 plenariam
1447 2849 1486 2908 in·

157 2930 339 3005 dulgentiam
360 2931 485 3000 lucrari;
514 2932 620 2989 melius
641 2932 732 3005 igitur
753 2949 820 2988 esse
841 2930 907 3006 plus
934 2928 1045 2987 lucrari
1072 2947 1159 3004 quam
1186 2949 1275 2988 unam
1297 2929 1376 2988 hanc
1396 2929 1485 2988 indul·

157 3011 299 3087 gentiam.
328 3043 367 3052 -
394 3011 501 3070 Flavia
522 3031 538 3069 e
560 3011 724 3079 contrario,
753 3029 819 3068 cum
839 3009 968 3067 iubilaea
989 3028 1042 3085 pro
1064 3008 1256 3083 indulgentiis
1278 3009 1369 3084 longe
1391 3011 1486 3069 effica-

92 3093 99 3135 ἓ
159 3092 287 3151 cissimis
308 3092 426 3161 habeat,
449 3090 528 3150 dolet
549 3091 625 3165 quod
639 3095 761 3166 propter
774 3088 884 3148 ieiunia
899 3088 982 3148 feriis
996 3088 1049 3159 IV,
1071 3089 1124 3158 VI,
1148 3091 1273 3148 sabbato
1294 3088 1410 3150 indicta
1430 3110 1486 3149 non

158 3172 270 3248 pluries
291 3171 371 3230 adsit
390 3171 520 3229 facultas
541 3170 675 3229 lucrandi
696 3190 750 3246 pro
772 3169 937 3238 defunctis,
959 3169 1035 3246 petit
1055 3174 1223 3245 propterea,
1245 3175 1279 3228 ut
1299 3170 1412 3229 ieiunia
1434 3171 1485 3229 sibi

157 3257 376 3310 commutentur
396 3251 426 3309 in
446 3251 563 3310 rosaria
583 3251 631 3309 vel
652 3250 775 3321 missas,
806 3256 836 3309 et
857 3249 962 3309 statuit
983 3249 1088 3325 quavis
1109 3249 1292 3309 hebdomada
1314 3250 1423 3310 saltem
1444 3251 1485 3311 bis
1516 3290 1518 3299 ·

157 3332 319 3390 iubilaeum
339 3332 457 3392 lucrari.

158 3444 337 3514 Qununrrua
359 3449 387 3505 1⁰
409 3465 484 3521 quae
498 3446 558 3505 sint
572 3465 672 3522 opera,
694 3465 770 3521 quae
786 3445 822 3503 ad
837 3445 1011 3503 lucrandum
1032 3443 1190 3502 iubilaeum
1205 3444 1371 3520 praescribi
1386 3446 1486 3505 solent.

360 3547 390 3602 2⁰
411 3545 440 3602 iu
463 3564 519 3619 quo
541 3550 675 3620 praestet
696 3543 856 3602 iubilaeum
885 3562 975 3618 supra
1003 3540 1080 3599 alias
1101 3541 1303 3617 indulgentias
1330 3543 1485 3620 plenarias.
1515 3584 1518 3619 1

360 3643 390 3700 3⁰
411 3641 478 3778 (puid
500 3642 542 3780 clet
558 3642 708 3701 Commodi
736 3641 964 3700 ratiocinatione
986 3644 1016 3698 et
1045 3640 1081 3698 de
1101 3639 1225 3698 Flaviae
1253 3641 1341 3717 praxi
1371 3661 1485 3702 censen·
1516 3642 1518 3651 '

432 3741 480 3781 um
502 3742 550 3782 sr.

759 3852 893 3919 Solutio.

86 4006 141 4061 649
251 3992 302 4057 Ao
318 4015 509 4070 eunusmuu
528 3997 566 4058 ltn
582 3994 620 4060 a.
641 3998 669 4061 1.
704 3994 979 4076 Distinguendum
1003 3996 1054 4058 est
1076 3991 1252 4059 iubilaeum
1277 3994 1357 4059 anni
1375 3994 1482 4070 sancti,

160 4083 358 4165 regulariter
382 4085 496 4165 quovis
520 4105 605 4149 anno
630 4084 688 4148 25⁰
711 4104 884 4149 recurrens
906 4105 964 4148 seu
988 4081 1164 4148 iubilaeum
1196 4085 1408 4151 ordinarium
1438 4082 1481 4148 vel

159 4173 265 4238 maius
289 4195 309 4237 a
332 4174 472 4238 iubilaeo
495 4174 619 4238 minore
636 4195 693 4238 seu
712 4175 972 4239 extraordinario
996 4172 1068 4253 (seu
1090 4172 1297 4254 indulgentia
1321 4175 1482 4241 adinstar

160 4264 291 4327 iubilcei
314 4263 493 4343 concessa),
518 4263 604 4345 quod
627 4263 766 4327 diversis
789 4261 1012 4327 occasionibus
1036 4261 1194 4327 celebrari
1218 4261 1321 4340 solet,
1347 4263 1481 4330 maxime

160 4351 252 4417 initio
268 4353 479 4435 pontificatus
495 4351 572 4415 noru'
587 4351 725 4416 Romani
743 4351 919 4429 Pontificis,
942 4351 996 4415 vel
1012 4350 1046 4414 iu
1063 4350 1220 4432 gravibus
1236 4353 1480 4420 necessitatibus

160 4463 219 4524 pro
244 4442 379 4508 arbitrio
404 4442 435 4507 S.
462 4441 564 4506 Sedis.
1515 4451 1518 4475 ³

250 4544 288 4609 a.
315 4548 343 4609 2.
384 4545 420 4608 ln
452 4547 590 4624 utroque
620 4542 759 4608 iubilaeo
783 4543 868 4608 solet
892 4542 1054 4608 confessio
1078 4545 1112 4607 et
1135 4563 1161 4608 s.
1187 4544 1374 4610 commuuio
1397 4561 1478 4630 prae·
1498 4572 1518 4663 p

158 4633 257 4698 scribi
282 4634 396 4699 eodem
419 4632 514 4697 modo
538 4636 575 4697 ut
598 4633 724 4715 reliqna
747 4654 847 4717 opera
870 4633 964 4697 bona.
1012 4632 1049 4697 In
1072 4631 1213 4697 iubilaeo
1237 4633 1365 4700 maiore
1396 4651 1477 4720 prac-
1497 4665 1513 4693 n
