3044 5174
358 303 485 359 Minister
503 303 604 374 paenit
622 333 657 345 -
675 303 776 372 agendi
793 304 863 359 ratio
881 320 944 360 oum
961 302 1162 358 occasionariis.
1360 305 1427 371 343

93 479 212 545 modus
234 477 363 544 facilior
385 478 465 558 erit,
496 478 525 544 si
547 479 649 546 etiam
671 479 723 545 vir
743 479 800 546 ille
822 481 865 545 ad
888 479 1055 546 meliorem
1077 479 1207 562 frugem
1229 479 1282 544 vel
1306 479 1348 545 ad
1372 499 1425 545 se-

94 568 181 634 rium
204 568 409 652 propositum
439 567 577 634 cavendi
599 589 620 634 a
643 572 780 653 peccato
809 568 917 635 induci
947 568 1061 653 possit.
1107 567 1224 650 Neque
1253 568 1425 636 tamenin

95 658 158 724 hac
182 658 255 725 sola
276 657 449 724 voluntate
478 658 641 723 fidendum
671 661 739 735 est,
771 658 829 724 sed
859 663 997 725 externa
1026 656 1127 725 stiam
1157 657 1321 741 praesidia
1344 661 1421 725 sunt

94 746 291 813 adhibenda.
338 746 446 823 Quare
468 747 529 812 sub
552 747 661 829 aliquo
683 751 860 831 praetextu
882 747 953 813 sive
980 750 1136 832 parentes
1160 745 1331 813 Gertrudis
1353 746 1425 813 sive

94 836 153 901 alii
177 834 338 902 invitandi
362 840 454 914 sunt,
484 840 524 902 ut
545 835 711 902 exercitiis
733 836 878 902 musicae
900 836 997 902 simul
1020 835 1196 914 assistant,
1227 836 1282 902 vel
1305 835 1424 903 saltem

95 924 145 991 ita
169 944 210 990 ea
232 924 392 991 exercitia
412 924 638 1002 instituantur,
663 929 701 991 ut
723 925 814 991 locus
836 925 881 992 sit
904 930 1039 1009 apertus
1062 930 1097 992 et
1116 924 1249 1009 pervius
1272 923 1306 991 in
1329 944 1426 1006 quem

95 1014 246 1096 quolibet
268 1016 416 1096 tempore
448 1013 505 1078 alii
536 1014 664 1098 possint
694 1013 818 1080 intrare
849 1018 948 1097 atque
978 1013 1156 1081 identidem
1188 1013 1287 1080 etiam
1312 1035 1354 1079 ex
1376 1012 1427 1077 in·

95 1104 234 1188 opinato
257 1102 413 1169 intraturi
436 1103 511 1170 sint.

188 1209 310 1287 Quodsi
333 1208 431 1275 aliter
454 1209 593 1275 obtineri
617 1213 775 1291 nequeat,
807 1209 979 1276 Gertrudis
1009 1213 1121 1292 potest
1151 1212 1186 1276 et
1208 1208 1307 1274 debet
1329 1205 1428 1274 matri

96 1298 208 1364 dicere
232 1297 468 1364 confessarium
491 1298 594 1382 ipsam
619 1297 752 1364 iussisse
781 1302 921 1366 matrem
945 1319 1078 1364 monere
1102 1298 1142 1363 de
1170 1318 1207 1363 re
1230 1319 1347 1380 parum
1369 1296 1428 1361 ho·

95 1392 206 1464 nesta,
230 1409 406 1475 numquam
427 1409 493 1453 non
504 1390 695 1475 periculoso,
719 1387 747 1452 si
762 1388 872 1473 puella
894 1387 964 1453 sola
981 1386 1062 1453 adso
1084 1386 1199 1453 intime
1216 1389 1429 1452 conversetur

96 1498 173 1545 cum
196 1475 286 1554 vir03
318 1496 419 1559 quare
443 1476 485 1542 ad
507 1475 770 1561 praecavendum
793 1476 972 1562 periculum
995 1476 1094 1540 immo
1117 1475 1333 1560 suspicionem
1357 1495 1429 1545 ma·

95 1568 166 1632 lam
188 1586 226 1631 se
249 1564 368 1630 debere
392 1569 521 1651 petere,
551 1568 589 1631 ut
617 1564 739 1632 habeat
768 1569 916 1650 tempore
946 1564 1096 1633 exercitii
1125 1564 1287 1631 comitem.
1335 1564 1453 1629 Haec·

96 1656 210 1723 dicere
232 1658 344 1739 potest
366 1654 436 1722 sine
459 1655 509 1721 sui
526 1653 630 1720 vinive
653 1654 885 1722 diffamatione.
917 1654 977 1723 Ille
999 1653 1101 1737 igitur
1124 1652 1250 1733 modus,
1274 1652 1339 1720 etsi
1361 1673 1427 1721 non

97 1764 197 1813 omne
226 1743 406 1829 periculum
429 1746 616 1822 removeat,
647 1747 758 1810 tamen
781 1747 930 1811 removet
953 1743 1017 1822 ita,
1049 1747 1087 1811 ut
1115 1742 1214 1810 liceat
1242 1740 1429 1809 huiusmodi

96 1833 221 1899 saltem
243 1836 413 1899 tentamen
435 1832 555 1898 facere.

190 1947 230 2014 R.
260 1951 290 2014 2.
345 1947 378 2014 Si
408 1951 518 2014 autem
549 1947 602 2015 vir
631 1947 730 2016 fuerit
760 1947 929 2027 seductor,
961 1968 1066 2031 neque
1096 1946 1282 2014 admonitus
1312 1945 1430 2015 etiam-

98 2059 187 2103 nunc
212 2036 360 2114 desistat,
385 2036 442 2102 sed
466 2037 597 2102 eludere
621 2041 760 2119 quaerat
782 2037 961 2102 remedium
984 2036 1080 2102 modo
1104 2035 1243 2102 dictum:
1273 2034 1428 2101 Gertrudi

98 2126 181 2192 nihil
205 2125 399 2208 relinquitur
421 2125 483 2191 nisi
508 2129 553 2202 ut,
577 2128 729 2207 neglecta
752 2125 842 2191 fama
862 2126 933 2203 viri,
959 2125 1149 2209 parentibus
1173 2145 1304 2190 causam
1329 2123 1428 2202 dicat,

98 2238 160 2281 cur
183 2215 270 2280 hunc
292 2214 398 2279 virum
422 2214 642 2281 institutorem
666 2215 832 2298 privatum
847 2214 968 2280 habere
991 2215 1053 2280 sibi
1076 2214 1215 2297 amplius
1231 2234 1296 2279 non
1319 2213 1428 2291 liceat,

98 2310 137 2373 et
160 2325 220 2372 cur
243 2303 343 2371 etiam
360 2325 431 2370 cum
449 2303 617 2389 dispendio
632 2304 854 2388 pecuniarum,
880 2325 964 2387 quae
980 2303 1078 2370 alteri
1094 2302 1272 2369 solvendae
1294 2301 1427 2381 fuerint,

98 2396 244 2551 {litgirssrm
266 2413 424 2549 {quaerere
447 2397 617 2469 teneatur;
641 2393 700 2460 sed
722 2397 760 2459 ut
776 2393 862 2477 apud
886 2415 960 2459 eum
983 2392 1096 2460 statim
1114 2392 1155 2459 ab
1172 2391 1264 2458 initio
1281 2391 1430 2460 cautelae

202 2503 265 2550 ean
282 2504 330 2548 ur.

507 2638 684 2707 OCCASIO
708 2638 926 2707 PECCANDI
948 2638 1033 2723 (IV).

660 2803 770 2871 Casus.
793 2812 868 2881 (174)

194 2947 386 3018 Lambertue,
408 2945 579 3022 frequenter
600 2944 702 3004 adiens
723 2946 893 3013 tabernam,
923 2944 1067 3023 paulatim
1088 2964 1124 3004 eo
1145 2944 1265 3005 devenit
1285 2951 1319 3004 ut
1339 2964 1430 3022 saepe

98 3027 144 3088 ibi
165 3047 233 3087 sese
253 3024 395 3096 inebriet,
427 3031 457 3084 et
484 3029 518 3084 ut
537 3024 652 3084 lusibus
680 3024 837 3100 indulgens
864 3029 926 3083 tum
953 3026 1042 3085 rebus
1070 3024 1265 3084 familiaribus
1293 3027 1430 3085 damnum

99 3113 200 3179 creet,
229 3112 292 3166 tum
319 3106 349 3165 in
376 3105 578 3182 blasphemias
605 3124 794 3183 prorumpere
816 3105 921 3164 soleat.
969 3104 1159 3166 confessario
1188 3105 1367 3183 postulanti,
1398 3110 1432 3165 ut

99 3189 223 3250 omittat
237 3185 354 3246 omnino
368 3185 482 3245 intrare
504 3185 585 3244 illam
601 3187 763 3255 tabernam,
785 3185 945 3261 respondet
965 3204 997 3244 se
1019 3185 1049 3245 id
1068 3205 1128 3245 non
1149 3205 1245 3262 posse,
1268 3204 1301 3244 se
1320 3184 1363 3244 ibi
1383 3204 1432 3244 ne·

99 3268 187 3343 gotia
207 3267 364 3327 tractanda
384 3266 504 3337 habere,
526 3265 603 3324 unde
623 3264 721 3324 victus
742 3285 795 3342 pro
816 3285 848 3325 se
870 3270 901 3323 et
920 3265 1034 3324 familia
1054 3267 1191 3343 pendeat.

101 3388 284 3459 duremus
305 3384 373 3463 quid
394 3385 525 3464 permitti
545 3384 704 3444 Lamberto
724 3383 829 3461 possit,
851 3384 920 3462 quid
942 3384 1049 3444 debeat
1068 3384 1193 3463 iniungi,

703 3585 839 3653 Salutio.

193 3737 247 3804 An
271 3756 463 3812 quassrruu
486 3735 524 3801 R.
551 3737 579 3800 1.
614 3734 749 3801 Slvere
773 3735 821 3802 ita
844 3739 905 3812 est,
930 3740 967 3802 ut
989 3735 1184 3800 Lambertus
1209 3733 1297 3811 dicit,
1322 3733 1495 3804 taber-603

102 3847 182 3894 nam
205 3824 297 3892 adire
321 3828 372 3891 est
396 3824 425 3891 si
449 3824 558 3905 aliquo
589 3824 684 3890 modo
715 3824 944 3892 necessarium.
992 3822 1198 3890 Perscrutari
1228 3822 1325 3889 debet
1356 3843 1433 3887 con·

102 3914 273 3992 fessarius,
298 3935 375 3980 num
391 3934 508 3980 revera
531 3912 579 3980 ita
599 3913 652 3980 sit.
691 3913 779 3979 Nam
802 3933 900 3998 saepe
923 3915 971 3990 fit,
996 3917 1033 3979 ut
1056 3916 1206 3978 amantes
1230 3911 1433 3977 occasionem

106 4003 340 4072 necessitatem
361 4004 500 4085 fingant,
525 4023 609 4084 quae
633 4002 775 4079 nonsit,
800 4001 925 4086 sibique
948 4001 1009 4086 ipsi
1035 4001 1183 4068 illudant.
1218 4001 1308 4065 Serio
1332 3999 1434 4081 igitur

104 4092 300 4176 inquiratur,
325 4113 400 4157 num
418 4091 523 4176 possit
542 4090 619 4156 alibi
635 4091 811 4157 convenire
827 4112 900 4156 cum
921 4091 961 4156 iis
978 4091 1167 4173 quibuscum
1184 4088 1318 4172 negotia
1333 4087 1435 4153 habet

102 4180 293 4250 tractanda.
324 4180 416 4258 Quod
439 4180 467 4246 si
490 4184 610 4264 potest,
636 4180 765 4247 etiamsi
789 4202 861 4246 cum
886 4181 994 4262 aliquo
1010 4179 1213 4247 incommodo
1238 4178 1290 4242 vel
1315 4176 1433 4241 damno

104 4292 170 4338 non
193 4269 341 4348 notabili,
365 4269 499 4335 insistat
523 4268 751 4347 confessarius,
776 4274 812 4336 ut
834 4270 1028 4335 Lambertus
1051 4269 1222 4336 tabernam
1239 4267 1352 4332 evitet.
1387 4265 1435 4329 At

103 4362 134 4426 si
150 4360 305 4429 damnum
321 4358 503 4444 temporale
519 4357 663 4424 notabile
680 4358 832 4437 adfuerit,
858 4358 1080 4441 quaerendum
1096 4362 1157 4433 est,
1183 4361 1219 4421 ut
1238 4355 1310 4421 aliis
1329 4352 1435 4419 modis

104 4449 251 4538 periculo
275 4448 426 4516 obvietur
449 4452 549 4529 atque
572 4447 701 4513 occasio
725 4469 767 4513 ex
791 4448 940 4532 proxima
963 4448 1121 4513 reddatur
1144 4449 1281 4512 remota.

196 4565 235 4631 R.
267 4567 297 4630 2.
345 4563 550 4646 Quapropter
580 4562 608 4627 si
640 4562 808 4645 ingressus
839 4563 872 4629 in
901 4563 1073 4629 tabernam
1105 4580 1169 4626 non
1198 4562 1310 4645 potest
1338 4558 1435 4643 plene

103 4651 269 4733 interdici,
292 4652 509 4720 interdicatur
531 4651 692 4734 imprimis
714 4652 805 4717 lusus
828 4651 894 4730 ille,
919 4651 973 4734 qui
997 4650 1124 4716 occasio
1141 4653 1193 4716 est
1216 4645 1437 4733 blasphemia·
