3044 5174
479 267 597 321 Materia
615 267 750 337 proxima:
770 296 805 304 —
825 265 972 321 Confessio.
1324 270 1388 335 195
1443 264 1448 269 ’

58 443 241 508 fossionem
270 442 358 519 fieri;
389 444 632 528 suspensionem
663 449 772 509 autern
803 445 939 510 effectus
969 463 987 507 e
1017 443 1123 512 medio
1153 444 1223 508 tolli
1252 443 1391 527 ideoque

59 532 302 598 absolutionem
337 553 431 597 suum
466 535 617 599 effectum
652 533 762 599 sortiri
796 542 894 615 certo,
930 532 1058 615 quando
1093 532 1219 614 reliqua
1252 540 1391 616 peccata

59 621 263 704 paenitentis
297 621 466 698 mortalia,
502 621 664 687 oblivione
699 622 836 699 omissa,
872 621 1020 686 clavibus
1053 620 1116 687 rite
1151 621 1298 688 subiecta
1332 624 1390 688 ab·

60 711 237 777 solvantur
260 710 312 774 vel
336 711 530 776 contritione
553 710 701 794 perfecta
724 711 933 788 aboleantur,
955 711 1173 796 probabiliter,
1197 712 1326 793 quando
1350 712 1391 777 de

60 799 209 883 peccatis
225 799 466 882 inculpabiliter
481 799 610 865 omissis
625 800 718 865 dolor
733 799 913 866 attritionis
929 820 988 883 pro
1005 802 1211 865 sacramento
1225 800 1391 866 sufficiens

60 888 286 971 concipiatur,
316 889 412 953 modo
442 909 482 953 ue
513 910 633 954 novum
663 894 833 972 peccatum
864 890 1003 955 mortale
1030 889 1159 954 interim
1184 889 1390 955 commissum

61 977 174 1044 fuerit.
215 976 248 1042 N
250 998 301 1042 am
318 977 345 1042 si
364 977 412 1042 ita
435 977 535 1045 fuerit
550 979 765 1055 commissum,
791 978 831 1044 ad
848 978 1105 1061 recuperandum
1122 982 1246 1044 statum
1262 979 1391 1060 gratiae

61 1076 146 1133 certo
162 1066 340 1149 requiritur
356 1067 408 1131 vel
432 1068 580 1150 perfecta
598 1067 760 1143 contritio,
785 1068 838 1132 vel
862 1068 991 1134 attritio
1007 1088 1080 1132 oum
1096 1067 1176 1133 reali
1193 1068 1390 1133 sacramenti

61 1156 273 1239 susceptione
295 1176 354 1220 seu
377 1156 582 1223 absolutione
605 1156 846 1223 sacramentali.
893 1156 940 1222 ef.
970 1157 1026 1221 lb.
1050 1179 1092 1223 m.
1116 1156 1157 1232 ll,
1182 1159 1256 1222 299.

152 1246 199 1312 ut
223 1244 299 1327 quia
321 1265 439 1311 revera
461 1245 628 1329 probabile
652 1250 704 1312 est
726 1245 759 1310 in
783 1267 862 1311 casu
884 1249 997 1311 nostro
1021 1246 1074 1311 vel
1098 1266 1176 1310 casu
1199 1245 1297 1311 simili
1318 1265 1391 1311 esse

61 1338 306 1401 sacramentum
330 1334 473 1399 validum
498 1339 535 1400 at
556 1333 705 1409 informe,
729 1336 873 1418 repetita
896 1335 1062 1400 accusatio
1085 1333 1212 1417 peccati
1235 1335 1299 1400 iam
1317 1356 1390 1400 cum

62 1424 176 1489 dolore
199 1423 391 1507 particulari
415 1423 561 1489 accusati
582 1423 704 1508 imponi
727 1424 849 1506 nequit.

277 1615 335 1680 DE
360 1614 671 1681 CONFESSIONR
718 1614 952 1682 CONFESSIO
976 1613 1184 1681 INTEGRA.

631 1772 741 1838 Casus.
761 1779 818 1848 (98)

152 1905 296 1965 Rusticus
313 1911 381 1981 post
402 1925 497 1964 annos
518 1924 534 1963 e
555 1905 693 1964 vitiorum
707 1923 799 1964 caeno
822 1904 858 1962 ad
875 1904 1023 1964 meliorem
1044 1904 1136 1963 vitam
1157 1922 1332 1963 reversurus
1347 1905 1390 1964 ita

62 1986 240 2045 confitetur:
261 1987 288 2043 A
304 1990 429 2062 quinque
442 1990 527 2043 crariis
548 1985 642 2043 omnis
662 1985 780 2060 generis
800 1984 948 2043 luxuriam
962 1984 1147 2062 perpetravi3
1170 1982 1232 2041 vixi
1252 1983 1282 2041 in
1302 1985 1391 2060 plena

62 2067 119 2124 Dei
141 2071 173 2124 et
192 2064 347 2124 Ecclesiae
369 2065 531 2134 oblivione;
561 2066 591 2123 in
613 2064 740 2141 pueritia
761 2064 893 2123 commisi
915 2070 1085 2141 peccatum,
1114 2063 1190 2140 quod
1211 2082 1327 2141 semper
1348 2070 1391 2124 ta-

61 2146 110 2204 cui
132 2146 163 2204 in
184 2145 334 2222 prioribus
356 2145 610 2214 confessionibus,
640 2145 691 2203 sed
721 2163 799 2202 nunc
828 2164 888 2203 non
916 2145 1043 2222 amplius
1071 2144 1227 2215 recordor,
1259 2144 1326 2220 quid
1347 2146 1391 2204 rei

61 2227 162 2285 fuerit.
206 2225 291 2284 Haec
312 2224 411 2284 omnia
433 2230 503 2284 sunt
523 2244 598 2300 quas
620 2224 717 2283 dicere
739 2224 858 2300 possim.

62 2339 245 2408 Quasmrua
268 2342 298 2396 1ο
318 2358 393 2414 quae
414 2345 445 2398 et
465 2339 561 2414 qualis
583 2339 782 2414 distinguatur
803 2338 1002 2398 confessionis
1023 2338 1191 2414 integritas.

264 2429 294 2485 2⁰
315 2447 389 2503 quas
411 2428 568 2503 integritas
590 2428 757 2504 requiratur
777 2429 873 2503 quoad
894 2434 1084 2505 peccatorum
1106 2428 1229 2505 species.

267 2518 297 2576 3ο
319 2536 394 2592 quae
415 2517 454 2575 sit
475 2517 646 2576 necessaria
667 2517 760 2592 quoad
782 2523 971 2593 peccatorum
992 2537 1153 2577 numerum.

263 2611 294 2663 4ο
315 2607 383 2682 quid
405 2606 445 2664 sit
466 2606 619 2666 dicendum
642 2607 677 2665 de
698 2607 872 2682 integritate
895 2607 1090 2665 confessionis
1111 2605 1235 2666 Rustici.

661 2789 796 2856 Salutio.
822 2877 832 2885 ἡ

154 2926 208 2989 Au
225 2943 416 2999 ounnsrruu
443 2926 479 2987 1¹²²
500 2923 538 2989 R.
559 2925 586 2988 1.
627 2921 805 3003 Integritas
829 2922 947 2988 dicitur
970 2921 1151 2988 materialis
1175 2926 1209 2988 et
1232 2923 1390 2990 formalis.
1401 2938 1454 2992 334

62 3015 250 3080 Materialis
273 3011 448 3095 integritas
472 3010 684 3077 confessionis
708 3011 864 3090 babetur,
895 3011 924 3077 si
948 3012 1057 3077 omnia
1079 3017 1217 3095 peccata
1240 3013 1392 3079 mortalia

62 3107 141 3187 post
163 3102 361 3185 baptismum
386 3100 558 3166 commissa
582 3101 719 3165 necdum
743 3101 866 3167 directe
890 3101 1042 3167 absoluta
1066 3105 1272 3167 accusantur.

155 3190 246 3268 Quae
275 3189 450 3272 integritas
475 3213 536 3274 per
565 3213 597 3256 se
628 3190 820 3272 requiritur,
851 3190 899 3255 ita
930 3194 967 3256 ut
992 3190 1061 3255 sine
1085 3211 1125 3255 ea
1149 3189 1308 3255 confessio
1333 3211 1392 3274 per

63 3302 100 3346 se
132 3302 197 3346 non
227 3279 273 3346 sit
301 3278 484 3344 formaliter
514 3278 678 3344 sufficiens
709 3280 761 3344 vel
792 3279 937 3361 integra,
972 3300 1036 3362 qua
1066 3279 1138 3361 quis
1168 3279 1391 3346 remissionem

65 3375 278 3455 peccatorum
302 3372 530 3450 consequatur.

156 3458 220 3523 Per
251 3457 403 3523 accidens
434 3461 545 3523 tamen
576 3456 646 3520 fieri
679 3461 790 3539 potest
822 3460 859 3523 ut
890 3456 971 3522 baec
1003 3457 1101 3540 plena
1133 3457 1294 3522 confessio
1326 3479 1391 3523 nou

63 3548 254 3631 requiratur
276 3548 319 3613 ad
342 3546 564 3612 remissionem
589 3545 814 3622 obtinendam,
840 3545 911 3610 sive
935 3551 971 3612 ut
994 3546 1104 3612 adsint
1127 3567 1246 3611 causae
1270 3547 1311 3612 ab
1335 3547 1393 3612 illa

62 3637 260 3720 integritate
277 3639 483 3702 excusantes.
519 3635 609 3711 Quod
634 3634 660 3699 si
678 3635 813 3711 obtinet,
836 3637 986 3718 formulis
1000 3634 1176 3717 integritas
1193 3656 1213 3699 a
1229 3635 1392 3701 materiali

64 3728 223 3794 distincta
247 3746 286 3791 ea
310 3729 361 3790 est
391 3744 474 3806 quae
499 3724 753 3808 comprehendat
777 3724 884 3789 omnia
907 3729 1043 3807 peccata
1068 3745 1203 3806 quorum
1230 3724 1391 3790 confessio

63 3820 117 3883 iric
140 3825 168 3881 et
191 3838 276 3880 lianc
299 3817 350 3880 est
373 3818 559 3897 praecepta.

155 3914 194 3979 R..
221 3917 250 3978 2.
298 3912 376 3977 Cum
407 3911 440 3976 in
472 3911 510 3975 iis
541 3911 596 3991 qui
625 3910 736 3976 multis
766 3911 910 3993 peccatis
941 3911 1132 3976 mortalibus
1156 3911 1286 3976 obnoxii
1316 3916 1392 3978 sunt

64 4003 222 4069 facillime
247 4001 393 4066 accidere
417 4000 531 4084 possit,
556 4003 592 4065 ut
616 4000 795 4081 aliquorum
818 3999 1052 4065 obliviscantur
1068 4021 1170 4082 eaque
1187 4000 1392 4084 inculpabilis

65 4092 187 4158 oblivio
217 4111 254 4155 re
277 4111 357 4155 vera
387 4089 431 4155 sit
460 4089 637 4172 praecipua
667 4110 767 4154 causa
797 4110 973 4154 excusans:
1005 4088 1177 4171 integritas
1206 4090 1393 4155 necessaria

64 4183 131 4247 iam
164 4179 379 4245 communiter
409 4178 528 4244 dicitur
562 4178 740 4256 ,confessio
772 4178 912 4243 omnium
936 4200 1049 4244 eorum
1072 4182 1281 4261 peccatorum
1305 4201 1392 4243 mor·

64 4271 192 4346 talium,
218 4288 354 4350 quorum
377 4272 453 4351 post
477 4267 615 4351 diligens
632 4289 770 4333 examen
788 4268 942 4333 memoria
958 4269 1128 4334 habetur“.
1167 4268 1220 4333 ita
1236 4289 1392 4351 expresse

63 4360 211 4442 loquitur
243 4359 333 4422 Coae.
363 4359 452 4423 Trio.
484 4379 564 4422 sess.
599 4360 656 4433 14,
688 4379 715 4424 c.
744 4362 780 4433 5,
811 4362 910 4439 atque
941 4357 1035 4423 docet
1065 4357 1199 4421 ibidem:
1236 4357 1393 4438 ,Reliqua

64 4455 176 4515 autem
201 4452 348 4531 peccata,
373 4468 456 4528 quae
481 4446 655 4528 diligenter
679 4446 837 4528 cogitanti
861 4468 924 4511 non
947 4449 1129 4520 occurrunt,
1154 4447 1186 4509 in
1205 4447 1391 4510 universum

64 4539 180 4605 eadem
206 4536 409 4602 confessione
439 4535 566 4600 inclusa
590 4555 661 4599 esse
691 4535 953 4617 intelleguntur.“
981 4535 1131 4600 —Sunt
1158 4541 1268 4600 tamen
1293 4535 1392 4601 etiam

64 4629 151 4695 aliae
176 4646 298 4692 causae
321 4630 528 4702 excusantes,
553 4623 593 4688 de
618 4623 733 4707 quibus
757 4625 844 4689 infra
867 4624 1000 4690 dicetur.

1133 4727 1184 4781 13*
