3044 5174
146 256 212 320 474
614 251 819 308 Sacramentum
836 253 1009 309 matrimonii.

234 435 274 501 R.
299 437 329 501 3.
375 433 496 511 Quodsi
526 432 626 516 igitur
655 432 823 516 sponsalia
851 452 917 498 uon
941 432 1046 498 solum
1069 432 1289 501 rescindibilia
1313 439 1472 519 exparte

145 522 343 602 Ludmillae,
373 524 432 589 sed
454 522 646 606 simpliciter
667 523 758 589 nulla
780 527 892 601 erant,
915 543 957 588 ne
980 521 1119 588 Drusius
1142 523 1272 605 quidem
1300 525 1371 590 ulla
1393 524 1471 590 obli·

145 613 279 694 gatione
309 616 451 680 tenetur.
505 611 612 689 Quare
642 611 805 677 Ludmilla
835 615 968 695 postea,
1001 617 1128 679 mutato
1161 613 1315 686 consilio,
1349 613 1472 679 husan

146 702 320 780 reclamat3
350 722 455 784 neque
478 700 589 768 licebit
612 701 730 766 Drusio
754 701 893 767 alteram
916 700 1075 785 puellam,
1106 722 1246 784 quacum
1268 723 1352 768 vera
1375 723 1472 786 apon-

145 790 229 856 salia
246 791 361 857 deinde
385 791 562 869 contraxit,
586 789 767 874 repudiare,
792 793 830 855 ut
845 791 1039 855 Ludmillam
1054 790 1088 855 in
1103 790 1348 858 matrimonium
1364 791 1471 859 ducat

235 896 274 964 R.
303 899 333 964 4.
380 897 414 963 Si
445 900 554 963 autem
585 917 640 961 res
668 896 717 963 ita
747 897 908 979 agebatur
943 901 980 962 ut
1009 896 1171 962 Ludmilla
1200 897 1287 981 apud
1318 901 1471 982 parentes

145 985 226 1050 nihil
256 990 474 1070 repugnaret,
510 985 596 1070 apud
631 985 767 1051 ancillas
799 1006 879 1050 vero
914 990 1030 1052 contra
1064 986 1307 1052 matrimonium
1343 987 1472 1069 quidem

145 1075 344 1156 loqueretur,
368 1075 416 1141 ita
439 1080 551 1141 tamen
574 1079 612 1141 ut
633 1074 736 1158 ipsius
760 1074 925 1139 dissensus
947 1094 1013 1140 non
1035 1080 1149 1158 posset
1170 1075 1318 1159 probari:
1343 1075 1379 1140 in
1402 1075 1468 1141 foro

146 1170 284 1230 externo
313 1164 487 1231 conventio
516 1165 575 1229 illa
603 1163 781 1230 haberetur
811 1184 868 1247 pro
899 1163 1105 1248 sponsalibus
1134 1164 1221 1231 iuter
1249 1165 1407 1230 Drusium
1437 1171 1468 1232 et

145 1253 357 1330 Ludmillam3
382 1254 528 1336 adeoque
550 1258 677 1338 postea,
701 1257 857 1337 poscente
872 1253 1044 1330 Ludmilla,
1069 1252 1207 1319 Drusius
1222 1253 1416 1337 adigeretur
1430 1253 1466 1320 ad

145 1342 388 1408 matrimonium
412 1363 486 1408 cum
509 1363 559 1409 ea.
598 1341 689 1419 Quod
713 1362 793 1407 sane
808 1342 927 1407 Drusio
951 1342 1067 1424 culpae
1083 1363 1149 1408 non
1163 1346 1363 1423 verteretur,
1387 1343 1466 1409 verli

146 1431 283 1498 deberet
316 1432 515 1508 Ludmillae;
553 1431 713 1513 siquidem
751 1431 832 1496 haec
870 1431 1091 1498 committeret
1127 1430 1321 1499 iniustitiam
1357 1435 1467 1498 contra

146 1520 285 1587 alteram
301 1522 452 1605 puellam,
478 1521 506 1585 si
520 1521 593 1604 ipsa
608 1542 645 1586 re
660 1541 741 1586 vera
757 1525 847 1586 certo
870 1520 1070 1587 dissenserat
1093 1521 1232 1603 quidem,
1256 1521 1355 1604 idque
1372 1522 1465 1587 etiam

145 1618 281 1688 caterae,
306 1614 406 1693 atque
430 1611 657 1678 tantummodo
680 1610 722 1675 ob
746 1609 910 1676 defectum
932 1610 1068 1676 testium
1091 1608 1305 1692 complurium
1329 1632 1464 1676 resnou

145 1699 308 1783 potuisset
331 1699 557 1765 demonstrari.
605 1697 727 1776 Aliter,
754 1698 782 1762 si
806 1721 869 1764 non
896 1698 1042 1764 ostendit
1065 1698 1256 1776 dissensum,
1281 1701 1341 1765 sed
1367 1701 1465 1765 solum

146 1809 214 1852 rem
240 1810 432 1872 suspensam
456 1788 599 1870 reliquit,
647 1789 732 1853 Nam
762 1788 796 1851 in
825 1789 887 1853 hoc
917 1809 994 1853 casu
1025 1788 1164 1854 mutatio
1195 1787 1322 1854 consilii
1344 1810 1388 1855 ne
1410 1788 1466 1874 ipsi

146 1875 276 1960 quidem
299 1878 480 1944 Ludmillae
503 1878 618 1962 culpae
641 1882 741 1960 atque
764 1877 944 1943 iniustitiae
967 1877 1053 1943 verti
1076 1882 1195 1961 potest.

305 2067 584 2135 SPONSALIUM
607 2067 900 2134 CONDICIONES
922 2066 1224 2134 Nncnsnanran
1248 2067 1319 2151 (ΙΙ).

707 2233 817 2300 tusus.
837 2240 912 2308 (240)

145 2374 337 2444 Quanamun:
367 2374 441 2432 Num
471 2378 501 2431 et
522 2373 664 2448 quomodo
692 2393 740 2431 res
761 2373 969 2449 praecedentis
991 2392 1079 2433 casus
1100 2378 1244 2445 mutetur,
1273 2374 1300 2434 si
1326 2376 1469 2436 Ludmilla

366 2454 418 2512 vix
438 2456 581 2512 rindennis
601 2454 682 2512 iacta
703 2453 916 2529 aparentibus
937 2454 1046 2512 Drusio
1068 2455 1293 2531 despondeatur.
1324 2457 1468 2515 Ludmilla

365 2534 439 2592 nihil
461 2532 594 2610 opponit,
617 2533 667 2592 sed
689 2533 806 2591 videtur
826 2534 925 2610 potius
947 2534 1084 2609 gaudere.
1125 2534 1199 2594 Post
1218 2535 1334 2611 aliquot
1354 2556 1468 2596 menses

367 2620 480 2684 autem,
509 2614 620 2671 iniecta
647 2613 828 2688 cogitatione
849 2613 885 2672 de
907 2614 969 2673 vita
989 2615 1147 2689 religiosa,
1178 2615 1347 2675 detestatur
1374 2619 1468 2694 palam

367 2715 465 2753 coram
495 2694 627 2769 pluribus
656 2694 815 2768 sponsalia.
863 2694 926 2764 Quo
955 2695 1056 2753 audito
1085 2695 1211 2755 Drusius
1240 2695 1284 2754 rei
1315 2704 1468 2773 pertaesus

366 2795 431 2833 cum
446 2774 558 2832 Bartha
574 2775 725 2850 sponsalia
738 2775 828 2844 iacit3
851 2774 902 2832 sed
925 2794 1002 2833 anno
1022 2776 1125 2852 elapso
1146 2781 1177 2834 et
1191 2775 1303 2834 Bartha
1324 2778 1469 2837 matrimo-

365 2855 446 2914 nium
468 2859 569 2928 urget,
598 2860 628 2912 et
648 2854 810 2926 Ludmilla,
839 2873 914 2930 quae
935 2856 1064 2914 animum
1086 2857 1181 2915 denuo
1202 2857 1346 2928 mutavit,
1370 2879 1403 2917 se
1425 2879 1469 2935 cp·
1511 2902 1513 2915 .

364 2936 456 3013 ponit.
498 2933 573 3002 Quid
593 2934 666 2994 iuris
686 2934 717 2992 in
738 2934 794 2992 hoc
815 2938 907 2993 casu?

739 3117 874 3184 Salutio.

82 3277 136 3332 822
234 3261 273 3326 R.
300 3264 328 3328 1.
382 3261 434 3325 Ex
463 3260 503 3325 iis
533 3281 616 3342 quae
647 3264 854 3343 exponuntur
884 3259 1032 3324 concludi
1062 3261 1158 3327 debet
1188 3259 1356 3344 sponsalia
1386 3260 1470 3326 Lud·
1510 3224 1513 3337 i

144 3348 255 3413 millae
279 3371 350 3414 cum
367 3350 485 3415 Drusic
502 3351 628 3414 valere:
654 3349 772 3414 saltem
797 3350 963 3414 valentin
988 3349 1059 3413 foro
1083 3353 1237 3426 exterum
1262 3355 1364 3433 atque
1387 3350 1468 3416 idem

144 3438 320 3503 tenendum
344 3439 450 3504 estin
474 3439 545 3504 foro
566 3438 705 3517 interne,
729 3437 792 3503 nisi
815 3447 932 3504 certum
948 3438 993 3503 sit
1007 3438 1212 3517 Ludmillam,
1236 3439 1469 3506 nonobstante

82 3553 83 3556 ¹
145 3529 283 3592 externa
307 3549 482 3594 consensus
506 3530 623 3614 specie,
649 3529 840 3594 dissensisse
863 3528 1001 3594 interne.
1511 3548 1513 3553 ·

234 3625 273 3690 R.
299 3628 329 3691 2.
376 3626 494 3704 Quodsi
519 3628 684 3710 sponsalia
708 3627 818 3692 valida
841 3627 882 3690 ab
912 3626 1004 3691 initio
1035 3625 1174 3702 fuerint,
1205 3624 1406 3706 Ludmillae,
1436 3629 1468 3692 ut
1510 3584 1513 3635 l

145 3714 321 3799 impuberi,
352 3715 404 3779 ias
433 3737 498 3779 non
529 3721 602 3781 erat
631 3720 779 3798 tempore
806 3714 1035 3799 impubertatis
1062 3715 1233 3789 recedere;
1263 3736 1290 3780 c.
1317 3716 1337 3779 8
1362 3719 1398 3781 et
1421 3717 1468 3791 11,

145 3804 229 3881 xl,
255 3807 285 3871 2.
332 3803 379 3868 cf.
409 3805 464 3869 Th.
488 3826 528 3869 m.
553 3804 593 3880 ll,
619 3807 693 3869 662.
741 3805 947 3887 Quapropter
980 3804 1065 3885 quod
1095 3807 1171 3887 post
1194 3803 1319 3885 aliquot
1343 3825 1469 3870 menses
1511 3852 1513 3909 1

145 3893 254 3977 coepit
275 3892 437 3957 Ludmilla
460 3893 626 3976 sponsalia
649 3893 818 3970 detestari,
842 3894 926 3958 ratio
951 3914 1015 3958 non
1039 3898 1091 3959 est
1114 3914 1172 3957 cur
1192 3893 1360 3976 sponsalia
1384 3894 1470 3959 nulla
1508 3920 1513 4007 1

145 3983 199 4047 vel
223 3982 347 4047 fuerint
368 3982 422 4047 vel
445 3982 621 4047 evaserint.

235 4080 273 4145 R.
299 4082 329 4145 3.
383 4079 469 4145 Hinc
501 4078 648 4161 sequitur
680 4100 784 4162 neque
814 4080 968 4144 Drusium
997 4080 1143 4163 potuisse
1175 4100 1234 4163 per
1265 4079 1470 4147 voluntatem

146 4168 245 4234 etiam
278 4190 320 4233 ex
349 4190 410 4234 sua
439 4173 535 4253 parte
566 4169 738 4233 recedendi
769 4169 949 4235 dissensum
979 4174 1128 4235 mutuum
1156 4169 1335 4252 complere,
1368 4169 1418 4237 ita
1438 4173 1472 4235 ut
1510 4138 1513 4237 i

145 4258 311 4340 sponsalia
336 4258 428 4339 quasi
445 4281 484 4324 ec
499 4262 655 4323 continuari
671 4280 821 4323 coriseasu
839 4261 991 4323 dissoluta
1008 4258 1216 4324 haberentur.
1252 4258 1335 4337 Hoc,
1360 4280 1470 4342 quam·

146 4347 201 4411 diu
224 4347 384 4412 Ludmilla
415 4348 562 4432 impubes
595 4352 683 4423 erat,
714 4347 784 4412 fieri
815 4369 880 4412 non
909 4348 1026 4430 potuit.
1072 4347 1185 4412 Potuit
1209 4347 1312 4428 igitur
1336 4349 1470 4414 Drusius

145 4436 250 4499 solum
274 4458 316 4501 ex
339 4437 399 4502 tali
423 4458 523 4502 causa
546 4438 716 4513 recedere,
743 4436 911 4517 quaesibi
935 4436 1062 4503 dederit
1084 4436 1151 4514 ius,
1180 4440 1281 4502 invita
1306 4448 1470 4524 compacte,

145 4525 327 4591 recedendi.
375 4527 437 4592 Sed
461 4527 627 4592 dissensus
650 4527 705 4591 ille
728 4528 837 4590 inanis
862 4546 920 4607 per
949 4525 1079 4608 aliquod
1110 4531 1240 4609 tempus
1268 4527 1473 4595 aLudmilla

147 4613 376 4680 manifestatus
400 4617 477 4682 talis
501 4637 601 4681 causa
624 4636 688 4679 non
712 4620 795 4681 erat.
