3044 5174
154 291 221 356 436
653 285 861 341 Sacramentum
879 287 988 344 ordinis

154 463 354 545 distinguat,
385 462 447 529 nisi
477 463 544 531 alia
565 484 667 530 causa
694 463 904 531 necessitatis
933 463 1110 530 maiorisve
1139 465 1301 532 commodi
1324 465 1369 532 ad
1392 466 1480 532 labo·

154 553 291 620 randum
323 574 381 636 pro
411 554 496 618 bono
526 553 710 619 animarum
738 553 840 619 talem
870 553 1113 621 distinctionem
1143 559 1277 622 moneat
1300 556 1479 622 occultare:

159 643 215 708 Tb.
231 665 273 707 m.
291 641 391 725 ibid.;
406 641 716 710 Bellen-Palm.
733 646 832 710 tract.
850 645 880 720 9,
897 664 924 709 c.
944 645 974 720 2,
991 664 1022 712 n.
1041 645 1123 720 2843
1148 643 1366 721 Graisscn,
1390 647 1478 713 Mac.
1518 692 1520 717 .

152 733 236 796 iuris
259 754 330 798 can.
354 752 385 798 n.
410 733 508 798 2112.

244 837 281 906 R.
306 839 336 903 5.
382 837 453 903 Lex
476 838 607 922 proprie
631 837 720 905 dicta
744 838 785 903 ad
816 838 1000 904 clericalem
1023 842 1150 906 vestem
1180 838 1410 907 distinctivum
1432 846 1480 907 est

152 947 212 1010 pro
235 925 315 991 solis
338 926 466 992 clericis
496 926 529 991 in
558 927 662 993 sacris
692 927 880 994 constitutis
910 931 945 993 et
973 948 1033 1011 pro
1064 927 1275 995 Mnedciatis.
1322 928 1478 996 Attamen

154 1015 225 1093 alii,
251 1016 380 1097 quando
403 1015 588 1081 clericalem
612 1015 759 1082 habitum
783 1036 847 1081 non
871 1021 1009 1099 gerunt,
1033 1038 1098 1081 non
1121 1017 1268 1100 gaudent
1289 1018 1389 1102 pleno
1413 1018 1480 1086 iure

153 1104 335 1188 privilegiis
356 1104 572 1172 clericalibus.
619 1104 926 1172 Bellen-Palm.
950 1106 972 1171 l.
996 1126 1025 1173 c.
1049 1126 1081 1172 n.
1105 1109 1182 1173 282.

242 1211 281 1279 R.
307 1213 337 1278 6.
372 1210 470 1294 Apud
492 1230 549 1276 eos
572 1211 673 1278 etiam
697 1211 752 1293 qui
774 1211 848 1294 lege
869 1232 987 1278 severa
1009 1215 1174 1291 tenentur,
1198 1212 1387 1279 admittitur
1406 1234 1477 1298 par·

152 1299 241 1365 vitas
257 1300 432 1366 materiae:
457 1299 564 1382 qualis
582 1307 635 1366 est
656 1301 744 1366 infra
759 1300 903 1383 spatium
925 1300 1149 1367 hebdomadae
1171 1301 1320 1368 habitum
1344 1323 1412 1367 non
1428 1303 1479 1368 de·

152 1387 249 1466 ferre,
274 1388 335 1454 nisi
352 1387 620 1455 circumstantiae
636 1392 860 1473 aggravantes
876 1390 1004 1473 culpam
1020 1395 1181 1473 augeant:
1202 1390 1259 1458 m.
1275 1414 1316 1458 m.
1335 1391 1377 1469 Π,
1397 1394 1476 1466 61ος

152 1476 264 1543 Marc
287 1500 318 1544 n.
345 1480 449 1556 2222;
474 1476 684 1563 Aertnijs,
715 1479 770 1544 iu.
794 1501 835 1544 m.
860 1477 914 1544 lib.
940 1480 970 1558 5,
994 1483 1092 1546 tract.
1118 1481 1149 1559 2,
1172 1501 1203 1546 n.
1230 1482 1282 1547 37.

89 1621 141 1675 761
241 1608 294 1674 Ao
317 1628 510 1684 cuansrrmr
534 1610 573 1673 2⁰
592 1608 631 1677 R.
658 1612 686 1674 1.
723 1608 869 1674 Tonsurc
894 1608 1013 1693 duplici
1037 1628 1135 1676 sensu
1158 1610 1314 1679 sumitur:
1343 1612 1376 1694 1)
1401 1633 1477 1695 qua·

151 1700 247 1763 tenus
271 1698 326 1763 lex
350 1697 507 1764 canonica
528 1698 621 1764 iubet
643 1719 684 1763 ne
707 1697 818 1763 clerici
839 1720 961 1764 manum
983 1700 1123 1766 studiose
1143 1702 1299 1783 comicia,
1323 1701 1385 1766 aed
1409 1723 1477 1767 eam

151 1786 295 1853 babeant
318 1787 451 1853 brevem
476 1791 511 1854 et
533 1787 733 1871 praecisam
758 1788 792 1869 2)
816 1792 978 1868 quatenus
1000 1809 1117 1872 gerere
1131 1788 1274 1855 debeant
1288 1790 1321 1855 in
1345 1792 1477 1856 summi·

151 1879 222 1941 tate
245 1876 362 1959 capitis
386 1896 540 1942 coronam
562 1875 596 1940 in
619 1876 750 1941 modum
767 1876 879 1942 circuli
894 1881 1024 1943 tonsam
1040 1878 1094 1943 vel
1109 1899 1230 1958 rasam,
1256 1899 1315 1962 pro
1340 1879 1478 1946 diversis
1518 1902 1520 1911 ·

152 1964 318 2031 ordinibus
342 1966 506 2031 diversam
530 1970 565 2031 et
589 1965 790 2049 ampliorem.

239 2072 278 2138 R.
308 2076 338 2140 2.
385 2072 570 2154 Utrumque
600 2071 730 2154 quidem
760 2071 976 2156 praecipitur,
1008 2076 1045 2137 ut
1075 2092 1176 2156 supra
1205 2073 1329 2139 dictum
1363 2080 1417 2140 est
1440 2075 1477 2141 de

149 2165 245 2227 veste
276 2160 419 2227 clericali
449 2160 504 2243 (of.
536 2182 619 2226 conc.
649 2161 739 2227 Trid.
770 2181 850 2228 sess.
876 2162 933 2239 23,
965 2181 993 2226 c.
1019 2164 1056 2239 63
1088 2163 1127 2226 de
1158 2162 1219 2245 ref.
1250 2182 1296 2228 cc.
1328 2165 1361 2232 4.
1391 2166 1422 2231 5.
1450 2167 1476 2232 7.

152 2253 192 2314 15
219 2250 248 2315 Χ
277 2252 316 2328 3,
348 2255 381 2315 1:
418 2270 590 2327 ,coronam
621 2253 656 2316 et
679 2254 848 2316 tonsuram
873 2250 1016 2316 habeant
1039 2250 1329 2333 congruentem“);
1362 2273 1477 2318 verum
1518 2280 1520 2377 p

150 2343 285 2423 propter
307 2338 506 2405 brevitatem
535 2338 693 2422 temporis
720 2338 752 2403 in
777 2340 969 2425 neglegenda
999 2361 1115 2405 corono
1138 2339 1236 2423 longa
1265 2338 1397 2407 facilius
1421 2343 1478 2408 ad·

150 2428 294 2494 mittitur
317 2427 466 2512 parvitas
489 2429 647 2494 materiae
666 2432 700 2493 et
716 2449 815 2493 causa
838 2448 1010 2506 excusans,
1034 2428 1082 2494 ita
1105 2433 1152 2508 ut,
1176 2429 1231 2511 qui
1254 2429 1325 2494 sine
1348 2431 1478 2498 ratione

150 2522 290 2598 cogente
312 2538 372 2601 per
395 2519 415 2582 8
439 2516 660 2583 hebdomadas
683 2523 717 2583 et
739 2517 828 2584 ultra
851 2530 1003 2583 coronam
1034 2517 1208 2600 neglegat,
1233 2519 1390 2600 graviter
1413 2543 1477 2586 non

149 2611 281 2689 peocet;
312 2608 411 2671 immo
441 2626 532 2684 eum,
557 2605 612 2688 qui
641 2625 844 2689 perannum
873 2606 1046 2689 neglegat,
1078 2607 1228 2689 graviter
1249 2628 1390 2692 peccare
1412 2631 1477 2675 non

150 2699 288 2761 constet.
340 2695 643 2770 m.m.11,cic;
676 2694 1312 2762 Railer.--Pa1m.1.e.n.aaa.-
1336 2697 1398 2776 Qui
1423 2720 1476 2766 co·
1519 2740 1520 2777 3

149 2805 237 2850 marn
261 2785 397 2850 tondere
413 2784 578 2866 neglegat,
605 2788 640 2849 ut
655 2789 770 2867 peccet
785 2784 942 2866 graviter,
968 2784 1066 2851 debet
1081 2806 1253 2851 excessum
1269 2787 1476 2856 committere

149 2873 181 2937 in
205 2875 389 2939 relaxanda
413 2894 506 2939 coma
528 2873 584 2938 vel
605 2873 751 2939 studiose
775 2872 958 2939 nutrienda.

86 3007 140 3062 762
237 2989 276 3056 R.
302 2992 332 3056 3.
379 2989 473 3054 Circa
496 2991 630 3055 barbam
653 2989 739 3054 idem
762 2988 963 3073 praecipitur
985 2989 1204 3072 compluribus
1226 2989 1365 3073 legibus,
1391 2994 1476 3075 quod

149 3077 237 3143 circa
253 3100 389 3156 comam,
407 3078 561 3144 videlicet
573 3099 600 3143 c.
616 3080 634 3141 5
648 3078 678 3142 X
691 3081 721 3155 3,
738 3082 772 3142 l:
794 3078 956 3154 ,Clericus
968 3099 1073 3160 neque
1089 3100 1214 3144 comam
1230 3080 1359 3146 nutriat
1370 3102 1476 3165 neque

149 3168 311 3234 barbam.“
348 3168 448 3244 Quod,
472 3171 510 3233 ut
532 3171 644 3234 monet
666 3167 974 3234 Bellen-Palm.
1000 3168 1019 3232 1.
1045 3188 1072 3235 c.
1095 3190 1126 3234 n.
1153 3170 1228 3245 280,
1251 3190 1317 3233 non
1341 3171 1476 3253 perinde

148 3261 199 3322 est
223 3278 261 3322 ac
289 3258 441 3333 „barbam
466 3258 608 3322 radere.“
644 3256 801 3339 Spectata
823 3255 926 3338 igitur
949 3256 1126 3322 universali
1149 3257 1222 3340 lege
1245 3257 1379 3341 scripta,
1405 3261 1475 3325 sui·

147 3346 217 3411 ficit
239 3347 375 3410 barbam
399 3345 582 3429 praecisam
606 3365 737 3427 gerere:
771 3366 882 3410 verum
908 3346 969 3410 hac
992 3346 1024 3409 in
1049 3367 1085 3410 re
1109 3345 1248 3411 diversis
1271 3348 1476 3431 temporibus

148 3435 279 3499 diversa
303 3435 503 3499 consuetudo
526 3434 559 3498 in
583 3434 670 3500 Rccl.
695 3434 800 3500 letina
822 3435 889 3498 vim
912 3434 996 3516 legis
1018 3434 1168 3501 obtinuit.
1216 3435 1388 3518 Rregcr.
1414 3439 1475 3502 Vll

148 3524 209 3609 (ep.
235 3524 281 3588 od
296 3524 399 3589 Iacob.
419 3524 546 3604 Color.)
568 3523 660 3588 iubet
682 3544 794 3588 omnes
811 3523 948 3589 clericos
970 3524 1106 3589 barbam
1121 3523 1239 3589 radere
1255 3545 1297 3589 ex
1313 3525 1473 3592 maiorum

148 3612 397 3688 consuetudine;
422 3613 516 3696 lapsu
540 3612 697 3695 temporis
721 3612 921 3678 consuetudo
937 3612 1215 3690 introducebatur,
1239 3613 1376 3679 barbam
1401 3621 1475 3683 tan·

147 3705 217 3768 tum
245 3701 489 3785 praescindere,
521 3704 620 3784 atque
650 3701 750 3767 etiam
780 3722 865 3767 saec.
894 3704 945 3766 16ο
976 3704 1143 3786 complura
1172 3702 1310 3768 concilia
1340 3705 1474 3787 provin-

147 3790 243 3856 cialia
266 3790 352 3855 idem
375 3795 508 3856 monent
529 3795 563 3857 et
586 3789 698 3855 iubent
722 3790 895 3875 praecipue
918 3813 938 3856 a
961 3790 1129 3875 superiore
1145 3791 1236 3857 labro
1263 3791 1398 3858 barbam
1424 3817 1475 3860 re·

145 3881 294 3945 scindere
311 3880 364 3944 vel
387 3880 514 3957 radere,
538 3901 580 3944 ne
596 3879 652 3963 pili
667 3880 700 3944 in
725 3881 843 3945 missae
860 3881 1079 3946 celebratione
1094 3879 1310 3964 sumptionem
1327 3884 1475 3967 corporis

147 3974 182 4037 et
204 3969 372 4052 sanguinis
396 3968 525 4034 Domini
555 3969 743 4054 impedient.
791 3969 977 4034 Posteriora
1007 3975 1154 4053 tempore
1176 3969 1290 4053 praxis
1322 3969 1473 4049 invaluit,

147 4080 231 4142 quae
255 4060 354 4125 etiam
378 4080 463 4123 nunc
487 4059 551 4123 vim
576 4058 659 4140 legis
682 4058 799 4136 habet,
832 4079 852 4122 u
899 4060 1001 4125 barba
1024 4060 1162 4124 radatur
1185 4058 1304 4125 velud
1326 4059 1472 4128 infimam

147 4170 248 4230 usque
272 4147 497 4232 praecidatur:
522 4147 582 4212 nisi
607 4147 721 4213 localis
745 4148 945 4212 consuetudo
963 4148 1014 4212 vel
1032 4147 1202 4232 permissio
1225 4147 1343 4213 summi
1366 4152 1474 4234 ponii-

146 4238 215 4303 ficis
238 4238 336 4302 aliter
359 4236 563 4322 disposuerit.

84 4393 136 4446 763
236 4373 288 4434 An
304 4390 497 4445 eucnemon
520 4373 559 4433 3¹¹¹
575 4369 614 4434 R.
635 4372 663 4434 l.
695 4368 788 4432 Circa
812 4369 968 4433 tabernas
992 4373 1105 4435 exstat
1127 4370 1295 4436 decretum
1315 4372 1470 4451 ,βίενὶοὲκ

147 4460 186 4541 (c.
216 4463 254 4523 15
275 4461 304 4523 X
325 4463 355 4537 3,
383 4459 414 4541 1)
439 4480 480 4523 ex
504 4479 594 4524 conc.
619 4458 728 4523 Later.
753 4458 800 4521 IV
827 4459 889 4534 ,Et
912 4458 1067 4523 tabernas
1091 4478 1225 4541 prorsus
1248 4459 1387 4540 evitent,
1413 4461 1475 4527 nisi

145 4548 232 4613 forte
257 4569 356 4613 causa
378 4547 587 4613 necessitatis
610 4546 642 4611 in
666 4547 783 4613 itinere
806 4547 1008 4612 constituti“.
1042 4547 1133 4624 Quod
1156 4547 1323 4615 decretum
1348 4550 1475 4616 violare

146 4643 235 4703 certe
266 4638 364 4703 etiam
396 4638 524 4703 seclusa
546 4638 620 4718 lege
644 4635 837 4702 dioecesana
866 4657 969 4718 greve
1000 4642 1068 4715 eat,
1099 4635 1127 4701 si
1150 4637 1289 4704 clericus
1311 4638 1346 4704 in
1368 4642 1475 4707 sacris
