3044 5174
153 291 218 355 306
610 287 815 345 Sacramentum
833 291 1024 361 paenitentiae.

152 487 236 548 quae
252 467 294 533 ad
308 471 432 533 statum
447 467 610 534 internum
625 467 825 552 paenitentia
840 467 1000 546 dicuntur,
1023 469 1160 552 exigunt
1174 469 1292 537 saltem
1315 473 1474 535 secretum

152 557 303 622 naturale
327 556 544 623 commissum.

240 663 278 728 R.
304 665 334 728 3.
381 662 493 740 Quoad
523 661 811 746 scrupulositatem
843 663 929 746 quod
959 664 1130 730 Ianuarius
1160 664 1269 742 addit,
1301 663 1474 731 videndum

151 756 218 829 est,
250 754 336 817 ariade
366 772 438 817 cam
468 750 606 818 noverit.
653 751 687 818 Si
717 751 848 818 aliunde
879 774 977 835 quam
1007 774 1050 818 ex
1080 753 1283 819 confessione
1306 774 1382 819 eam
1405 775 1475 839 per-

151 842 247 924 cepit,
273 862 344 906 eam
368 841 532 906 narrando
557 840 668 923 utique
691 862 755 905 non
776 841 874 907 laesit
889 841 1042 924 sigillum,
1066 863 1171 926 neque
1186 843 1219 908 in
1235 843 1325 909 hisce
1341 843 1476 909 circum

151 929 282 997 stantiis
317 951 420 1012 grave
455 929 563 995 famae
596 929 828 996 ‘detrimentum
864 930 1034 997 Adelbeidi
1068 931 1195 1007 intulit;
1235 953 1312 997 uam
1350 932 1384 997 in
1419 933 1474 998 tali

151 1020 272 1084 femina
305 1020 356 1083 vel
388 1019 576 1085 nullatenus
609 1019 660 1084 vel
693 1019 811 1084 leviter
843 1023 972 1086 tantum
1003 1025 1037 1086 et
1066 1021 1100 1085 in
1129 1041 1166 1086 re
1196 1021 1394 1087 secundaria
1423 1022 1475 1086 de-

150 1109 258 1174 fectus
281 1107 336 1172 ille
359 1107 481 1172 famam
505 1107 615 1174 laedit.
662 1108 784 1173 Verum
810 1108 981 1174 Ianuarius
1004 1130 1114 1175 coram
1138 1109 1211 1175 aliis
1234 1113 1368 1196 speciem
1398 1110 1475 1176 laesi

150 1197 249 1280 sigilli
272 1197 369 1262 facile
389 1201 522 1279 poterat
538 1196 742 1262 committere
759 1201 792 1262 et
808 1198 856 1264 ita
871 1218 974 1279 grave
991 1199 1069 1264 dare
1085 1198 1286 1266 scandalum.
1303 1200 1473 1276 -Immo,

150 1287 177 1352 si
210 1307 253 1351 ex
284 1286 488 1352 confessione
521 1290 650 1350 tantum
682 1285 831 1352 defectus
862 1286 918 1352 ille
950 1287 980 1352 ei
1012 1288 1163 1369 cognitus
1195 1292 1285 1366 erat,
1319 1309 1359 1354 eo
1393 1289 1473 1372 quod

151 1375 338 1440 Adelheidis
366 1375 496 1440 facilius
519 1396 617 1457 quam
640 1395 701 1459 par
728 1380 801 1441 erat
824 1376 992 1459 putaverit
1014 1397 1050 1441 se
1072 1397 1227 1460 peccasse
1250 1377 1305 1443 vel
1328 1378 1475 1461 graviter

150 1486 319 1549 peccasse,
350 1465 519 1530 Ianuarius
549 1485 645 1542 sane,
676 1465 812 1546 loquens
842 1465 882 1530 de
904 1465 962 1530 illa
984 1465 1252 1549 scrupulositate,
1284 1467 1384 1533 laesit
1406 1467 1474 1550 ipsa

150 1576 186 1619 re
210 1553 351 1636 sigillum
375 1554 624 1619 sacramentale.
677 1554 731 1620 Tb.
756 1576 797 1618 m.
822 1554 863 1631 ll,
887 1556 962 1620 460.

566 1745 721 1811 SIGILLI
745 1745 969 1812 OBIECTUM
993 1745 1062 1829 (1).

708 1903 818 1969 Casus.
838 1911 914 1979 (152)

238 2036 383 2107 Eruimus,
405 2035 454 2112 qui
475 2035 629 2113 spirituale
651 2035 793 2094 auxilium
815 2036 982 2095 contulerat
1004 2035 1116 2095 duobus
1130 2037 1190 2095 reis
1205 2035 1313 2112 capitis
1328 2035 1473 2095 damnatis

149 2123 271 2195 propter
293 2118 411 2176 caedem
432 2118 562 2185 factam,
590 2123 696 2192 postea
724 2115 816 2173 dixit:
846 2116 1026 2175 Latronibus
1053 2116 1114 2174 illis
1142 2136 1238 2193 poena
1266 2115 1375 2193 capitis
1395 2117 1472 2175 facta

150 2205 197 2257 est
217 2197 449 2274 praedestinatio
471 2197 509 2255 ad
530 2196 662 2271 gloriam.
705 2196 798 2255 Paulo
827 2201 896 2254 ante
918 2195 1138 2255 exsecutionem
1159 2197 1255 2255 adhuc
1276 2197 1368 2255 semel
1390 2199 1472 2255 ambo

149 2279 221 2336 mibi
242 2297 351 2353 magna
373 2277 549 2336 contritione
570 2275 759 2335 homicidium
781 2296 866 2335 suum
888 2277 1017 2335 confessi
1039 2283 1123 2335 sunt:
1153 2296 1243 2335 unum
1271 2277 1405 2347 absolvi,
1436 2277 1472 2335 al·

149 2365 245 2417 terum
266 2357 424 2434 baptizavi,
447 2357 592 2416 nemiuem
614 2375 748 2432 nmquam
770 2375 836 2414 cum
858 2362 942 2415 tanto
964 2357 1080 2416 solatio.

150 2471 327 2542 Quanmrun
349 2474 378 2531 1⁰
399 2472 526 2530 liceatne
556 2472 591 2530 de
619 2470 750 2548 peccatis
778 2471 904 2546 publicis
933 2471 964 2529 in
993 2471 1179 2530 confessione
1207 2471 1317 2530 auditis
1343 2471 1424 2547 loqui
1446 2476 1473 2529 et

402 2552 470 2627 quid
492 2552 528 2610 ad
549 2551 686 2627 loquendi
705 2551 822 2609 modum
842 2551 953 2610 Erwini
974 2552 1151 2610 censendum
1172 2551 1219 2610 ait.
1361 2551 1364 2555 ’

350 2642 380 2699 2⁰
400 2640 477 2716 quid,
500 2641 526 2699 si
547 2642 679 2744 uarrapio
701 2645 748 2698 eet
768 2640 866 2716 potius
888 2641 918 2699 in
940 2640 1055 2698 laudem
1077 2639 1266 2716 paenitentis.

742 2824 878 2889 Salutio.

86 2964 138 3017 539
236 2948 289 3013 An
313 2969 503 3023 aurasicum
531 2952 566 3013 1¹²
590 2949 628 3013 R.
657 2952 684 3015 1.
731 2949 859 3030 Regula
889 2947 1052 3029 generalis
1080 2952 1147 3014 est:
1178 2947 1351 3013 materiam
1375 2947 1473 3030 sigilli

149 3058 219 3102 esse
243 3042 380 3120 peccata
403 3039 554 3104 mortalia
576 3042 644 3103 tum
670 3037 702 3101 in
726 3059 846 3120 genere
869 3041 938 3103 tum
963 3036 1128 3119 quodlibet
1151 3058 1262 3101 eorum
1289 3036 1323 3101 in
1347 3036 1472 3122 specim

147 3127 225 3211 item
250 3132 387 3210 peccata
409 3126 550 3192 venialia
574 3126 738 3208 quaelibet
761 3127 793 3191 iu
816 3127 934 3210 specie,
960 3125 1089 3191 etiamsi
1113 3135 1232 3207 agatur
1255 3126 1295 3190 de
1315 3125 1473 3202 minimis;

147 3215 289 3281 venialia
320 3221 429 3282 autem
461 3216 589 3281 omnino
620 3218 655 3280 in
676 3239 788 3301 peracre
817 3216 887 3280 sine
917 3215 984 3280 ulla
1014 3214 1285 3280 determinatione
1308 3221 1475 3298 utcunque
1517 3170 1520 3255 i

147 3310 354 3387 aggravante
377 3326 441 3370 non
464 3326 536 3371 esee
559 3305 731 3370 materiam
761 3305 869 3386 sigilli.
915 3304 1002 3369 Nam
1026 3325 1064 3367 eo
1094 3304 1164 3387 ipso
1191 3303 1277 3386 quod
1300 3304 1374 3386 quis
1398 3326 1474 3370 cou-

146 3396 275 3471 fitetur,
307 3395 415 3477 palam
447 3394 589 3460 ostendit
619 3415 654 3457 se
678 3396 808 3479 aliquod
832 3415 874 3458 ex
898 3393 1079 3458 venialibus
1108 3392 1252 3476 peccatis
1275 3429 1330 3470 —,
1354 3393 1475 3460 saltem

148 3483 276 3548 veniale
300 3483 546 3566 neglegentiae,
577 3483 792 3559 commisisse;
823 3504 906 3566 quae
937 3481 1124 3564 ceteroquin
1154 3481 1252 3547 vitari
1281 3503 1347 3547 non
1379 3504 1475 3567 posse

148 3573 293 3656 penitus,
318 3576 385 3637 siae
409 3575 539 3658 special-i
560 3575 739 3658 priuilegio,
768 3573 830 3637 fide
854 3572 964 3637 divina
987 3571 1119 3636 credere
1143 3572 1306 3638 debemus.
1354 3572 1474 3637 Nullus

147 3661 248 3744 igitur
271 3661 441 3743 paenitens
464 3662 548 3726 hanc
572 3661 758 3743 generalem
780 3660 1094 3736 manifestationem,
1126 3681 1161 3724 se
1191 3659 1224 3725 in
1252 3681 1375 3742 genere
1398 3682 1474 3745 pec-

147 3772 250 3827 casse,
274 3751 334 3814 sub
358 3750 464 3831 sigillo
489 3751 620 3828 claudit,
646 3771 750 3831 neque
774 3751 926 3815 claudere
949 3755 1067 3833 potest.
1105 3750 1150 3815 Et
1173 3771 1209 3813 re
1232 3770 1313 3814 vera
1336 3749 1418 3815 illud
1441 3751 1473 3815 iu

147 3861 267 3924 genere
291 3840 429 3921 aliquem
454 3861 618 3923 peccasse,
643 3860 748 3921 neque
772 3840 851 3903 dicit
874 3859 948 3903 cum
972 3838 1154 3903 mortaliter
1178 3858 1343 3922 peccasse,
1367 3860 1474 3921 neque

148 3929 301 3995 distincte
317 3928 451 3995 exhibet
466 3929 615 3995 notitiam
634 3929 805 3993 cuiuslibet
821 3927 946 4011 peccati
960 3927 1177 4011 particularis.
1205 3927 1313 4005 Quare
1324 3930 1473 3994 tantum-

147 4020 242 4084 modo
266 4023 436 4101 peccatum
461 4022 592 4083 mortale
614 4018 712 4083 etiam
736 4017 769 4082 in
793 4038 914 4098 genere
937 4022 971 4083 et
994 4016 1148 4102 quaelibet
1165 4022 1304 4099 peccata
1327 4018 1473 4101 particu-

147 4109 230 4174 laria
254 4107 448 4173 clauduntur
471 4109 531 4173 sub
554 4108 670 4189 sigillo.

236 4196 273 4261 In
297 4196 358 4261 hac
382 4199 497 4278 regula
520 4200 655 4279 peccata
679 4195 805 4278 publice
829 4199 909 4259 uota
925 4195 965 4259 ab
983 4193 1117 4259 occultis
1133 4215 1198 4258 non
1215 4193 1472 4276 distinguuntur,

148 4287 244 4367 idque
268 4286 394 4351 merito.
441 4286 526 4350 Nam
551 4285 608 4349 illa
638 4284 821 4349 confirmari
854 4305 913 4367 per
936 4283 1149 4348 confessionis
1179 4283 1332 4349 notitiam
1355 4305 1416 4368 per
1437 4305 1472 4349 se

148 4375 274 4459 pondus
299 4374 484 4440 certitudini
509 4374 609 4439 addit.
657 4375 759 4438 lmmo
783 4374 811 4439 ei
841 4374 902 4438 hoc
933 4374 1027 4437 modo
1057 4373 1248 4437 memoria-m
1272 4375 1471 4448 conservari,

148 4463 294 4528 refricari
318 4462 448 4539 liceret,
480 4484 632 4545 magnum
663 4466 758 4528 fieret
787 4463 1028 4545 paenitentibus
1059 4482 1254 4542 gravamen;
1288 4483 1472 4545 aequares

147 4575 262 4618 secura
286 4556 374 4617 esset
389 4573 431 4616 ex
448 4552 508 4617 hac
524 4552 660 4628 ratione,
686 4552 769 4634 quod
794 4552 948 4616 facillime
971 4551 1074 4616 errari
1098 4551 1202 4633 possit
1225 4552 1314 4617 circa
1337 4552 1472 4637 publici-

147 4647 260 4708 tatem.
292 4679 335 4688 -
367 4641 486 4718 Quodsi
516 4643 691 4724 aliquando
715 4640 895 4725 paenitenti
925 4642 1112 4708 nullatenus
1135 4661 1238 4722 grave
1262 4646 1331 4719 est,
1365 4643 1472 4709 idest
