3044 5174
154 308 220 373 346
605 305 811 363 Sacramentum
829 305 1021 376 paenitentiae.
1149 359 1153 368 ,

243 480 402 559 Quoniam
425 481 512 547 enim
535 483 755 551 confessarius
785 483 825 551 de
855 482 977 550 actuali
1001 481 1213 567 dispositione
1242 482 1306 549 sibi
1327 483 1480 550 iudicium
1517 548 1520 559 ,

154 571 278 637 morale
302 572 475 636 efformare
499 571 606 651 debet,
631 572 658 637 si
683 573 812 654 quando
835 571 1070 658 praeiudicium
1090 594 1187 658 prave
1205 576 1322 639 contra
1345 573 1479 658 disposi-

153 660 276 728 tionem
301 660 442 739 exsistit,
467 661 529 726 hoc
552 682 655 742 grave
686 661 816 726 dubium
847 661 945 728 debet
967 681 1137 726 removere
1159 682 1273 745 posse,
1305 667 1478 746 antequam
1515 723 1520 729 .

155 750 324 816 absolvat:
357 749 420 815 nisi
449 750 537 816 forte
568 771 626 834 per
656 749 882 835 exceptionem
915 749 1091 832 aliquando
1120 749 1350 817 condicionate
1379 751 1478 837 poss't

155 840 327 904 absolvere
350 837 446 904 dubie
469 839 671 923 dispositum.

91 950 145 1006 607
243 945 282 1012 R.
308 947 337 1011 3.
386 945 486 1026 Signa
515 949 625 1011 autem
657 966 757 1029 quae,
788 947 919 1031 relapsu
949 965 1014 1010 nen
1044 945 1215 1025 obstante,
1246 946 1476 1030 praeiudicium

155 1036 270 1100 centra
285 1033 501 1118 praeteritam
518 1034 762 1120 dispositionem
779 1035 933 1101 auferant
948 1034 1003 1099 vel
1019 1033 1211 1112 diminuant,
1228 1038 1307 1103 sunt
1321 1036 1475 1106 maxime:

154 1145 233 1189 usus
248 1123 427 1189 mediorum
440 1146 460 1190 a
472 1123 672 1190 confessario
686 1124 961 1207 praescriptorum
974 1123 1092 1188 saltem
1104 1144 1163 1208 per
1174 1125 1321 1190 notabile
1337 1129 1475 1208 tempus;
1503 1164 1507 1174 ·

155 1212 342 1279 emendatio
365 1233 425 1296 per
448 1213 578 1294 aliquod
601 1216 731 1295 tempus
755 1217 917 1288 secutum;
941 1212 1069 1277 sincera
1089 1233 1200 1297 pugna
1224 1217 1341 1280 contra
1357 1213 1474 1292 vitium,

156 1301 219 1367 etsi
250 1301 324 1367 dein
353 1305 430 1385 post
459 1322 596 1383 gravem
625 1322 769 1386 pugnam
799 1302 948 1385 relapsus
977 1305 1110 1368 secutus
1139 1301 1248 1369 fuerit.
1297 1302 1420 1380 Quodsi
1441 1303 1475 1368 dc

151 1395 330 1476 praeterita
361 1390 573 1474 dispositione
602 1389 836 1474 praeiudicium
871 1411 935 1456 non
969 1391 1109 1475 amplius
1139 1411 1243 1472 grave
1273 1395 1344 1470 est,
1377 1413 1474 1475 neque

156 1484 272 1546 contra
294 1484 502 1563 praesentem
535 1479 779 1564 dispositionem
805 1503 820 1546 c
843 1484 971 1564 relapsa
995 1500 1060 1562 qua
1082 1479 1143 1546 tali
1165 1479 1402 1564 praeiudicium
1424 1502 1474 1547 seu

155 1568 288 1634 dubium
312 1569 486 1636 fundatum
509 1569 622 1636 oritur.

245 1657 375 1724 sivero
395 1662 511 1724 contra
535 1657 779 1742 dispositionem
801 1657 908 1740 quoad
929 1656 1150 1722 confessiones
1169 1658 1371 1741 praeteritas
1389 1680 1474 1744 prae·

155 1746 308 1812 iudicium
332 1751 461 1826 manet,
486 1746 695 1812 nihilominus
716 1746 787 1810 fieri
810 1749 930 1831 potest,
955 1750 993 1811 ut
1016 1745 1056 1811 de
1079 1745 1245 1829 praesenti
1269 1746 1473 1832 dispositione
1498 1771 1502 1789 .

156 1834 351 1902 rationabile
375 1836 508 1902 dubium
531 1856 596 1901 non
619 1835 770 1901 exsistat.
803 1834 895 1912 Quod
911 1834 1052 1900 efficitur
1067 1837 1168 1921 siquis
1189 1855 1255 1900 non
1271 1835 1379 1902 solum
1396 1857 1473 1902 com·

156 1924 306 1992 munibus
329 1927 386 1991 sed
403 1925 643 2012 specialioribus
667 1928 734 1989 ceri
757 1926 885 1989 doloris.
917 1923 1007 2001 Quae
1033 1927 1067 1990 et
1083 1926 1207 2007 quanta
1229 1944 1305 1991 esse
1321 1928 1473 2010 oporteat

156 2014 190 2081 iu
205 2014 344 2098 singulis
360 2015 490 2080 casibus
513 2013 665 2098 prudenti
689 2012 807 2078 iudicio
824 2012 1043 2078 confessarius
1059 2012 1244 2078 discernere
1260 2013 1370 2082 debet.
1403 2014 1475 2079 Vide

155 2107 268 2169 tamen
292 2105 453 2186 quaedam
478 2103 638 2170 adnotata
660 2102 694 2167 in
722 2103 777 2168 Tb.
799 2125 841 2170 m.
865 2102 906 2178 ll,
931 2104 1006 2168 427.

93 2217 147 2272 608
246 2211 284 2274 R.
310 2213 341 2278 4.
388 2209 591 2277 Praeiudicio
624 2214 740 2275 contra
770 2208 993 2293 paenitentem
1027 2211 1173 2287 remoto,
1205 2208 1372 2276 recidivus
1406 2229 1474 2276 sane

158 2298 259 2366 etiam
282 2299 344 2364 hac
367 2299 439 2364 vice
463 2297 590 2365 absolvi
614 2301 741 2383 potest,
772 2318 970 2380 quamquam
1001 2319 1040 2362 ec
1069 2299 1133 2363 olio
1156 2301 1258 2384 capite
1288 2298 1404 2366 dilatio
1427 2300 1474 2365 ab

156 2387 327 2452 solutionis
352 2389 528 2474 aliquando
551 2391 662 2470 potest
685 2407 758 2452 esse
780 2387 834 2451 vel
866 2385 1050 2451 necessaria
1074 2386 1129 2450 vel
1152 2385 1258 2464 utilis,
1288 2386 1474 2454 maximesi

158 2476 269 2561 agitur
292 2477 332 2541 16
355 2477 451 2559 gravi
474 2478 585 2560 aliqua
608 2480 642 2541 et
665 2476 805 2541 molesta
829 2475 1028 2558 obligatione
1051 2496 1116 2539 une
1140 2479 1216 2542 actu
1239 2474 1417 2560 implenda.

246 2564 449 2631 Praeiudicio
482 2569 593 2632 autem
623 2585 682 2630 seu
711 2564 808 2630 dnbio
832 2568 949 2630 contra
976 2562 1201 2647 paenitentem
1223 2569 1396 2640 manente,
1426 2567 1475 2632 ab·

158 2654 278 2719 solutio
301 2675 361 2738 per
383 2675 419 2719 se
442 2654 621 2720 differenda
637 2658 698 2731 est,
724 2653 799 2718 dum
816 2652 987 2738 dispositio
1002 2653 1118 2718 melior
1134 2652 1208 2741 (per
1222 2654 1475 2722 emendationem

68 2791 70 2794 .
157 2747 305 2809 secutam
328 2743 382 2808 vel
406 2743 595 2826 diligentem
620 2743 799 2809 mediorum
823 2743 932 2824 usum)
962 2745 1140 2825 appareat:
1169 2741 1231 2808 nisi
1261 2742 1350 2809 forte
1373 2744 1476 2826 gravis

157 2832 257 2899 timor
280 2832 341 2911 sit,
372 2854 413 2897 ne
437 2854 479 2898 ex
503 2833 606 2900 dilata
630 2833 836 2900 absolutione
859 2831 1049 2916 paenitens,
1082 2830 1136 2913 qui
1165 2830 1218 2895 hic
1248 2836 1283 2897 et
1305 2854 1392 2898 nunc
1415 2833 1476 2918 ipsc

157 2925 253 3007 putet
276 2922 358 2988 satis
381 2943 417 2987 se
448 2923 642 3006 dispositum
673 2943 746 2986 esse
776 2925 811 2987 et
838 2922 977 3005 fortasse
1002 2924 1096 2985 ctiam
1121 2928 1180 3004 est,
1211 2920 1245 2984 in
1275 2921 1370 3006 peius
1399 2927 1476 2987 ruet.

247 3011 294 3078 cf.
329 3010 361 3078 S.
395 3010 593 3096 Alpheus.
628 3012 690 3088 VI,
724 3013 809 3087 4323
849 3012 905 3075 Te.
939 3032 979 3076 m.
1014 3009 1061 3086 Il,
1096 3010 1161 3074 492
1186 3030 1278 3091 sqq.;
1315 3011 1476 3086 Pruner,

158 3103 456 3186 Paetoroltteoquic
471 3102 496 3176 I,
522 3103 587 3165 254
603 3121 691 3182 sqq.;
716 3098 864 3165 Aertni
871 3100 909 3182 js
932 3099 965 3163 iu
982 3097 1091 3164 Nouv.
1114 3118 1215 3164 revue
1230 3099 1376 3184 theolog.
1401 3104 1425 3168 t.
1442 3102 1475 3165 32

156 3195 191 3256 et
216 3193 258 3255 33
283 3192 353 3271 ,De
377 3193 576 3258 l'obselutiea
601 3187 869 3255 sacromentclle“.

246 3297 285 3362 R.
311 3300 340 3362 5.
388 3297 549 3380 Relapsus
573 3317 616 3362 ex
639 3317 730 3361 mera
758 3296 889 3362 interna
918 3292 1102 3376 fragilitate
1132 3293 1236 3360 multo
1267 3295 1377 3362 rarius
1400 3296 1477 3361 ratio

157 3405 230 3449 esse
254 3385 352 3450 debet
375 3386 546 3467 negandae
569 3386 621 3450 vel
653 3384 851 3450 differendae
882 3382 1113 3460 absolutionis,
1148 3404 1246 3465 quam
1269 3384 1421 3469 relapsus
1444 3404 1479 3450 ex

158 3473 329 3540 occasione
353 3479 492 3541 externa
508 3478 609 3552 ortus,
634 3474 698 3539 etsi
714 3474 794 3539 bace
810 3472 940 3538 occasio
957 3493 1021 3536 non
1045 3471 1089 3537 sit
1105 3471 1236 3537 omnino
1252 3471 1369 3541 libera.
1400 3474 1480 3540 Nam
1498 3452 1503 3579 l

158 3562 187 3628 si
210 3563 339 3629 occasio
355 3563 457 3630 fuerit
479 3563 592 3639 libera,
616 3563 760 3629 maxime
783 3562 811 3628 si
835 3561 935 3628 etiam
959 3559 1114 3627 continua
1136 3582 1195 3628 seu
1224 3560 1275 3638 ,in
1298 3566 1406 3640 esse‘,
1429 3563 1480 3629 vix
1502 3616 1506 3671 l

158 3651 213 3715 ille
237 3652 291 3732 qui
314 3651 420 3734 prima
443 3652 514 3718 vice
538 3674 610 3718 eam
634 3654 822 3729 confitetur,
855 3650 1074 3715 absolvendus
1097 3654 1150 3716 est
1179 3653 1257 3716 ante
1281 3652 1481 3720 occasionem

159 3740 337 3807 efficaciter
360 3742 539 3818 abiectam,
573 3741 679 3807 minus
703 3741 821 3817 etiam,
853 3739 907 3822 qui
930 3740 1027 3805 fidem
1052 3738 1163 3805 datam
1186 3739 1289 3821 fregit
1312 3744 1414 3824 atque
1436 3730 1510 3805 re'⁴

158 3830 270 3914 lapsus
293 3835 353 3897 est.
405 3831 460 3897 Tb.
485 3854 527 3899 m.
549 3830 625 3898 ibid.
672 3831 719 3900 Of.
744 3851 844 3914 supra
866 3851 929 3895 cos.
957 3831 1017 3894 171
1045 3833 1078 3895 61
1101 3828 1188 3897 infra
1211 3850 1275 3895 cos.
1303 3832 1378 3897 177.

94 3964 148 4019 609
248 3954 300 4018 An
324 3973 515 4028 quxusrruu
539 3957 578 4018 3„
601 3954 640 4021 R.
667 3955 696 4019 1.
728 3951 841 4017 Videri
863 3952 986 4036 poterit
1009 3950 1176 4018 Corradus
1199 3950 1405 4034 diligentiam
1429 3953 1486 4019 ali·
1513 3954 1516 3969 '

159 4063 256 4124 quam
281 4062 353 4106 sese
377 4042 568 4107 emendandi
593 4041 795 4117 adhibuisse,
829 4062 901 4106 cum
925 4062 985 4125 per
1007 4040 1229 4106 hebdomadas
1251 4062 1288 4107 se
1310 4041 1484 4108 immunem

159 4131 343 4197 servaverit
367 4153 387 4197 a
410 4136 545 4215 peccato
571 4136 735 4196 consueto.
783 4130 905 4196 Verum
929 4130 957 4195 si
980 4130 1044 4208 ita,
1070 4129 1163 4197 utin
1187 4151 1282 4208 casu,
1307 4141 1487 4199 constanter
1518 4138 1520 4163 ¹

159 4221 245 4302 egit,
277 4225 353 4304 post
375 4242 474 4286 unam
499 4222 681 4287 alteramve
711 4220 949 4285 hebdomadam
979 4239 1109 4302 semper
1131 4219 1284 4285 relabens
1316 4224 1420 4305 atque
1441 4222 1487 4288 ita
1517 4283 1520 4292 .

158 4331 299 4392 pergens
316 4332 417 4392 usque
436 4311 477 4375 ad
493 4314 622 4392 tempus
639 4310 787 4392 sequenti
805 4308 1000 4375 confessioni
1016 4308 1249 4392 propinquum:
1266 4311 1486 4377 confessarius
1513 4327 1520 4381 1

159 4400 289 4463 omnino
306 4399 418 4463 videre
442 4399 548 4475 debet,
574 4420 614 4464 ne
638 4399 783 4464 fallatur.
815 4399 902 4464 Nam
919 4398 1000 4463 haec
1024 4397 1143 4479 agendi
1159 4397 1245 4463 ratio
1268 4400 1485 4484 suspicionem

158 4488 280 4568 ingerit
303 4488 343 4551 de
367 4488 498 4553 defectu
522 4488 667 4552 sincerae
692 4487 872 4553 voluntatis
902 4507 960 4552 seu
984 4486 1141 4570 propositi
1173 4488 1310 4555 absoluti
1334 4490 1486 4556 emenda·

157 4577 266 4641 tionis.
313 4576 443 4643 Accidit
466 4576 550 4641 enin]
575 4577 767 4657 aliquando,
799 4582 835 4642 ut
859 4576 1015 4641 eiusmodi
1047 4575 1325 4643 consuetudinarii
1350 4585 1386 4648 et
1408 4579 1486 4646 reci·

157 4665 226 4729 divi
250 4685 290 4729 ex
315 4665 433 4731 timore
457 4667 668 4750 denegandae
691 4665 753 4731 sibi
777 4664 991 4731 absolutionis
1015 4665 1124 4746 aliquo
1140 4669 1289 4749 tempore
1309 4674 1392 4736 aute
1414 4690 1485 4736 con·

132 4852 219 4871 1—-

1501 4915 1508 4955 1
