3044 5174
151 279 216 342 336
606 273 812 329 Sacramentum
830 274 1022 344 paenitentiae.

150 449 292 516 venialia
316 449 530 527 committere,
556 471 653 532 quam
670 451 723 515 vel
746 471 846 514 unum
862 454 1032 533 peccatum
1047 450 1198 526 mortale,
1221 448 1319 532 idque
1336 471 1378 515 ex
1402 452 1479 516 sub-

150 541 271 605 iectivo
295 560 414 607 errore.
461 539 668 623 Quapropter
697 538 856 622 imprimis
886 559 993 621 parva
1014 539 1120 615 furta,
1151 539 1323 605 mendacia
1339 544 1411 606 etc.
1437 562 1479 605 ne

150 649 302 711 umquam
326 632 364 693 ut
386 649 439 692 res
461 628 612 710 gehenna
636 627 754 709 dignae
778 628 1014 705 describantur,
1039 627 1096 692 sed
1119 627 1205 694 sicut
1228 649 1306 694 vere
1329 634 1417 707 sunt,
1444 638 1481 696 ut

150 740 203 784 res
228 717 440 784 detestabiles
463 717 594 799 quidem
617 722 652 783 et
674 717 860 800 fugiendae,
884 720 920 781 at
944 722 981 783 ut
1003 721 1140 801 peccata
1163 717 1196 781 in
1219 739 1256 782 se
1279 718 1434 784 venialia.

239 825 278 891 R.
296 826 326 890 5.
358 823 537 906 Siquando
560 824 845 908 deprehendantur
868 823 969 905 aliqui
991 823 1055 887 iam
1080 823 1113 888 in
1136 824 1242 907 prima
1266 829 1379 891 aetate
1402 847 1480 909 pec·

151 917 226 979 cato
249 913 337 997 turpi
361 913 491 991 infecti,
522 918 618 979 ceute
648 913 778 996 quidem
808 914 971 996 agendum
1001 918 1052 979 est
1082 933 1124 977 ne
1152 913 1309 978 ulteriora
1339 915 1479 992 discant,

150 1004 209 1068 sed
232 1002 332 1068 etiam
355 1002 487 1069 fortiter
510 1007 547 1068 ut
570 1003 612 1068 ab
635 1002 727 1068 initio
751 1002 831 1067 illud
853 1001 971 1067 vitium
995 1001 1223 1080 exscindetur,
1247 1003 1353 1084 quod,
1378 1004 1407 1068 si
1429 1004 1479 1070 in·

151 1092 307 1168 eleverit,
348 1097 464 1158 curatu
502 1092 584 1157 adeo
623 1092 755 1157 difficile
790 1096 850 1157 est.
890 1129 934 1136 —-
970 1090 1091 1167 Quodsi
1125 1091 1272 1157 seductio
1309 1092 1342 1157 in
1379 1115 1479 1158 causa

150 1185 221 1259 est,
255 1179 341 1244 ornni
373 1181 406 1244 vi
439 1181 620 1246 conandum
652 1185 705 1247 est
735 1184 770 1245 et
800 1179 978 1246 efficaciter
1008 1181 1249 1264 procurandum
1280 1185 1318 1246 ut
1348 1183 1478 1248 occasio

151 1270 331 1336 auferatur.
596 1280 600 1289 '

89 1395 140 1452 591
240 1383 293 1448 An
309 1404 500 1460 oraremus
524 1388 562 1449 3„
579 1385 617 1451 lt.
642 1387 669 1449 1.
701 1384 812 1460 Quoad
838 1404 948 1449 casum
970 1387 1111 1470 priorem
1126 1384 1239 1449 Elbel
1263 1383 1396 1466 quidem
1413 1387 1434 1452 l.
1451 1408 1477 1452 c.

152 1473 365 1557 Theophilum
388 1495 453 1538 non
476 1473 625 1555 graviter
648 1472 872 1556 reprehendit,
904 1473 1045 1538 maxime
1075 1472 1104 1537 si
1126 1477 1262 1557 propter
1285 1494 1477 1540 concursum

151 1563 389 1647 paenitentium
420 1567 454 1628 et
484 1562 640 1646 temporis
673 1562 843 1644 angustias
874 1561 995 1627 diutius
1027 1562 1218 1627 examinare
1246 1562 1330 1628 istos
1361 1585 1477 1648 pueros

151 1652 342 1735 puellasque
365 1672 429 1716 non
452 1651 607 1734 potuerit.
640 1651 762 1716 Verum
786 1651 819 1715 in
843 1650 1083 1716 condicionibus
1103 1657 1235 1718 nostrae
1251 1651 1376 1719 aetatis
1400 1658 1476 1737 puto

152 1741 282 1806 omnino
306 1762 380 1806 eum
403 1741 550 1805 severius
580 1761 653 1805 esse
683 1740 940 1816 diiudicandum;
971 1761 1036 1805 non
1066 1741 1152 1822 quod
1181 1745 1317 1824 propter
1348 1742 1477 1807 dubiam

152 1829 376 1896 maturitatem
400 1830 471 1895 sola
494 1829 720 1895 benedictione
744 1834 917 1894 contentus
941 1833 1022 1906 erat,
1047 1829 1105 1894 sed
1129 1830 1215 1911 quod
1238 1851 1359 1913 pueros
1383 1832 1477 1897 dubie

151 1923 299 1984 maturos
322 1920 423 1984 adse.
442 1919 673 1985 eucharistiam
697 1919 883 2002 permiserit
907 1919 1072 1983 accedere.
1104 1918 1191 1984 Nam
1215 1940 1258 1984 ss.
1279 1920 1477 1986 eucharistia

151 2008 298 2091 permitti
321 2007 450 2090 quidem
474 2012 584 2090 potest
607 2008 653 2090 (in
678 2007 775 2072 dubio
805 2008 845 2073 de
875 2007 1014 2074 materia
1044 2007 1258 2073 confessionis
1280 2009 1477 2090 sufficiente)

152 2117 224 2161 curn
248 2098 320 2162 sola
343 2096 577 2174 benedictione,
602 2100 775 2180 postquam
793 2097 952 2163 confitens
975 2117 1077 2162 annos
1094 2098 1296 2162 discretionis
1312 2099 1476 2181 attigerit:

152 2191 188 2252 at
219 2186 252 2250 in
284 2186 380 2251 dubio
410 2187 450 2250 de
474 2189 586 2251 aetate
614 2185 820 2252 discretionis
850 2186 997 2269 permitti
1026 2207 1068 2250 ss.
1095 2186 1313 2252 eucharistiae
1337 2189 1478 2271 sumptio

152 2275 281 2357 nequit,
313 2275 374 2339 nisi
404 2275 491 2340 forte
521 2279 556 2340 in
586 2278 721 2340 articulo
744 2279 863 2343 mortis.
910 2274 1012 2339 Immo
1036 2279 1134 2340 extra
1164 2275 1339 2341 articulum
1363 2277 1477 2342 mortis

151 2385 211 2447 pro
234 2363 392 2429 sumenda
415 2385 458 2429 ss,
483 2364 681 2430 eucharistia
704 2365 768 2429 iam
793 2364 1007 2429 communiter
1029 2365 1134 2430 maior
1155 2365 1332 2431 maturitas
1357 2371 1392 2432 et
1415 2367 1477 2431 dis-

152 2452 254 2519 cretio
278 2453 431 2535 exigitur,
456 2474 554 2536 quam
578 2475 661 2535 quae
684 2453 828 2520 sufficiat
851 2459 888 2520 ut
910 2453 1015 2537 possit
1030 2458 1065 2520 et
1080 2454 1199 2519 debeat
1222 2454 1293 2520 dari
1316 2455 1477 2520 absolutio

151 2542 410 2608 sacramentalis.

241 2649 279 2716 lt.
298 2653 328 2715 2.
361 2649 394 2714 Si
417 2652 527 2714 autern
551 2649 727 2715 maturitas
749 2653 903 2732 suspecta
926 2648 1026 2715 fuerit
1049 2669 1114 2712 non
1137 2669 1180 2713 ex
1203 2648 1335 2714 defectu
1360 2651 1478 2718 aetatis

152 2738 209 2802 sed
233 2760 275 2802 ex
299 2737 418 2803 mentis
441 2737 636 2820 stupiditate
660 2743 694 2803 et
717 2738 849 2821 partiali
873 2738 1014 2819 quadam
1037 2736 1210 2814 fatuitate,
1241 2736 1290 2802 ita
1314 2742 1352 2802 ut
1375 2740 1477 2804 maior

153 2827 305 2893 discretio
330 2827 454 2910 sperari
478 2832 593 2909 postea
617 2849 680 2892 non
697 2827 812 2893 liceat:
837 2848 917 2892 sane
931 2828 1003 2892 lieri
1026 2830 1137 2909 potest
1153 2830 1189 2891 ut
1206 2827 1366 2893 eiusmodi
1382 2829 1477 2893 semi-

152 2916 252 2993 fatui,
285 2921 459 2998 postquam
482 2916 611 2999 plenam
637 2922 781 2982 aetatem
805 2917 993 2997 attigerint,
1025 2917 1095 2980 sive
1118 2919 1194 2999 post
1217 2916 1477 2983 condicionatam

152 3006 390 3070 absolutionem
413 3005 484 3070 sive
508 3005 683 3087 aliquando
713 3011 789 3088 post
811 3007 915 3070 solam
938 3004 1213 3083 benedictionem,
1246 3005 1415 3072 interdum
1439 3007 1477 3072 ad

152 3117 177 3160 s.
204 3094 461 3160 communionem
485 3094 713 3161 admittantur.

91 3212 143 3266 592
242 3200 280 3266 R..
306 3204 336 3266 3.
383 3200 496 3277 Quoad
526 3204 696 3266 amandum
728 3222 839 3266 casum
870 3199 1060 3265 Theodorus
1092 3220 1172 3265 sane
1204 3200 1354 3282 graviter
1384 3202 1479 3268 laesit

153 3289 298 3354 ordinem
323 3295 357 3354 et
380 3311 527 3355 normam
557 3291 754 3355 sacramenti
785 3289 1015 3372 paenitentiae.
1063 3289 1150 3354 Nam
1183 3289 1214 3367 1)
1245 3310 1310 3355 non
1334 3289 1429 3357 licuit
1452 3291 1477 3356 ei

153 3379 262 3461 pueris
286 3379 451 3462 imponere
476 3401 556 3444 onus
580 3385 618 3445 ut
640 3385 737 3445 extra
760 3379 997 3444 confessionem
1021 3377 1081 3442 sibi
1098 3378 1215 3460 gravia
1237 3383 1377 3462 peccata
1401 3402 1479 3464 pan-

154 3469 285 3544 derent,
314 3488 419 3550 neque
443 3467 609 3552 imponere
632 3469 739 3552 potuit
762 3476 799 3533 ut
821 3469 864 3533 ad
887 3489 923 3532 se
946 3468 1033 3532 domi
1056 3472 1243 3533 manentem
1266 3469 1479 3542 accederent:

153 3557 259 3621 minus
290 3558 389 3621 etiarn
421 3579 462 3621 ex
493 3579 531 3623 eo
562 3559 647 3640 quod
678 3580 742 3623 non
772 3557 972 3622 accesserint
1005 3558 1197 3622 concludere
1226 3557 1337 3639 potuit
1368 3560 1480 3624 abesse

154 3666 282 3710 omnem
306 3646 477 3711 materiam
503 3647 716 3712 confessionis
739 3667 886 3729 gravem.

244 3735 277 3815 2)
301 3735 376 3800 Non
400 3735 491 3802 licuit
515 3736 545 3801 ei
568 3736 730 3819 publicam
754 3737 852 3801 istam
877 3735 1116 3801 accusationem
1141 3732 1285 3816 exigere.
1317 3735 1365 3800 Et
1380 3758 1480 3819 quon·

154 3823 220 3888 iam
249 3823 306 3888 illa
330 3825 497 3891 accusatio
528 3831 599 3890 eret
629 3846 717 3906 vaga
747 3825 877 3907 quidem
907 3825 963 3889 sed
994 3845 1059 3889 non
1088 3823 1185 3906 plane
1214 3823 1478 3899 indeterminata,

154 3913 315 3997 parochus
345 3935 464 3996 pueros
495 3914 536 3979 ad
567 3936 640 3980 earn
671 3915 908 3996 quodammodo
939 3935 1060 3996 cogens
1089 3911 1159 3994 egit
1188 3921 1298 3978 contra
1331 3924 1479 3981 secretum

154 4007 384 4068 sacramentale
407 4009 507 4085 atque
530 4004 691 4069 obiective
715 4004 844 4069 omnino
868 4003 1016 4086 graviter
1038 4000 1198 4085 peccavit.

245 4101 278 4182 3)
303 4102 389 4166 Male
413 4102 491 4183 egit,
516 4123 589 4166 cum
604 4102 638 4166 in
653 4101 789 4184 praevia
805 4102 862 4166 illa
877 4100 1085 4166 accusatione
1102 4119 1190 4181 vaga
1212 4103 1248 4165 et
1269 4099 1481 4185 subsequenti
1511 4172 1515 4177 ⁴

155 4190 302 4273 generali
331 4190 487 4256 fundaret
517 4191 770 4266 absolutionem,
802 4211 865 4254 non
896 4190 1067 4272 postulans
1097 4188 1195 4254 immo
1220 4189 1273 4253 vel
1302 4188 1481 4275 impediens

155 4278 397 4344 accusationem
422 4279 664 4362 particularem.
697 4280 781 4344 Nem
806 4278 1148 4362 praeterquamquod
1173 4277 1322 4343 accidere
1340 4286 1479 4364 poterat,

154 4373 192 4434 ut
216 4368 315 4448 aliqui
340 4369 513 4433 commissa
536 4368 708 4433 habuerint
732 4373 869 4452 peccata
893 4368 1018 4449 gravia,
1044 4388 1127 4449 quae
1151 4367 1257 4449 quoad
1281 4370 1429 4451 speciem
1451 4375 1480 4434 et

155 4479 323 4521 numerum
356 4457 539 4522 accusanda
569 4462 679 4533 erant,
714 4459 877 4539 generalis
910 4457 968 4523 illa
998 4457 1097 4523 etiam
1130 4458 1272 4523 solorum
1304 4460 1479 4526 venialium

155 4551 363 4629 peccatorum
388 4550 439 4610 est
463 4550 577 4611 contra
601 4569 694 4612 usum
718 4548 820 4612 totius
844 4547 1028 4623 Ecclesiae,
1060 4549 1159 4627 atque
1189 4546 1299 4628 pueris
1322 4547 1480 4633 imprimis

156 4636 317 4716 pervertit
341 4635 506 4701 notionem
530 4640 641 4701 rectae
658 4637 832 4703 confitendi
850 4657 993 4715 normae,
1017 4636 1066 4701 ita
1088 4640 1125 4700 ut
1141 4635 1241 4702 etiam
1257 4635 1290 4701 in
1315 4644 1479 4720 posterum
