3044 5174
134 257 198 323 280
588 252 795 308 Sacramentum
813 253 1004 323 paenitentiae.

132 436 169 500 ut
184 432 256 499 loco
271 430 448 516 superioris
465 432 626 504 absolvat,
650 436 751 514 atque
766 432 815 498 ita
830 430 986 498 vicariam
1002 434 1200 515 potestatem
1216 453 1276 516 pro
1293 431 1462 516 superiore

131 525 275 590 exercet.
329 521 496 586 Eiusmodi
527 521 683 586 vicariam
714 525 914 605 potestatem
944 521 1056 595 babes
1074 521 1108 585 in
1139 520 1171 587 S.
1202 521 1462 588 Paenitentiaria

132 612 283 677 Romana
307 615 341 677 et
364 610 397 675 in
422 609 623 675 dioecesibus
646 610 680 674 in
703 609 956 694 paenitentiario
980 609 1189 677 cathedralis.

222 698 315 767 Alios
331 704 442 765 autem
459 700 629 781 delegatos
644 720 704 782 pro
721 699 925 765 absolutione
942 699 1033 764 adire
1054 720 1152 782 posse
1167 698 1264 765 favor
1280 704 1333 766 ast
1348 699 1461 784 paeni·

133 789 289 856 tentium:
314 788 429 854 favore
453 793 511 854 aut
513 809 563 853 ern
588 787 636 854 uti
660 809 755 853 nemo
778 792 920 854 tenetur.

222 886 260 953 R.
286 888 317 953 2.
363 886 427 952 Per
457 885 608 951 accidens
638 885 796 951 eiusmodi
826 907 976 951 recursus
1006 889 1117 988 potest
1065 885 1291 954 estevadere
1321 884 1460 961 debitus,

134 976 264 1058 quando
288 975 415 1041 scilicet
444 973 563 1055 aliquis
593 974 720 1057 indiget
705 975 828 1041 ttsta
804 979 864 1040 tim
887 975 1027 1041 absolut'
1003 980 1109 1054 tuone,
1142 996 1249 1058 neque
1281 975 1378 1042 adest
1407 975 1460 1058 qui

132 1065 305 1131 absolvere
328 1063 442 1149 possit,
467 1063 529 1129 nisi
553 1069 663 1129 certus
687 1064 805 1146 aliquis
828 1064 1010 1146 delegatus.

222 1171 261 1237 R.
292 1174 323 1237 3.
370 1170 463 1236 Alias
494 1177 622 1248 autem,
657 1170 685 1234 si
715 1175 850 1254 propter
879 1170 1147 1255 impedimentum
1179 1170 1381 1254 impossibile
1412 1175 1462 1238 est

131 1259 224 1326 adire
246 1258 463 1343 superiorem,
495 1260 667 1343 paenitens
690 1259 781 1325 adire
811 1263 922 1344 potest
952 1261 1130 1342 quemlibet
1159 1258 1398 1326 confessarium
1422 1261 1461 1327 ab

133 1370 236 1432 eoque
259 1348 398 1415 tractari
422 1348 599 1414 secundum
622 1350 756 1431 regulas
780 1348 820 1414 de
843 1351 1013 1435 impeditis.

70 1488 124 1543 492
223 1473 275 1538 An
291 1493 484 1549 ouansrruu
501 1475 549 1538 3²².
583 1473 656 1538 Hae
679 1471 781 1554 igitur
804 1477 882 1538 sunt
904 1474 1039 1554 regulae
1056 1493 1140 1555 quae
1160 1472 1274 1538 valent
1296 1472 1329 1539 in
1355 1474 1463 1539 danda

133 1562 339 1628 absolutione
362 1561 402 1626 iis
425 1561 480 1644 qni
503 1560 651 1645 impediti
675 1565 752 1626 sunt
774 1562 947 1644 quominus
970 1562 1093 1628 adeant
1114 1561 1333 1645 superiorem:

91 1725 93 1729 ,
223 1659 262 1726 R.
290 1662 319 1725 1.
366 1659 403 1723 ln
428 1659 557 1724 casibus
580 1659 752 1742 papalibus
783 1679 824 1723 ex
856 1659 987 1724 decreto
1011 1661 1045 1727 S.
1072 1659 1231 1744 Officiid.
1256 1659 1287 1725 d.
1313 1659 1463 1725 301unii

136 1751 221 1814 1886
245 1747 479 1832 praescribitur
501 1753 539 1814 ut
560 1768 620 1831 per
641 1748 772 1813 litteras
787 1747 936 1827 Romam,
961 1749 981 1814 i.
999 1770 1026 1816 e.
1052 1749 1094 1814 ad
1111 1749 1143 1815 S.
1160 1748 1463 1825 Paenitentiariam,

134 1842 332 1904 recurratur.

224 1927 261 1992 In
286 1927 414 1991 casibus
430 1946 509 1990 vero
534 1925 786 2007 urgentioribus,
811 1925 845 1989 in
869 1925 985 2007 quibus
1001 1925 1164 1992 absolutio
1181 1925 1304 1991 differri
1320 1932 1465 2008 nequeat

135 2016 259 2098 absque
281 2015 425 2100 periculo
445 2014 559 2096 gravis
575 2014 719 2080 scandali
737 2015 791 2079 vel
807 2013 971 2093 infamiae,
996 2035 1095 2098 super
1111 2036 1174 2097 quo
1190 2015 1463 2081 confessariorum

136 2104 337 2171 conscientia
360 2105 527 2181 oneratur,
552 2103 623 2168 dari
646 2107 756 2186 potest
779 2103 951 2182 absolutio,
975 2103 1128 2170 iniunctis
1145 2105 1185 2169 de
1200 2104 1269 2170 iure
1291 2104 1465 2188 iniungen-

136 2195 202 2273 dis,
235 2216 255 2258 a
278 2193 424 2258 censuris
449 2192 549 2257 etiam
579 2191 712 2276 speciali
736 2192 832 2258 modo
856 2214 982 2258 summo
1006 2192 1152 2276 pontifici
1175 2192 1373 2272 reservatis,
1406 2194 1466 2259 sub

136 2304 242 2368 poena
258 2286 370 2349 tamen
386 2281 621 2347 reincidentiae
637 2282 669 2346 in
687 2283 817 2347 easdem
835 2303 999 2358 censuras,
1017 2282 1079 2347 nisi
1091 2283 1209 2347 saltem
1220 2280 1307 2348 infra
1319 2303 1465 2348 mensem

135 2395 195 2457 per
219 2372 393 2455 epistulam
417 2376 452 2436 et
475 2391 534 2453 per
556 2370 697 2435 medium
723 2371 914 2436 confessarii
940 2371 1109 2436 absolutus
1124 2375 1275 2438 resumat
1297 2371 1340 2437 ad
1357 2372 1390 2438 S.
1409 2373 1467 2457 Se:

137 2464 221 2527 dem.
252 2499 297 2508 —-
327 2459 417 2537 Quod
442 2460 472 2526 d.
500 2463 540 2524 16
564 2459 635 2527 Iun.
662 2461 746 2526 1897
773 2464 945 2525 extensum
978 2463 1030 2525 est-
1062 2461 1103 2525 ad
1133 2459 1373 2529 absolutionem
1398 2461 1468 2527 eius

138 2549 190 2616 cui
207 2550 322 2614 durum
339 2549 383 2615 sit
399 2569 458 2632 per
473 2552 603 2632 tempus
619 2549 661 2614 ad
678 2549 908 2614 recurrendum
927 2549 1146 2614 necessarium
1163 2570 1297 2615 manere
1313 2549 1386 2616 sine
1410 2551 1467 2616 ab·

138 2639 301 2706 solutione
324 2659 345 2704 a
369 2658 516 2704 censura.
549 2639 687 2702 Demum
710 2658 770 2722 pro
794 2659 871 2703 casu
896 2659 959 2720 quo
983 2638 1183 2722 impossibile
1207 2637 1307 2705 fuerit
1330 2643 1366 2704 et
1390 2661 1467 2704 con·

137 2728 335 2794 fossariot
301 2732 335 2793 et
357 2727 539 2812 paenitenti
562 2749 621 2811 per
645 2726 729 2811 epist
715 2728 818 2792 tulam
843 2727 884 2791 ad
908 2727 940 2795 S
965 2727 1081 2793 Paenit
1083 2728 1255 2795 entiariam
1285 2749 1466 2804 recurrere,

138 2818 167 2884 d.
194 2817 323 2883 9Nov
350 2819 434 2882 1898
460 2837 648 2881 concessum
674 2821 725 2882 est
748 2818 866 2881 uttfia
889 2816 1051 2882 absolutio
1082 2818 1151 2883 sine
1181 2817 1338 2883 ulteriore
1369 2839 1468 2883 onero

138 2906 250 2988 (Anat
276 2909 377 2972 eccles.
395 2905 511 2984 Vll,6
492 2907 542 2988 6)
567 2926 671 2988 neque
694 2911 806 2972 tamen
829 2906 861 2969 id
878 2906 990 2971 valere
1014 2907 1120 2988 quoad
1144 2928 1256 2972 casum
1279 2910 1468 2974 attentatae

139 2995 354 3061 absolutionis
379 2995 562 3079 complicis:
587 2997 683 3060 Aacl
711 2997 778 3061 ecel.
759 2994 876 3071 l,Vll
903 2997 978 3060 339.

76 3115 130 3169 493
229 3101 268 3167 R.
294 3105 324 3168 2.
371 3100 409 3165 In
433 3100 561 3165 casibus
586 3100 822 3184 episcopalibus
846 3101 1017 3184 episcopus
1040 3104 1152 3185 potest
1175 3101 1305 3185 quidem
1330 3103 1468 3168 eandem

140 3189 259 3273 agendi
282 3189 444 3256 rationem
468 3189 708 3272 praescribere;
740 3210 854 3254 verum
885 3189 947 3254 nisi
977 3190 1038 3255 hac
1068 3190 1101 3255 in
1124 3212 1161 3256 ro
1190 3191 1223 3256 id
1247 3191 1467 3270 constituerit,

140 3281 232 3346 valet
254 3279 370 3361 regula
393 3278 529 3361 antiqua
552 3278 632 3343 iuris
656 3279 848 3344 communis:

233 3369 265 3449 1)
289 3368 326 3432 In
351 3389 429 3433 casu
458 3367 681 3451 impedimenti
711 3373 828 3451 pertpe
829 3366 862 3433 ui
813 3367 938 3434 tvel
968 3367 1194 3450 longissimit
1196 3369 1338 3452 emporis
1369 3368 1468 3453 (quod

142 3457 268 3524 scilicet
291 3460 310 3521 5
336 3478 439 3522 annos
463 3478 673 3522 excessurum
698 3478 769 3521 esse
800 3457 973 3540 praevidet
974 3457 1099 3537 ιιι)-
1129 3457 1159 3522 id
1192 3458 1278 3540 quod
1303 3479 1381 3523 raro
1412 3459 1468 3525 ad-

141 3548 272 3613 modum
297 3545 392 3612 erit
383 3567 416 3610 m
440 3546 588 3611 adeundo
613 3545 774 3630 episcopo,
799 3545 933 3610 inferior
956 3547 1176 3611 confessarius
1200 3546 1454 3615 absolveret
1398 3554 1468 3633 pot·

143 3640 195 3701 est
218 3635 457 3719 simpliciter
432 3656 501 3699 srne
527 3635 680 3701 ulteriore
703 3656 811 3700 onere.

234 3724 267 3804 2)
291 3724 327 3788 ln
353 3746 430 3789 casu
453 3724 676 3808 impedimenti
699 3723 892 3808 simpliciter
916 3723 1069 3801 diuturni,
1094 3723 1290 3789 Smensinm
1312 3730 1347 3791 et
1371 3726 1467 3804 ultra,

143 3835 208 3879 non
232 3814 355 3878 ultra5
380 3834 493 3890 annea,
517 3813 653 3879 inferior
676 3813 894 3878 confessarius
910 3814 1081 3878 absolvere
1097 3813 1227 3896 quidem
1251 3817 1373 3897 potest,
1399 3837 1468 3881 curn

144 3923 242 3968 onere
272 3906 383 3967 tamen
416 3907 453 3969 ut
476 3907 628 3968 cessante
657 3902 888 3987 impedimento
918 3902 1089 3986 paenitens
1119 3924 1154 3967 se
1178 3902 1276 3969 sistat
1299 3903 1468 3988 superiori.

235 3991 269 4070 3)
292 3991 329 4055 ln
354 4012 432 4057 casu
455 3993 615 4057 brevioris
638 3992 860 4076 impedimenti
878 3991 978 4072 (infra
1002 3993 1179 4073 dmenses)
1203 3991 1340 4057 inferior
1363 3993 1398 4058 in
1421 4015 1468 4059 re·

145 4085 280 4147 servata
303 4081 382 4145 nibil
406 4085 533 4165 potest;
558 4102 672 4144 verum
696 4085 835 4164 urgente
852 4081 1050 4146 necessitate
1066 4081 1281 4147 absolutionis
1298 4082 1401 4164 (qnae
1422 4084 1469 4149 fa·

145 4175 238 4236 tento
262 4170 293 4235 S.
319 4170 415 4253 Alph.
441 4171 537 4236 adest
560 4169 658 4235 etiam
683 4191 725 4234 ex
748 4171 819 4235 sola
841 4171 904 4235 hac
927 4171 1064 4247 ratione,
1090 4171 1175 4253 quod
1198 4170 1373 4254 paenitens
1397 4194 1469 4257 gra·

146 4259 233 4324 viter
256 4259 343 4324 ferat
366 4280 424 4343 per
448 4259 590 4324 triduum
613 4259 666 4322 vel
691 4259 821 4324 biduum
845 4281 978 4324 manere
1001 4260 1033 4324 in
1057 4264 1147 4325 statu
1171 4258 1314 4343 peccati)
1337 4260 1469 4328 inferior

147 4348 366 4414 confessarius
390 4350 431 4412 ab
455 4348 528 4413 aliis
552 4348 696 4430 peccatis
720 4371 783 4413 non
808 4349 985 4413 reservatis
1015 4353 1126 4432 potest
1149 4350 1341 4427 absolvere,
1374 4356 1469 4435 atque

147 4438 194 4503 ita
218 4437 376 4503 indirecte
399 4458 419 4502 a
442 4437 630 4513 reservatis,
655 4447 799 4502 arcencale
814 4447 919 4502 ιαιιιιιι
936 4460 1080 4522 censura,
1105 4442 1134 4504 si
1150 4462 1230 4525 quoe
1245 4441 1403 4506 adiuncta
1422 4449 1468 4507 est.

238 4527 282 4591 Et
313 4546 509 4608 quamquam
540 4526 635 4593 multi
665 4532 816 4592 auctores
846 4528 906 4591 bas
941 4528 1074 4609 regulas
1109 4550 1171 4592 non
1203 4528 1387 4597 admittunt
1415 4550 1468 4615 pro

149 4615 296 4700 peccatis
320 4616 390 4680 sine
414 4636 552 4680 censura
576 4616 628 4680 vel
652 4638 716 4681 non
740 4619 873 4700 propter
889 4637 1061 4681 censuram
1086 4616 1275 4697 reservatis,
1301 4627 1468 4688 censentes
