3044 5174
260 304 458 374 Indulgentiae.
478 333 513 343 -
532 303 689 358 Benedictio
709 304 795 374 apost.
814 303 843 356 in
861 301 958 356 mortis
976 300 1100 356 articulo.
1282 304 1349 368 375

90 500 200 564 posse.
249 480 372 545 Verum
395 484 475 565 puto
498 479 699 563 probabilem
724 499 797 544 esse
818 477 1142 562 interpretationem,
1167 486 1264 562 posse
1289 478 1349 544 ali·

66 590 113 635 ern
138 569 242 634 semel
265 569 412 635 obtinere
436 568 673 634 absolutionem
691 589 711 633 a
726 567 915 646 reservatis,
939 567 1072 650 insuper
1087 567 1188 632 semel
1204 588 1349 632 commu-

66 659 178 723 ionem
203 662 372 736 votorum,
404 659 457 723 vel
481 657 581 724 etiam
605 657 706 722 semol
731 657 1007 740 dispensationem
1030 657 1071 722 ab
1102 656 1349 738 irregularitate

66 747 148 813 :ulta
171 747 212 812 ob
237 767 409 812 censuram
433 747 601 812 violatam.
648 745 740 824 Quod
763 747 810 811 sic
833 745 990 828 intellego
1013 749 1051 811 ut
1073 744 1129 810 ille
1159 745 1214 827 qui
1247 746 1348 811 semel

66 858 96 901 rs
119 836 166 901 sit
189 836 338 901 omnibus
353 836 405 901 his
420 836 560 901 diversis
576 834 755 913 favoribus,
779 834 857 899 nihil
875 835 1014 918 amplius
1030 834 1063 899 vi
1079 833 1209 899 iubilaei
1226 835 1348 918 possit3

66 927 178 991 ivero
202 945 266 990 uno
290 945 412 1007 genero
435 925 585 990 favorum
610 927 739 990 tantum
763 923 808 989 sit
831 944 927 1002 usus,
960 923 1081 1007 possit,
1113 923 1242 1006 quando
1265 923 1348 989 iubi-

66 1036 126 1079 um
150 1014 272 1079 iterato
296 1014 420 1097 acquiri
444 1017 564 1097 potest,
593 1034 652 1098 por
675 1013 880 1079 voluntatem
902 1013 1023 1079 iterato
1046 1032 1106 1096 per
1129 1033 1230 1096 opera
1252 1033 1350 1095 prae·

66 1105 147 1187 ipta
169 1103 346 1169 lucrandae
369 1102 594 1186 indulgentiae
617 1102 678 1168 sibi
701 1102 752 1167 ius
775 1102 942 1167 vindicare
963 1123 984 1166 a
1000 1101 1200 1167 confessario
1215 1101 1349 1186 petendi

66 1191 275 1277 plicationem
299 1192 436 1258 alterius
459 1192 610 1257 favorum
634 1191 774 1273 generis.
799 1190 998 1273 —Alioqui
1021 1213 1085 1255 non
1109 1211 1240 1275 semper
1264 1191 1349 1257 veri·

66 1288 147 1356 atur,
174 1281 260 1362 quod
277 1280 310 1347 S.
327 1280 587 1347 Paenitentiam
607 1282 622 1344 1
641 1280 710 1346 Ian.
731 1281 816 1345 1873
832 1280 875 1345 ad
891 1281 951 1364 Ep.
969 1279 1148 1346 Novocom.
1165 1281 1236 1346 ficri
1252 1301 1349 1364 posse

66 1370 214 1437 claravit.

108 1459 321 1540 interrogata
348 1457 419 1537 ,An
442 1457 547 1542 possit
570 1457 697 1523 absolvi
720 1478 740 1522 a
764 1457 964 1522 confessario
988 1479 1047 1523 suo
1070 1457 1175 1535 Titus,
1199 1478 1238 1521 eo
1262 1457 1349 1539 quod

66 1568 202 1631 mquam
217 1547 250 1611 in
267 1547 431 1614 anteactis
447 1546 704 1613 confessionibus
720 1546 828 1628 aliquo
845 1551 1016 1613 reservato
1031 1545 1180 1613 irret'tus
1196 1568 1235 1612 ac
1250 1566 1348 1631 prop·

66 1658 116 1703 rea
139 1657 317 1718 numquam
340 1636 401 1702 hoc
424 1636 555 1703 iubilaei
578 1636 750 1720 privilegio
772 1657 850 1701 usus
873 1636 948 1713 sit“‚
980 1657 1065 1719 resp.
1090 1633 1346 1720 „Affii·motice“.

66 1748 87 1792 c
110 1726 215 1809 igitur
236 1725 347 1792 Titum
376 1746 413 1791 re
442 1746 521 1791 vara
551 1725 657 1809 prima
687 1725 776 1803 vice,
809 1746 874 1807 qua
903 1725 1077 1790 iubilaeum
1108 1724 1256 1791 lucratus
1286 1729 1347 1802 est,

66 1815 201 1883 tinuisse
224 1814 511 1880 commutationem
535 1813 621 1892 voti,
652 1814 710 1879 sed
741 1836 804 1879 nou
835 1814 1074 1879 absolutionem
1103 1835 1123 1879 a
1150 1815 1347 1880 reservetis:

66 1903 313 1988 arrogationem
343 1907 378 1969 et
408 1903 650 1988 responsionem
682 1903 850 1969 laudatam
881 1903 1025 1987 applica,
1059 1906 1093 1968 et
1115 1902 1251 1968 habebis
1274 1923 1348 1967 eum

66 2015 133 2072 sse,
165 1993 194 2059 si
223 1993 305 2059 velit
335 1993 440 2057 denuo
470 1992 590 2058 lucrari
613 1992 805 2066 iubilaeum,
837 2012 922 2056 nunc
952 2012 973 2056 a
1001 1991 1180 2057 reservatis
1211 1991 1346 2057 absolvi.

65 2106 109 2167 go
135 2104 156 2148 a
179 2082 268 2166 pari,
293 2081 346 2164 qui
366 2085 474 2168 primo
498 2081 735 2148 absolutionem
760 2102 781 2146 a
804 2080 982 2146 reservatis
1005 2080 1162 2159 obtinuit,
1190 2102 1255 2147 non
1278 2080 1349 2146 voti

66 2173 319 2248 nmutationem,
345 2175 470 2255 postea,
495 2170 522 2234 si
546 2169 801 2236 commutatione
825 2169 894 2236 voti
916 2168 1052 2251 indiget,
1079 2169 1201 2237 iterata
1216 2169 1348 2235 iubilaei

66 2261 237 2345 puisiticne
260 2281 331 2326 eam
357 2259 645 2326 commutationem
668 2258 815 2324 obtinere
838 2280 923 2325 nunc
946 2263 1065 2343 potest.

151 2450 416 2518 BENEDICTIO
439 2450 709 2518 APOSTOLIOA
732 2450 781 2518 IN
803 2449 1022 2518 ARTIGULO
1045 2450 1218 2519 MORTIS.

582 2612 694 2680 Casus.
714 2621 790 2690 (192)

106 2756 260 2816 Amadeus
281 2755 419 2814 sensibus
441 2754 618 2828 destitutus,
641 2775 707 2814 cum
729 2755 891 2815 christiane
913 2755 1056 2827 vixisset,
1084 2775 1103 2814 a
1123 2755 1278 2814 sacerdote
1299 2756 1348 2814 ud·

66 2838 158 2897 niente
187 2837 353 2895 absolvitur
382 2840 412 2894 et
432 2835 554 2911 ungitur
582 2841 670 2911 atque
691 2837 794 2895 statim
823 2837 950 2895 donatur
977 2838 1165 2896 benedictione
1185 2839 1349 2914 apostolico.

66 2925 129 2978 stea
150 2917 303 2976 dubitatur
323 2922 421 2975 utrum
442 2935 474 2975 re
488 2935 562 2974 rere
582 2916 657 2974 haec
678 2916 844 2975 benedictio
858 2917 958 2976 valeat
980 2916 1018 2975 ad
1038 2917 1175 2975 effectum
1196 2917 1349 2992 plenariae

66 2998 230 3073 ulgentiae,
253 3016 291 3055 an
313 2996 474 3073 repetenda
495 2995 544 3067 sit,
566 2995 592 3054 si
614 2996 690 3055 forte
711 3002 850 3072 aegrotus
872 2996 910 3054 ad
930 3015 963 3054 se
984 2996 1113 3055 redierit.

66 3131 199 3173 murrea
221 3114 251 3170 1⁰
271 3110 357 3250 qutiglll
370 3110 599 3250 sittbenediotio
621 3111 786 3187 apostolica
815 3116 845 3170 et
873 3130 930 3186 quo
951 3130 1043 3170 sensu
1070 3110 1134 3170 eius
1163 3110 1349 3186 indulgentia

273 3211 302 3249 1n
357 3210 413 3266 ega
428 3210 471 3249 ur.

219 3289 250 3347 2ο
271 3308 346 3364 quae
368 3289 430 3347 sint
451 3288 640 3348 condiciones
661 3289 858 3350 necessariae.

220 3388 250 3445 3⁰
271 3386 345 3525 quidl
361 3386 397 3444 de
412 3406 485 3526 catsu
506 3392 609 3445 nostro
631 3392 661 3445 et
682 3387 717 3445 de
737 3386 917 3464 repetitione
938 3386 1025 3445 huius
1046 3385 1261 3446 benedictionis
1283 3406 1348 3447 oen·

273 3486 325 3525 sen
347 3486 396 3525 um
418 3486 465 3526 si.

617 3599 752 3666 Salutio.

107 3738 162 3804 An
178 3759 370 3815 oosusrruu
385 3742 422 3804 1¹⁰
437 3739 476 3804 R.
493 3742 521 3805 1.
546 3740 630 3806 Sunt
645 3740 759 3806 variae
776 3739 976 3823 apostolicae
992 3740 1245 3818 benedictiones,
1264 3759 1409 3822 quaesta

66 3851 80 3894 u
105 3850 127 3894 a
149 3827 219 3893 solo
244 3828 375 3893 Summo
399 3828 573 3906 Pontifice,
598 3829 655 3894 sed
680 3829 779 3894 etiam
804 3830 845 3894 ab
869 3828 943 3894 aliis
966 3849 1008 3894 ex
1033 3829 1156 3895 Summi
1179 3830 1347 3896 Pontificis

69 3916 225 4000 egatione
241 3917 311 3981 dari
327 3918 450 3994 solent3
477 3917 535 3983 sed
553 3917 712 4001 imprimis
728 3917 940 3999 distinguitur
955 3918 1138 3984 benedictio
1155 3919 1345 4003 apostolica,

66 4028 101 4072 aa
125 4005 210 4070 vivis
234 4005 332 4071 certis
356 4007 547 4088 quibusdam
572 4007 795 4072 occasionibus
818 4007 925 4084 datur,
951 4013 984 4073 et
1007 4009 1190 4075 benedictio
1214 4013 1347 4092 aposto·

66 4095 136 4162 rin
159 4095 297 4161 articulo
322 4096 445 4161 mortis.
493 4095 652 4172 Quoniam
682 4096 722 4162 de
753 4099 815 4162 hac
846 4098 918 4163 sola
948 4097 1000 4161 hic
1029 4119 1136 4163 sermo
1168 4102 1235 4175 est,
1268 4096 1345 4178 quid

66 4208 93 4252 rc
117 4184 179 4249 sibi
204 4185 295 4262 velit,
321 4188 373 4250 cst
397 4185 582 4253 videndum.

108 4292 145 4358 R.
171 4293 201 4356 2.
240 4290 430 4357 Benedictio
453 4291 636 4375 apostolica
658 4292 693 4357 in
716 4292 855 4357 articulo
880 4292 995 4357 mortis
1019 4290 1222 4373 intellegitur
1254 4295 1346 4357 certa

66 4409 72 4447 ι
96 4379 251 4465 precandi
275 4378 432 4455 formula,
460 4402 561 4463 quae,
586 4385 683 4464 prout
705 4381 801 4445 hodie
824 4381 932 4457 valet,
966 4379 1243 4446 aBencdicto
1268 4380 1344 4446 XIV

66 4469 223 4554 iescripta
246 4472 298 4533 est
321 4468 458 4535 Constit.
483 4471 546 4535 Pio
569 4479 671 4535 mater
694 4469 722 4533 d.
748 4470 777 4535 d.
804 4469 919 4553 5Apr.
948 4471 1042 4547 1747,
1067 4489 1206 4551 quacum
1230 4491 1273 4534 ex
1295 4471 1345 4535 in·

66 4560 164 4626 itione
197 4557 406 4624 concedentis
438 4558 585 4643 plenaria
617 4557 820 4639 indulgentia
853 4580 912 4641 pro
948 4558 1018 4641 ipso
1052 4558 1168 4623 mortis
1203 4558 1342 4624 articulo

66 4648 233 4732 iiungilur.
