3044 5174
428 284 630 338 Matrimonium
650 283 854 355 praecedentia:
873 313 908 322 -
927 284 1029 338 Banna.
1331 288 1394 350 491

194 510 435 579 nmsnusus
458 511 707 579 PARENTUM
731 512 908 579 nonnas
933 513 1174 579 sponsans
1199 513 1268 594 (n).

637 680 747 746 Casus.
767 687 844 756 (249)

154 818 296 889 Sedulia,
325 820 425 895 puella
446 821 484 878 20
507 840 666 891 annorum,
695 820 852 879 mediocris
873 820 1026 892 fortunae,
1055 839 1120 878 cunr
1143 822 1212 879 data
1240 821 1395 880 occasione

65 899 263 975 cognovisset
282 899 421 958 iuvenem
449 900 554 960 similis
581 902 644 959 iore
666 900 848 959 condicionis
877 907 907 959 et
932 902 969 959 ab
998 920 1033 959 eo
1060 906 1211 976 peteretur
1239 902 1276 960 ad
1297 902 1396 960 matri·

63 980 211 1051 monium,
239 979 466 1056 promissionem
487 988 617 1039 mutuam
640 1000 705 1040 cum
727 1001 762 1040 eo
791 981 872 1040 facit.
915 979 972 1039 Sed
1001 988 1140 1056 parentes
1162 980 1314 1051 seduliae,
1346 982 1395 1057 qui

64 1080 128 1119 eam
151 1060 256 1119 iuveni
283 1059 370 1135 longe
399 1060 498 1119 ditiori
527 1061 765 1133 destinaverant,
796 1061 914 1119 omnino
944 1061 1160 1121 contradicunt.
1203 1061 1300 1131 Quare
1328 1081 1395 1120 con·

64 1139 225 1200 fessarium
247 1139 351 1199 adiens
371 1141 515 1218 perplexa
536 1141 653 1217 quaerit
674 1141 742 1217 quid
764 1140 821 1199 sibi
842 1141 1009 1199 faciendum
1032 1141 1080 1201 sit.

65 1253 247 1322 Quamrnn
267 1253 417 1313 habeatne
439 1253 559 1314 Sedulia
581 1274 700 1313 causam
731 1255 928 1313 sufficientem
958 1261 990 1312 ut
1018 1255 1121 1314 asnis
1142 1257 1333 1333 sponsalibus
1354 1277 1397 1316 re·

268 1332 355 1393 cedat
375 1333 573 1410 iungaturque
594 1335 695 1394 iuveni
717 1354 734 1392 a
755 1335 929 1410 parentibus
952 1337 1056 1394 electo.

664 1516 799 1584 Salutio.

153 1659 195 1726 R.
217 1665 245 1725 l.
285 1659 483 1745 Disputatur
506 1681 582 1725 num
613 1660 883 1743 supervenientes
914 1659 1050 1726 divitiae
1075 1666 1232 1727 excusent
1256 1682 1275 1725 a
1299 1683 1397 1745 spon·
1407 1671 1457 1725 855

63 1749 189 1814 salibus
221 1769 294 1815 cum
328 1754 496 1833 comperte
528 1749 714 1833 pauperiori
747 1749 927 1814 contractis
960 1770 1002 1814 ex
1032 1749 1160 1815 ratione
1192 1749 1397 1833 disparitatis

63 1842 173 1904 status
198 1837 312 1904 mutui.
352 1837 423 1915 Qua
445 1837 478 1903 in
502 1859 538 1903 re
562 1838 725 1903 discessus
749 1859 769 1902 a
793 1838 998 1921 sponsalibus
1022 1838 1105 1903 alias
1128 1840 1397 1906 convenientibus

64 1948 143 1992 sane
174 1926 413 1993 dissuadendns
443 1932 495 1993 est
525 1927 665 1992 omnino.
714 1927 933 1992 Nihilominus
963 1927 992 1992 si
1022 1948 1177 1993 excessus
1208 1929 1393 1994 divitiarum

63 2017 161 2082 valde
177 2037 318 2099 magnus
334 2017 488 2092 evaserit,
507 2016 663 2098 obligatio
680 2016 788 2080 standi
807 2016 967 2099 prioribus
984 2017 1189 2100 sponsalibus
1206 2040 1268 2082 non
1286 2024 1396 2102 potest

64 2106 184 2187 urgeri.
232 2106 264 2172 S.
288 2106 407 2190 Alph.
433 2106 489 2183 VI,
515 2107 589 2172 876.

151 2212 193 2278 R.
215 2216 245 2279 2.
277 2211 386 2278 Minus
404 2212 502 2279 etiam
520 2211 683 2291 convenit,
709 2212 896 2277 condicione
912 2212 1046 2295 propria
1060 2233 1126 2277 non
1142 2217 1280 2291 mutatu,
1298 2236 1396 2298 spon·

65 2301 147 2367 salia
170 2301 372 2384 relinquere,
405 2306 442 2367 ut
465 2301 574 2367 ditiori
598 2301 827 2367 adhaereatur.
874 2302 996 2366 Verum
1022 2324 1080 2367 uec
1103 2301 1164 2367 hoc
1191 2303 1336 2385 quidem,
1368 2304 1396 2369 si

65 2392 224 2457 offeratur
252 2391 495 2458 matrimonium
528 2411 599 2455 cum
631 2394 799 2474 comparia
829 2393 918 2477 inape
948 2391 1074 2468 ditiori,
1107 2392 1235 2475 peccati
1265 2394 1396 2477 proprie

64 2479 141 2546 dicti
166 2480 316 2546 accusari
339 2484 466 2563 potest:
498 2481 530 2545 S.
555 2479 671 2562 Alph.
696 2480 790 2556 ibid,
825 2481 851 2544 si
884 2480 980 2545 modo
1011 2481 1096 2546 aliae
1127 2481 1332 2548 condiciones
1361 2483 1396 2548 in

63 2574 205 2652 utroque
229 2590 306 2635 casu
330 2570 401 2634 fere
425 2570 559 2634 eaedem
583 2573 669 2634 sunt.

152 2675 194 2742 R.
212 2680 242 2743 3.
282 2676 458 2742 Dissensus
481 2681 656 2760 parentum
687 2697 728 2740 ex
760 2696 831 2740 sese
861 2677 962 2742 habet
993 2677 1114 2759 aliquid
1146 2699 1264 2744 causae
1295 2702 1396 2745 eura

61 2764 272 2849 sponsalibus
294 2765 487 2838 recedatur;
512 2786 591 2847 ergo
615 2765 669 2830 ille
693 2765 869 2843 dissensus,
895 2766 958 2832 etsi
981 2788 1045 2831 non
1069 2767 1113 2832 sit
1133 2769 1263 2833 omuino
1279 2770 1394 2848 iustus,

58 2875 117 2920 seu
153 2854 219 2920 etsi
252 2854 387 2921 divitiae
416 2855 554 2920 alterius
585 2854 762 2936 compartis
792 2876 857 2918 non
888 2855 955 2920 sint
985 2879 1055 2920 erim
1086 2879 1212 2922 excessu
1244 2859 1393 2937 maiores,

55 2947 175 3010 tamen
200 2942 321 3026 aliquid
345 2943 498 3027 ponderis
522 2944 629 3009 addit:
656 2944 801 3025 adeoque
825 2944 954 3010 facilius
977 2945 1010 3008 in
1030 2946 1090 3009 hoc
1107 2966 1183 3010 casu
1201 2947 1395 3028 permissum

55 3034 123 3099 erit
148 3032 302 3099 Seduliae
324 3034 435 3118 priora
458 3033 625 3117 sponsalia
649 3033 843 3115 relinquere.

150 3139 191 3206 R.
216 3143 247 3206 4.
293 3139 389 3206 Unde
418 3145 513 3225 patet
544 3139 779 3204 confessarium
811 3140 842 3203 in
874 3161 952 3204 casu
983 3161 1046 3204 non
1075 3162 1170 3224 posse
1195 3141 1394 3223 obligatione

52 3228 230 3296 Seduliam
246 3250 364 3311 urgere
380 3233 417 3295 ut
433 3233 567 3295 maneat
583 3229 615 3292 in
632 3229 837 3312 sponsalibus
855 3228 930 3303 suis,
952 3229 978 3293 si
995 3228 1068 3312 ipsa
1084 3231 1210 3296 mavult
1226 3233 1393 3309 recedere;

51 3339 179 3385 verum
214 3317 242 3382 si
276 3318 349 3402 ipsa
383 3320 511 3384 mavult
544 3318 707 3403 prioribus
741 3318 808 3382 suis
845 3318 1050 3401 sponsalibus
1086 3324 1192 3384 stare:
1229 3320 1395 3387 dissensus

49 3410 247 3493 parentum,
272 3407 333 3472 nisi
358 3428 478 3491 graves
503 3407 691 3473 exoriturae
714 3406 781 3473 sint
804 3407 1002 3484 inimicitiae,
1027 3429 1090 3473 non
1116 3413 1167 3473 est
1183 3413 1278 3476 tanta
1294 3432 1395 3476 causa

49 3503 92 3564 ut
128 3518 150 3562 a
181 3496 387 3579 sponsalibus
418 3497 559 3579 alioquin
591 3497 686 3563 iustis
717 3502 751 3562 et
781 3496 1048 3562 convenientibus
1078 3498 1209 3563 Sedulia
1242 3504 1395 3566 teneatur

49 3586 225 3653 recedere.
272 3585 392 3662 Quodsi
423 3592 517 3653 aetas
547 3586 810 3652 minorennitatis
841 3587 965 3664 obstet,
997 3588 1168 3668 quominus
1198 3590 1311 3654 statim
1336 3611 1393 3654 ex·

50 3674 223 3741 secationi
246 3675 317 3740 dari
340 3674 468 3759 possint
491 3675 602 3759 priora
626 3675 808 3759 sponsalia,
840 3676 917 3739 nihil
943 3675 1138 3759 relinquitur
1160 3678 1223 3741 nisi
1251 3683 1302 3755 ut,
1334 3681 1392 3743 ad-

51 3765 174 3920 ipipitis
190 3765 462 3919 cpptegiplcontra
478 3765 605 3847 peccati
621 3765 775 3848 pericula,
793 3765 1035 3830 matrimonium
1052 3767 1195 3832 nonnihil
1213 3768 1391 3834 differatur.

112 3907 120 3920 .
145 3876 189 3919 m.
247 3903 255 3928 ,
349 3907 355 3920 .

634 3997 819 4071 BANNA.

463 4178 718 4245 BANNORUM
743 4179 989 4246 OBLIGA'I’IO.

621 4344 733 4409 dasne.
753 4350 829 4418 (250)

150 4482 305 4542 Parochus
335 4482 444 4540 iustum
476 4502 629 4541 numerum
661 4503 759 4541 eorum
792 4482 840 4558 qui
872 4483 909 4540 ad
939 4481 1157 4540 matrimonium
1188 4481 1389 4558 proclamandi

55 4570 146 4635 sunt,
177 4562 356 4638 conscripsit
376 4563 407 4620 in
428 4562 544 4634 libello,
574 4583 657 4639 quem
681 4564 771 4622 tradit
792 4570 861 4621 ante
884 4561 1054 4620 concionem
1077 4563 1225 4621 sacerdoti
1247 4567 1390 4621 extraneo

53 4644 282 4707 concionatum.
314 4642 379 4714 Qui,
403 4662 468 4701 curn
491 4645 692 4703 characterem
714 4662 817 4719 parum
840 4641 1061 4716 intellegibilem
1084 4644 1184 4718 legere
1204 4643 1257 4703 rix
1277 4646 1389 4720 posset,
