3044 5174
581 291 737 347 Communio
755 292 891 360 frequens.
1351 298 1394 363 33

156 471 191 533 4·
220 468 348 547 Quodsi
378 491 442 536 non
474 475 610 553 peccata
639 471 744 535 solum
777 469 834 534 sed
859 469 957 536 etiam
981 469 1075 553 pravi
1099 470 1237 535 affectus
1259 475 1394 537 strenue

76 557 1393 732 3311311111131111113111333

76 736 256 801 communio
281 737 478 819 denegetur:
507 738 562 803 To.
581 760 619 804 m.
645 736 693 813 11,
720 740 793 814 156,
817 736 872 800 ubi
896 757 1043 802 normam
1066 737 1167 802 habes
1190 739 1258 805 aS.
1276 737 1393 822 Congr.

76 847 91 890 3
133 825 301 892 13131331.

91 846 133 908 pp
160 916 195 982 S.
214 916 399 1001 Alphonaua
418 915 506 980 circa
529 913 785 979 communionem
809 913 927 981 statuit
948 917 978 977 1⁰
996 913 1284 980 hebdomadarium
1307 938 1394 982 oom-
1406 926 1457 981 147

76 1002 260 1069 munionem
284 1024 357 1069 3333
384 1004 623 1068 concedendam
653 1002 693 1067 iis
717 1002 771 1084 qui
787 1007 924 1086 peccata
944 1003 1097 1068 mortalia
1119 1004 1227 1070 vitare
1249 1006 1394 1084 soleant;

76 1092 337 1176 atramentum
359 1091 399 1157 iis
423 1092 477 1174 qui
500 1096 637 1176 peccata
658 1092 800 1157 venialia
819 1092 915 1176 plene
938 1092 1120 1159 deliberata
1137 1093 1244 1159 vitare
1267 1095 1396 1163 soleant

76 1185 173 1263 atque
202 1181 321 1247 mediis
347 1180 558 1265 perfectionis
588 1180 811 1264 assequendae
843 1184 997 1247 utantur:
1037 1182 1133 1259 ,Cum
1165 1182 1274 1249 anima
1305 1186 1395 1251 nullo

76 1271 136 1335 1331
153 1270 322 1337 detinetur
336 1271 456 1336 affectu
472 1271 514 1334 ad
531 1291 599 1335 rem
615 1271 675 1335 sub
693 1269 812 1335 veniali
827 1270 1035 1354 prohibitam,
1059 1292 1080 1336 3
1094 1272 1276 1337 venialibus
1300 1274 1395 1357 plene

76 1359 270 1426 voluntariis
285 1380 359 1426 sese
375 1359 528 1436 abstinet,
545 1363 579 1425 et
594 1358 727 1443 insuper
743 1359 883 1425 orationi
898 1381 937 1425 ac
948 1359 1190 1426 mortificationi
1207 1362 1395 1445 passionum

76 1469 110 1513 ac
132 1468 291 1514 sensnum
314 1468 387 1514 sese
409 1448 570 1533 applicat,
598 1452 676 1514 tunc
699 1448 761 1532 ipsi
784 1449 1003 1514 confessarius
1025 1451 1136 1532 potest
1159 1450 1396 1519 concederent

76 1540 139 1613 131,
172 1542 308 1620 qnater,
338 1536 437 1603 immo
461 1541 495 1604 et
517 1536 687 1621 quinquies
711 1538 743 1602 iu
766 1537 970 1603 hebdomada
1000 1538 1252 1611 communicet“;
1286 1543 1318 1606 3⁰
1341 1562 1395 1607 co·

76 1625 233 1692 tidianam
254 1625 296 1692 iis
318 1627 375 1710 qui
389 1626 582 1711 perfectioni
597 1627 820 1709 assequendae
838 1627 975 1692 multum
991 1626 1146 1692 insistant
1162 1633 1260 1710 atque
1275 1651 1395 1712 magno

76 1714 310 1781 communionis
342 1715 501 1781 desiderio
534 1720 718 1782 teneantur.
772 1716 819 1783 af.
851 1715 961 1780 Marc
995 1737 1026 1780 n.
1062 1717 1146 1781 1579
1170 1738 1261 1799 sqq.;
1298 1718 1395 1784 Gas-

76 1803 188 1888 33111
211 1825 243 1870 3.
269 1806 366 1872 1139.

161 1893 263 1960 Ρ3131
283 1892 386 1976 igitur
407 1893 540 1976 regulas
561 1914 660 1977 supra
681 1893 777 1959 datas
793 1893 923 1959 easdem
944 1893 1014 1958 fere
1037 1914 1109 1958 esse
1126 1915 1208 1976 quas
1225 1894 1255 1960 S.
1273 1896 1396 1961 Doctor

76 1982 261 2066 proposuit:
293 1982 403 2049 Solum
430 1982 462 2047 id
487 1983 603 2048 effero:
634 1985 670 2046 ut
699 1983 895 2065 regulariter
924 1981 1122 2048 concedatur
1150 1984 1332 2049 communio
1362 1985 1395 2049 in

76 2071 280 2137 hebdomada
301 2070 472 2154 quinquies
495 2072 549 2136 vel
573 2076 705 2154 quater,
735 2072 809 2154 3133
832 2070 1043 2157 perfectionis
1066 2071 1203 2153 requiri,
1237 2094 1334 2155 quam
1359 2080 1396 2140 ut

76 2159 275 2226 concedatur
294 2160 347 2226 bis
369 2160 422 2226 vel
445 2164 506 2227 ter.

163 2251 198 2315 S.
214 2250 409 2316 Franciecua
425 2251 567 2316 Salaciae
583 2248 680 2332 paulo
696 2248 843 2314 severius
859 2248 1011 2331 loquitur.
1051 2248 1097 2314 At
1120 2251 1273 2316 attendas
1297 2251 1395 2316 velim

75 2337 160 2404 illius
183 2338 387 2422 temporibus
409 2337 706 2421 frequentationem
722 2359 748 2404 s.
765 2337 998 2403 communionis
1020 2337 1159 2403 iacuisse
1180 2344 1215 2405 et
1237 2340 1393 2422 paulatim

76 2431 205 2495 tautum
228 2428 460 2494 resuscitatam
483 2448 565 2504 esse,
590 2428 638 2493 113
661 2432 698 2494 31
713 2431 881 2492 menstrua
900 2430 1030 2492 tautum
1047 2427 1227 2493 communio
1251 2451 1310 2512 pro
1326 2451 1396 2494 mo·

76 2517 216 2584 uialibus
239 2538 259 2582 a
281 2517 430 2601 patribus
453 2516 653 2581 Tridentinis
683 2516 962 2600 praescriberetur
985 2515 1079 2598 (sess.
1104 2519 1146 2581 25
1178 2518 1219 2582 de
1242 2518 1301 2584 ref.
1326 2540 1394 2599 reg.

76 2627 100 2673 c.
127 2606 200 2688 10),
232 2605 486 2672 hebdomadaria
509 2627 568 2689 pro
592 2606 689 2671 valde
712 2606 875 2688 frequenti
906 2605 1130 2671 communione
1153 2606 1329 2673 haberetur
1352 2644 1393 2652 —

76 2696 160 2779 quod
184 2716 271 2760 nunc
301 2716 395 2761 nemo
419 2695 558 2779 amplius
581 2716 640 2779 pro
663 2716 777 2760 norma
806 2695 936 2760 habeat.
984 2695 1069 2760 Hinc
1092 2695 1124 2761 S.
1148 2695 1273 2760 Doctor
1301 2698 1396 2779 optat

76 2783 363 2850 hebdomadariam
387 2784 544 2849 laicorum
574 2784 847 2862 communionem,
879 2783 906 2848 si
929 2783 1025 2848 modo
1048 2783 1207 2849 immunes
1230 2784 1296 2850 sint
1318 2790 1352 2850 et
1375 2806 1397 2851 a

76 2872 222 2957 peccatis
244 2872 438 2939 mortalibus
461 2876 495 2939 'et
519 2874 558 2938 ab
582 2874 746 2956 affectione
774 2875 818 2938 od
841 2874 988 2938 venialia.
1015 2908 1055 2917 -
1081 2872 1144 2938 Pro
1174 2872 1397 2955 frequentiore

76 2962 176 3046 igitur
200 2961 426 3028 commuuione
448 2962 548 3028 etiam
572 2962 728 3028 maiorem
752 2961 856 3042 exigit
878 2963 1041 3026 fervorem
1065 2960 1098 3026 in
1121 2961 1263 3045 positivo
1291 2963 1397 3029 virtu·

76 3056 144 3117 tum
174 3050 333 3204 eplercitio
356 3072 414 3116 seu
438 3051 557 3118 Christi
579 3051 772 3118 imitatione.
805 3052 920 3135 Espr.
945 3049 991 3115 de
1016 3050 1047 3116 S.
1072 3051 1129 3116 Fr.
1155 3051 1251 3131 Sal,
1275 3053 1399 3138 Aerope

76 3146 96 3206 t.
124 3145 154 3218 1,
180 3162 198 3205 3
223 3161 274 3224 ap.
300 3142 330 3218 9,
355 3145 417 3207 art.
445 3144 472 3207 1.

229 3333 288 3398 AD
312 3333 612 3410 FREQUENTEM
636 3331 969 3397 COMMUNlONEM
993 3331 1243 3397 DISPOSITIO.

646 3471 756 3537 Casus.
776 3478 833 3545 (42)

168 3595 318 3655 Gerardus
346 3595 583 3671 neo-presbyter,
616 3614 681 3653 cum
707 3593 814 3670 legerit
842 3594 962 3667 regulas
993 3592 1028 3651 de
1059 3593 1205 3667 frequenti
1236 3595 1396 3654 cotidiana·

76 3697 130 3754 que
153 3676 356 3735 communione
378 3694 396 3733 a
417 3675 530 3733 sanctis
552 3681 702 3745 exaratas,
724 3695 790 3733 sese
811 3673 923 3750 reperit
910 3673 1072 3731 talienum
1086 3675 1123 3731 ab
1144 3673 1195 3731 illa
1210 3674 1300 3733 animi
1320 3677 1397 3752 puri·

76 3763 149 3827 tate,
172 3775 208 3814 eo
230 3755 306 3830 quod
328 3755 494 3814 venialibus
515 3756 648 3830 peccatis
668 3755 767 3815 31311113
788 3754 943 3811 immersus
965 3753 1013 3821 sit,
1035 3752 1122 3810 immo
1144 3753 1233 3811 etiam
1255 3754 1290 3812 de
1311 3758 1397 3830 gravi

76 3837 163 3928 lapsu
185 3835 341 3910 aliquoties
363 3837 443 3894 13313
471 3835 688 3893 rationabiliter
717 3837 801 3892 timet
828 3852 923 3908 neque
944 3832 1067 3908 perfect
1059 3833 1184 3891 133131
1156 3834 1285 3892 studium
1306 3837 1396 3894 ullum

77 3917 106 3976 in
127 3936 163 3975 se
184 3915 385 3992 deprehendit.
427 3915 570 3984 Quoniam
592 3935 662 3973 vero
684 3915 829 3973 sacerdot
808 3920 847 3973 113
869 3911 1048 3971 celebrantis
1076 3913 1173 3989 potius
1195 3915 1290 3973 maior
1311 3917 1398 3976 debet

76 4017 142 4056 esse
165 3997 280 4073 puritas
302 4016 387 4071 quam
409 3996 478 4054 laici
500 3996 759 4064 communicantia,
789 3993 921 4052 deceruit
909 3998 1033 4068 131331
1034 4012 1066 4050 31
1094 3993 1155 4051 dies
1185 3995 1346 4055 dominicos
1368 4005 1398 4055 et

76 4078 203 4138 festivos
224 4097 282 4135 non
304 4076 429 4152 amplius
451 4077 609 4144 celebrare,
631 4095 668 4133 ne
689 4095 767 4133 nova
788 4080 893 4151 peccat
894 4094 912 4131 3
881 4072 1030 4131 11311113

166 4156 560 4246 0333111333333113113,
592 4175 656 4213 cum
687 4156 741 4213 sibi
763 4155 843 4213 dicat
832 4160 955 4230 tquam
976 4137 1117 4229 plurimos
1139 4173 1204 4211 3333
1226 4156 1362 4214 sacerdot
1351 4162 1396 4214 133
1514 4157 1517 4163 ’

76 4240 183 4299 cotidie
215 4239 401 4296 celebrantes
429 4235 478 4311 qui
509 4236 712 4293 avenialibus
742 4240 847 4311 pecca
836 4234 1071 4293 11331131313333
1100 4240 1226 4291 caveant
1214 4235 1308 4292 tsed
1330 4256 1396 4294 con-

76 4321 150 4379 tenti
171 4319 261 4378 sint
253 4316 406 4376 immunita
376 4321 437 4375 tate
468 4322 628 4408 33333313
650 4315 750 4390 gravi,
778 4315 866 4373 facile
895 4315 950 4372 sibi
978 4313 1119 4371 conciliat
1146 4333 1284 4371 coronam
1315 4316 1396 4372 femi-

76 4420 179 4460 narum
201 4418 275 4476 quas
297 4398 382 4455 docet
403 4396 521 4472 saepius
549 4395 578 4453 in
600 4397 781 4454 hebdomada
810 4396 847 4453 ad
875 4415 897 4454 3.
920 4393 1152 4452 communionem
1180 4395 1336 4461 accedere,
1367 4395 1396 4452 id

76 4501 163 4541 uuum
194 4477 360 4538 cavendum
391 4495 457 4535 esee
484 4495 522 4533 ne
551 4495 615 4534 cum
643 4483 765 4553 peccato
794 4481 870 4534 mort
858 4475 911 4534 1311
941 4473 1100 4542 accedant3
1072 4473 1233 4547 tquodsi
1255 4475 1397 4533 acciderit

77 4561 218 4622 eiusmodi
239 4563 405 4635 peccatum,
428 4556 614 4615 confessione
635 4577 671 4614 en
675 4563 724 4615 133
675 4556 898 4615 tdelendum
920 4573 994 4612 esse.

161 4660 344 4731 Qununmuu
365 4661 431 4713 uter
452 4660 514 4712 rect
513 4673 533 4712 e
502 4654 737 4712 tiudicaverit.

1155 4748 1169 4799 6
1177 4751 1189 4774 ’t
