3044 5174
257 104 311 159 Ubi
329 105 461 159 celebrari
479 104 569 160 liceat.
588 134 623 143 -
643 104 737 159 Altera
755 110 943 160 consecratum
962 109 991 161 et
1009 110 1189 161 exsecratum.
1322 110 1387 175 149

46 280 124 348 licis
150 281 296 366 capiat);
321 282 355 364 2)
378 282 540 350 fractione
555 283 720 367 sepulchri
735 283 964 366 reliquiarum3
994 284 1029 366 3)
1052 284 1125 350 sola
1148 283 1309 350 fractione
1332 285 1386 350 vel

50 370 245 437 revulsione
274 371 378 456 lapilli
408 393 472 455 quo
502 372 710 456 sepulchrum
740 373 919 439 clauditur:
954 394 1059 456 neque
1088 373 1211 439 sufficit
1239 373 1387 457 lapillum

52 460 145 526 illum
177 481 338 545 reponere
368 482 427 527 suo
458 461 546 537 loco,
577 461 606 526 si
636 462 731 527 modo
761 461 946 546 reperiatur
976 461 1178 537 amovibilis;
1215 463 1249 542 4)
1280 461 1389 546 magis

53 550 158 617 etiam
183 549 364 615 remotione
386 550 441 615 vel
463 549 638 616 amissione
660 549 882 633 reliquiarum.
925 551 1073 634 Denique
1099 552 1132 634 5)
1156 553 1262 618 altare
1284 553 1386 616 fixum

56 643 263 715 exsecratur,
288 638 417 721 quando
441 660 555 704 mensa
579 661 599 705 a
621 661 680 705 suo
704 639 818 722 stipite
833 640 888 705 vel
904 640 974 705 basi
991 661 1051 705 sua
1073 639 1255 722 frangitur;
1280 640 1388 706 altare

54 732 169 793 autem
193 727 351 812 portatile
371 749 429 794 seu
445 728 530 812 lapis
553 732 773 804 consecratus,
797 730 894 811 quod,
919 750 992 794 cum
1008 750 1123 795 mensa
1139 728 1251 795 eiusve
1274 728 1388 813 stipite

54 839 120 882 non
145 817 193 883 sit
215 820 492 899 coagmentatum,
518 817 559 883 ab
583 837 646 883 uno
670 818 742 882 loco
765 817 799 882 in
823 817 922 883 alium
946 818 1121 884 transferri
1148 822 1258 903 potest
1282 838 1388 902 neque

55 910 237 990 propterea
259 909 459 973 exsecratur.

147 1031 202 1097 Aa
230 1029 780 1107 quiremanserat
771 1053 804 1095 m
835 1031 932 1096 altari
963 1030 1085 1097 maiore
1116 1053 1181 1096 non
1212 1031 1451 1113 detegatur258

56 1140 117 1184 seu
142 1127 300 1205 appareat
324 1118 531 1209 sepulchrum
555 1118 783 1201 reliquiarum,
814 1119 943 1203 signum
966 1124 1107 1186 nonest
1139 1119 1386 1186 exsecrationis.

55 1209 145 1274 Nam
170 1207 294 1293 optime
316 1211 428 1292 potest
458 1228 531 1273 esse
561 1211 732 1274 consecrat
734 1230 772 1273 us
805 1208 952 1291 reliquiis
975 1208 1184 1275 reconditis
1174 1231 1208 1275 1n
1231 1208 1388 1276 inferiore

56 1318 193 1363 mensae
216 1301 321 1381 parte.
352 1297 528 1362 Immot
479 1299 528 1362 alt
529 1317 586 1362 are
609 1297 737 1364 vetus
728 1319 761 1362 m
784 1318 848 1380 quo
865 1318 994 1382 semper
1017 1298 1162 1364 celebrat
1147 1302 1217 1364 tum
1234 1302 1286 1365 est
1309 1319 1388 1364 con·

56 1390 225 1453 secretum
248 1406 322 1452 esse
344 1385 428 1451 sumi
451 1385 564 1464 debet,
596 1385 658 1451 nisi
688 1386 728 1452 de
752 1388 979 1453 exsecratione
1009 1392 1122 1454 conste
1104 1391 1148 1456 et.
1196 1386 1272 1454 Sine
1295 1409 1389 1453 scru-

56 1476 136 1561 pulo
159 1474 262 1558 igitur
284 1473 496 1541 Aristarchus
519 1474 552 1540 in
576 1495 615 1541 eo
639 1475 805 1542 celebrare
828 1480 940 1559 potest
961 1498 1019 1542 seu
1043 1476 1149 1544 debet.

147 1576 189 1642 R.
218 1579 249 1642 2.
295 1575 388 1652 Quod
416 1575 450 1641 in
479 1576 641 1660 lapidibus
671 1576 872 1643 consecratis
901 1577 1111 1660 portatilibus
1142 1577 1285 1660 sigillum
1319 1577 1389 1661 epi·

56 1667 193 1750 scopale
215 1666 368 1731 abrasum
392 1664 446 1742 sit,
470 1666 613 1731 nondum
637 1669 689 1732 est
711 1665 841 1748 signum
865 1665 934 1732 eius
957 1666 1204 1733 exsecrationis.
1239 1666 1270 1733 S.
1288 1666 1327 1733 R.
1352 1665 1387 1733 0.

58 1755 169 1838 quoad
192 1754 318 1820 laesum
345 1753 525 1837 „sigillum“
559 1754 735 1836 aliquando
765 1755 983 1821 diversimode
1006 1755 1192 1840 respondit:
1224 1755 1315 1821 cuius
1338 1755 1388 1821 rei

57 1843 145 1911 ratio
169 1842 257 1909 inter
280 1843 364 1909 alias
385 1843 468 1909 haee
490 1847 543 1909 est
565 1843 652 1926 quod
680 1843 858 1926 „sigillum'¹
886 1866 951 1910 non
966 1844 1072 1910 solum
1095 1844 1216 1910 dicitur
1238 1845 1279 1909 de
1302 1843 1388 1927 siglo

56 1931 204 2018 episcopi
227 1952 322 1999 cerae
345 1931 535 2016 hispanicae
557 1932 727 2016 impresso,
751 1933 983 2000 sedtechnioo
999 1933 1139 2000 termino
1163 1932 1388 1999 ecclesiastico

57 2022 178 2088 dicitur
209 2022 249 2087 de
279 2023 387 2107 lapillo
417 2042 481 2103 quo
512 2021 675 2089 clauditur
698 2022 825 2088 loculus
854 2022 1075 2104 reliquiamm.
1121 2023 1329 2107 Quapropter
1359 2023 1388 2088 si

57 2111 204 2194 sigillum
227 2112 284 2176 hoc
305 2110 431 2176 laesum
456 2114 523 2188 est,
557 2110 627 2176 sine
657 2110 755 2176 dubio
785 2113 892 2177 altare
915 2116 966 2177 est
996 2116 1221 2189 exsecratum;
1252 2115 1390 2196 propter

56 2201 187 2266 laesum
210 2198 354 2282 sigillum
377 2197 562 2283 episcopale
579 2220 674 2265 cerae
697 2199 886 2284 hispanicae
901 2199 1095 2285 impressum
1111 2202 1218 2269 altare
1235 2221 1388 2267 exsecra·

56 2294 130 2355 tum
152 2293 225 2355 tum
248 2288 353 2354 solum
377 2287 516 2355 dixitS.
541 2288 580 2355 R.
598 2289 643 2368 0.,
667 2288 797 2371 quando
820 2294 919 2373 propt
920 2311 955 2355 er
904 2289 1136 2356 teiusmodi
1159 2289 1269 2356 defeat
1254 2294 1324 2356 tum
1348 2290 1390 2356 de

60 2376 312 2445 consecratione
335 2376 746 2461 veltrntegritatelapidis
769 2400 834 2444 non
858 2382 1005 2454 constat;
1039 2379 1229 2462 ceteroquin
1252 2378 1370 2446 tale
1344 2400 1389 2444 sr-

56 2467 175 2570 gillam
198 2489 285 2532 more
302 2467 446 2531 Romano
469 2467 576 2532 nullat
561 2470 657 2532 tenus
680 2467 781 2551 lapidi
802 2468 1007 2551 imprimitur,
1031 2468 1090 2533 sed
1113 2469 1290 2562 apponitur
1311 2468 1389 2533 reli·

55 2555 142 2641 quiis
164 2555 199 2622 in
221 2554 328 2621 loculo
350 2554 481 2623 clausis.

149 2662 188 2727 R.
221 2665 251 2727 3.
299 2661 424 2728 Altaria
454 2661 677 2744 reliquiarium
708 2683 765 2727 seu
795 2662 1002 2745 sepulchrum
1033 2665 1119 2730 male
1151 2664 1281 2745 quidem
1310 2683 1389 2729 con·

56 2755 223 2818 structum
246 2751 355 2816 estin
377 2751 501 2829 fronte,
526 2755 561 2817 et
583 2750 755 2817 occasione
772 2750 850 2817 data
873 2771 927 2817 res
950 2756 1002 2819 est
1025 2752 1247 2818 emendanda:
1270 2751 1388 2818 nihilo·

56 2841 168 2906 minus
190 2839 319 2906 interea
340 2839 409 2906 tale
432 2841 540 2906 altare
563 2845 614 2907 est
631 2861 690 2924 pro
711 2843 903 2906 consecrato
919 2841 1104 2907 habendum
1119 2841 1153 2906 in
1176 2862 1280 2924 eoque
1302 2842 1389 2907 cele-

56 2929 147 2996 brari
171 2928 259 2995 licet.
299 2927 347 2995 df.
372 2929 404 2995 S.
428 2928 468 2996 R.
492 2929 525 2995 O.
550 2932 586 2994 ia
610 2931 694 2996 decr.
719 2931 807 2996 autb.
831 2951 863 2996 n.
888 2932 986 2998 4032.

149 3031 190 3097 R.
214 3033 245 3097 l.
292 3030 409 3097 Altare
438 3030 473 3096 in
499 3051 563 3112 quo
593 3031 750 3113 reliquiae
774 3035 963 3098 sanctorum
986 3031 1096 3098 iacent
1118 3032 1151 3097 in
1175 3033 1246 3097 loco
1271 3035 1388 3115 aperto

57 3119 115 3204 qui
138 3119 252 3186 mobili
275 3120 427 3203 operculo
451 3120 592 3202 tegitur,
617 3141 696 3187 sane
720 3121 833 3187 haberi
856 3121 955 3187 debet
976 3143 1036 3205 pro
1061 3125 1249 3198 exsecrate,
1281 3141 1389 3204 neque

58 3209 231 3276 celebrare
253 3207 287 3274 in
310 3229 349 3274 eo
372 3208 461 3288 licet,
486 3213 663 3291 antequam
686 3209 749 3275 rite
773 3208 875 3276 luerit
898 3214 1134 3277 consecratum.
1167 3210 1254 3276 Nam
1278 3213 1390 3277 claudi

58 3299 261 3400 sepalclnam
283 3295 385 3379 (quod
407 3297 478 3363 fien’
500 3297 591 3365 iubet
614 3298 700 3365 Pont
685 3299 821 3378 tifioale)
850 3298 1056 3382 intellegitur
1084 3299 1134 3366 ita
1163 3304 1200 3366 ut
1223 3299 1294 3364 sine
1316 3300 1388 3365 vio·

57 3387 164 3454 lentis
186 3386 392 3471 sepulchrum
423 3408 488 3452 non
517 3387 623 3471 possit
646 3388 786 3472 amplius
809 3387 947 3472 aperiri,
978 3392 1079 3470 atque
1108 3388 1166 3455 illa
1189 3388 1390 3455 caerimonia

58 3497 191 3560 semper
219 3475 319 3542 habet
304 3481 359 3542 tur
387 3497 446 3559 pro
477 3478 647 3544 essentiali.
693 3476 785 3553 Quod
815 3476 897 3543 adeo
927 3498 1041 3543 verum
1060 3481 1124 3572 est
1152 3482 1190 3544 ut
1175 3477 1252 3544 S.
1283 3477 1322 3544 R.
1352 3477 1386 3544 0.

59 3567 92 3634 d.
119 3568 161 3631 14
183 3563 295 3632 martii
321 3567 404 3630 1361
429 3564 626 3631 iusseritet
592 3566 693 3631 etiam
723 3565 756 3631 id
786 3567 893 3632 altare
922 3587 982 3650 pro
1013 3534 1186 3633 exsecrata
1216 3567 1330 3633 haberi
1353 3571 1389 3633 et

59 3656 168 3721 denuo
192 3653 391 3730 consecrari
423 3654 514 3719 cuius
543 3654 676 3738 lapillus
699 3655 915 3740 sepulchralis
937 3655 1127 3722 inveniebat
1112 3660 1183 3734 t,ur
1217 3657 1306 3722 calce
1329 3677 1387 3723 seu

59 3746 233 3811 caemento
256 3763 335 3808 casu
357 3745 513 3822 resoluto,
537 3765 601 3809 non
624 3743 724 3811 drmit
709 3749 761 3811 ter
784 3744 923 3828 amplius
947 3767 1021 3811 cum
1037 3745 1161 3828 reliquo
1175 3704 1286 3828 lapide
1310 3766 1388 3811 oon-

58 3835 202 3911 iunctus‚
227 3831 290 3898 etsi
313 3831 354 3897 de
376 3835 486 3898 cetero
511 3833 711 3900 constructio
728 3832 858 3917 integra
881 3838 963 3901 erat.
996 3835 1035 3900 V.
1053 3834 1147 3900 Deor.
1173 3833 1263 3902 auth.
1288 3837 1386 3901 3106.

59 3923 106 3989 Et
129 3942 328 4005 quamquam
357 3920 440 3986 alias
465 3921 496 3987 S.
521 3921 560 3988 R.
585 3921 618 3987 C.
642 3921 675 3986 in
707 3944 785 3988 casu
815 3944 878 4005 quo
909 3922 1080 4007 episcopus
1112 3923 1267 3989 solvisset
1295 3921 1387 3988 illum

59 4011 210 4097 lapillum
234 4010 504 4094 sepulchrumque
527 4010 721 4094 aperuisset,
745 4018 782 4078 ut
806 4012 934 4079 videret
956 4034 1033 4077 num
1049 4013 1184 4078 illaesae
1200 4016 1312 4078 essent
1335 4033 1387 4077 re·

59 4099 199 4184 liquiae,
229 4119 403 4183 reponsum
426 4099 563 4166 dederat
593 4100 699 4166 altare
722 4121 855 4166 manere
879 4105 1121 4179 consecratum,
1152 4100 1386 4185 aepiscopus,

60 4212 137 4257 cum
160 4187 342 4255 invenisset
371 4188 526 4271 reliquias
555 4190 714 4267 intactas,
746 4190 952 4274 sepulchrum
982 4191 1053 4275 ipse
1083 4189 1256 4256 clausisset
1286 4195 1387 4272 atque

59 4280 132 4364 ipse
162 4277 317 4344 continuo
346 4276 380 4342 in
410 4299 449 4344 eo
479 4278 577 4343 altari
608 4279 808 4346 celebrasset
838 4279 882 4360 (d.
917 4283 957 4344 14
981 4280 1091 4346 martii
1125 4281 1210 4344 1693
1243 4278 1276 4342 in
1307 4279 1385 4345 edit.

61 4368 208 4435 Gardell.
235 4369 266 4443 3,
291 4364 411 4448 3305):
435 4366 468 4431 in
491 4387 578 4434 nova
602 4367 792 4434 collectione
818 4369 1008 4437 authentica
1032 4369 1235 4434 decretorum
1260 4388 1301 4432 ne
1324 4367 1387 4432 hoc

59 4458 192 4542 quidem
211 4456 380 4521 decretum
397 4457 550 4536 refertur,
567 4457 625 4522 sed
642 4461 839 4541 expunctum
856 4463 917 4525 est.
955 4458 1005 4524 af.
1024 4459 1079 4524 Th.
1097 4480 1137 4523 m.
1154 4456 1196 4537 ΙΙ,
1214 4459 1289 4525 225.
1310 4459 1385 4524 226.
