3044 5174
348 282 475 336 Minister
493 284 593 353 paenit.
613 313 647 321 -
665 282 817 338 iurisdictio
835 281 1009 349 regularium.
1278 281 1344 345 261

70 460 209 526 ribundo
239 461 388 526 sensibus
418 461 594 537 destituto,
626 460 679 544 qui
706 463 819 544 petere
843 457 1080 525 absolutionem
1103 478 1166 522 non
1190 455 1346 541 potuerit,

79 549 134 615 cui
166 549 313 615 securius
344 572 404 633 per
436 555 618 616 extremam
651 550 837 616 unctionem
870 549 922 614 vel
957 547 990 613 in
1023 547 1092 612 eius
1125 545 1254 612 defectu
1287 566 1348 628 per

70 640 174 706 ticum
198 639 420 705 subveniatur.
467 639 584 718 Quare,
609 645 748 723 excepto
771 639 827 704 illo
851 636 1057 704 necessitatis
1080 656 1168 711 casu,
1193 656 1213 700 a
1235 655 1346 700 sacer·

72 750 93 794 e
123 728 333 794 schismatico
363 749 469 809 neque
498 733 649 794 extrema
678 728 788 794 unctio
816 748 922 810 nequo
945 725 1143 792 eucharistia
1166 722 1346 789 ministrari

69 823 104 885 te
128 821 251 901 potest,
275 838 380 899 neque
404 838 515 883 corum
539 817 778 884 administratio
803 818 844 883 ab
868 838 907 881 eo
930 814 1008 899 peti.

103 949 160 1015 An
184 970 377 1026 QUAESITUM
401 953 440 1014 2¹⁰
462 949 501 1014 lt.
528 953 557 1015 1.
605 950 656 1015 Ex
681 949 776 1016 dictis
799 953 894 1034 patet
916 948 1068 1013 Rufinum
1091 947 1180 1012 ultra
1203 945 1235 1010 id
1259 945 1345 1027 quod
1354 945 1409 997 455

70 1039 107 1106 iit
131 1060 342 1123 progressum
366 1060 448 1105 esse.
496 1039 662 1104 Summum
690 1039 798 1123 potuit
820 1038 853 1103 in
876 1038 1014 1120 singulis
1038 1037 1183 1114 casibus,
1216 1034 1346 1117 quando

70 1149 84 1194 a
115 1128 293 1212 impeditus
323 1131 412 1206 erat,
443 1149 575 1194 monere
605 1133 642 1194 ut
671 1127 798 1212 possint
824 1127 879 1210 qui
903 1126 1007 1193 velint
1029 1128 1070 1191 ab
1094 1126 1150 1190 illo
1173 1125 1346 1190 sacerdote

71 1217 225 1283 ismatico
249 1217 386 1283 absolvi.

104 1332 146 1398 R.
171 1335 201 1398 2.
250 1332 312 1397 Sed
343 1330 443 1398 etiam
473 1331 535 1397 hac
566 1331 599 1396 in
623 1352 675 1410 re,
706 1336 744 1398 ut
767 1330 799 1397 id
823 1335 895 1398 tuto
918 1334 1031 1414 posset
1053 1350 1202 1407 monere,
1234 1329 1347 1396 debuit

70 1425 127 1486 tus
144 1442 216 1486 esse
233 1421 273 1485 de
288 1421 433 1485 moribus
449 1421 629 1487 sacerdotis
646 1419 856 1497 schismatici,
878 1420 1005 1486 scilieet
1021 1440 1094 1484 eum
1110 1441 1173 1484 non
1191 1439 1346 1484 ausurum

70 1531 86 1575 e
117 1509 345 1575 moribundum
377 1510 418 1574 ad
449 1509 590 1575 schisma
619 1510 672 1574 vel
703 1510 745 1576 ad
774 1530 966 1594 perversum
996 1508 1125 1591 aliquod
1153 1529 1346 1593 permovere
1408 1524 1410 1529 ’

90 1602 233 1665 tentare.

103 1713 145 1778 R.
172 1715 202 1780 3.
248 1713 358 1794 Atque
381 1711 468 1796 apud
491 1711 580 1796 ipsos
609 1712 738 1790 fideles,
770 1716 807 1779 ut
835 1711 869 1776 in
892 1711 1090 1778 necessitate
1113 1714 1280 1797 potuerint
1303 1715 1346 1780 ab

70 1802 175 1867 smodi
199 1801 372 1867 sacerdote
394 1801 632 1867 absolutionem
655 1805 777 1885 petere,
803 1801 915 1867 debuit
930 1801 1109 1885 periculum
1125 1804 1346 1887 perversionis

70 1893 180 1956 ulare.
227 1892 276 1956 De
300 1912 363 1972 quo
390 1892 522 1955 consule
546 1911 631 1972 quae
662 1890 750 1956 dicta
780 1895 856 1956 sunt
887 1911 987 1974 supra
1010 1912 1041 1956 n.
1068 1893 1119 1957 55.
1146 1895 1198 1959 56.
1251 1894 1346 1961 Alias

70 1982 181 2045 ebant
212 1979 321 2063 potins
356 1980 501 2046 contenti
536 2000 609 2045 esse
643 1985 721 2045 actu
755 1979 961 2046 contritionis
994 1979 1179 2064 perfectae,
1214 1984 1345 2052 divinae

70 2069 258 2135 ierieordiae
274 2090 347 2133 sese
370 2068 622 2136 committentes.
653 2068 755 2151 quue
770 2090 806 2134 re
822 2089 903 2134 vera
923 2069 1081 2152 imprimis
1105 2076 1177 2139 erat
1200 2074 1344 2140 officium

70 2159 134 2234 tini,
160 2164 197 2224 ut
221 2157 404 2239 complures
426 2157 574 2223 homines
596 2158 678 2223 fidos
699 2166 733 2224 et
749 2158 902 2223 cordatos
918 2158 950 2222 iu
967 2157 1017 2223 his
1033 2159 1161 2225 actibus
1176 2162 1345 2246 perfectae

70 2247 222 2314 tuitionis
247 2247 448 2329 aliarumque
471 2247 631 2313 virtutum
655 2247 846 2312 necessariis
870 2268 942 2312 cum
966 2248 1156 2314 moribundo
1178 2251 1346 2318 eliciendis

70 2359 95 2403 ie
121 2337 311 2412 instrueret,
336 2337 400 2418 qui,
425 2358 461 2401 se
485 2336 655 2402 deficiente
678 2337 732 2400 vel
756 2337 841 2420 apud
863 2337 945 2401 alios
961 2343 1129 2421 occupato,
1153 2338 1187 2405 iu
1202 2343 1344 2408 necessi-

70 2428 141 2492 ibus
173 2425 417 2491 occurrentibus
447 2425 508 2490 hoc
535 2426 654 2490 saltem
677 2426 772 2490 modo
796 2426 1005 2491 moribundos
1028 2427 1189 2497 iuvarent.
1214 2468 1257 2477 —
1281 2432 1347 2497 Per

70 2517 176 2582 ctiam
192 2515 284 2580 licuit
299 2514 352 2598 pio
368 2514 451 2579 laico
471 2514 684 2590 committere,
709 2518 746 2579 ut
761 2536 787 2580 s.
805 2515 959 2580 viaticum
977 2517 1177 2584 moribundis
1200 2522 1345 2600 afferret,

70 2606 123 2670 ius
148 2625 246 2686 quam
271 2603 312 2668 ad
335 2604 368 2668 id
392 2624 511 2669 vocare
534 2603 737 2668 sacerdotem
762 2603 1014 2670 schismaticum.

281 2812 546 2879 REGULARES
569 2814 600 2880 Α
623 2812 711 2890 QUO
737 2800 1072 2884 ABSOLVA'NTUR.

569 2975 681 3043 Casus.
701 2983 776 3054 (131)

102 3119 252 3178 Acbatius
273 3118 436 3194 regularis,
458 3119 632 3178 monasterii
653 3120 867 3193 confessarius,
894 3140 960 3180 cum
981 3123 1099 3183 Beuitio
1121 3125 1276 3185 sacerdote
1298 3147 1343 3186 so·
1385 3128 1386 3131 ’

70 3253 72 3257 ,
93 3200 154 3259 iter
175 3199 290 3258 faciens
311 3219 365 3275 per
385 3199 503 3274 aliquod
530 3204 647 3276 tempus
669 3200 797 3259 devertit
823 3200 853 3259 in
882 3201 997 3261 domum
1025 3204 1142 3263 alienae
1169 3206 1342 3282 provinciae

79 3280 212 3349 ordinis;
241 3279 292 3338 nbi
320 3279 429 3337 Benitii
459 3279 676 3339 confessionem
704 3281 787 3339 audit
814 3301 955 3357 suamque
983 3285 1061 3360 apud
1082 3285 1231 3345 Bonitium
1259 3289 1334 3348 facit

88 3366 284 3435 aegrotante,
313 3359 394 3417 aolus
416 3360 472 3417 iter
493 3361 681 3435 prosequitur
702 3361 732 3418 in
754 3380 846 3437 coque
868 3361 984 3421 assistit
1011 3364 1148 3441 primitiis
1177 3369 1343 3428 sacerdotis

70 3440 108 3511 ci,
133 3441 211 3516 apud
232 3459 334 3515 quem,
356 3459 529 3515 quamquam
550 3441 632 3499 nulla
654 3441 795 3499 donatum
816 3442 1045 3518 approbatione,
1067 3450 1100 3503 ut
1120 3447 1148 3506 ei
1170 3448 1220 3507 det
1240 3448 1343 3509 statim

70 3521 201 3580 saionem
222 3519 447 3578 administrandi
469 3525 685 3579 sacramentum
707 3521 916 3598 paenitentiae,
939 3523 1106 3585 confitetur.

70 3664 193 3708 isumus
215 3646 245 3702 1ο
266 3644 467 3703 confessarius
488 3642 634 3719 regularis
661 3643 796 3721 possitne
824 3665 944 3706 suorum
971 3648 1115 3707 sodalium
1138 3652 1342 3713 confossiones

268 3725 375 3800 ubique
396 3724 542 3800 excipere.

217 3831 247 3886 2ο
268 3828 345 3904 apud
366 3847 451 3902 quom
472 3826 568 3903 possit
588 3827 636 3885 val
658 3827 765 3886 debeat
784 3827 929 3888 itinerans
951 3831 1094 3892 confiteri.

217 3933 247 3991 3ο
267 3937 386 3990 rectene
408 3936 507 3989 actum
528 3929 569 3988 sit
590 3929 620 3987 in
641 3949 714 3988 casu
734 3931 894 4007 proposito.

611 4130 746 4197 Salutio.

101 4284 156 4350 Ao
179 4305 371 4361 QUAESITUM
398 4289 434 4350 1¹¹¹
458 4286 495 4352 R.
519 4289 546 4352 1.
587 4286 699 4362 Quoad
724 4285 945 4351 confessiones
968 4286 1168 4368 regularium
1190 4289 1244 4353 lex
1267 4289 1340 4354 Tri·
1349 4295 1404 4350 456

70 4376 165 4448 tina,
197 4395 262 4455 qua
285 4376 471 4460 approbatio
495 4376 635 4460 episcopi
667 4375 851 4440 dioecesani
881 4375 942 4440 loci
967 4375 1000 4440 in
1025 4397 1063 4442 eo
1087 4376 1263 4459 requiritur
1285 4380 1340 4459 qui

70 4492 75 4530 l
101 4463 268 4529 ordinaria
291 4464 348 4528 sed
377 4465 529 4547 delegata
560 4465 663 4531 utitur
691 4464 930 4542 iurisdictione,
961 4487 1026 4530 non
1056 4467 1163 4542 valet;
1194 4467 1340 4548 adeoque

70 4576 118 4620 1111
142 4553 316 4617 videndum
342 4559 392 4618 est
416 4575 491 4618 num
516 4554 735 4619 confessarius
758 4575 794 4619 re
818 4575 898 4619 vera
919 4554 1041 4620 babeat
1070 4555 1103 4619 in
1133 4556 1340 4639 paenitentes

70 4642 281 4718 ‚sdictionem,
305 4642 367 4707 etsi
391 4643 576 4725 delegatam
601 4648 740 4710 tantum.
