3044 5174
138 272 204 338 490
608 269 812 325 Sacramentum
831 269 1004 324 matrimonii.

227 447 324 512 Dixi:
349 449 466 513 saltem
491 447 519 513 si
543 447 710 514 dissensus
733 453 811 514 ante
834 446 1001 531 sponsalia
1024 451 1121 513 notus
1145 469 1210 513 non
1226 453 1317 525 erat;
1344 470 1421 514 nam
1443 449 1469 514 si

53 557 55 560 ’
138 540 238 603 antea
261 539 359 602 notus
382 540 456 603 erat
475 558 581 620 neque
597 559 673 621 spes
689 558 763 602 eum
779 536 937 611 mutandi,
961 535 1128 618 sponsalia
1144 536 1254 620 potius
1270 538 1335 604 dici
1352 539 1471 605 debent

139 625 180 691 ab
203 624 297 691 initio
319 625 424 704 irrita,
450 626 526 707 quia
549 631 626 694 sunt
649 625 820 711 promissio
844 625 892 691 rei
915 624 1058 691 illicitae.

230 714 365 791 Quando
390 736 467 780 vero
492 715 658 781 dissensus
681 715 725 780 sit
748 715 870 792 iustus,
902 714 1031 795 quando
1055 735 1136 791 non,
1169 736 1190 780 a
1213 715 1369 799 prudenti
1394 738 1469 782 oau-

137 825 249 869 sarum
272 804 501 870 aestimatione
525 805 662 888 pendet:
693 803 822 869 facilius
852 803 915 869 erit
938 802 1044 868 iustus
1068 807 1184 869 contra
1206 805 1292 870 filios
1315 805 1468 882 minores,

56 963 59 969 ,
138 913 236 976 quam
260 897 376 959 contra
399 892 550 958 maiores.

228 999 266 1065 R.
284 1001 314 1064 3.
347 998 523 1063 Dissensus
546 1004 719 1082 parentum
742 997 883 1064 iniustus
907 1019 949 1063 ex
972 1019 1008 1063 se
1030 1020 1072 1064 ne
1095 998 1316 1065 resaiudibilia
1340 1000 1469 1083 quidem

137 1087 220 1154 facit
242 1087 423 1172 sponsalia:
448 1107 573 1165 verum,
598 1088 746 1153 dissensu
769 1088 934 1155 existente
957 1091 992 1153 et
1012 1092 1236 1172 permanente,
1260 1088 1360 1154 facile
1377 1111 1470 1156 aeae

138 1177 219 1242 dunt
242 1175 387 1242 rationes
411 1197 454 1241 ex
483 1197 522 1242 eo
547 1175 719 1254 oriundae,
752 1198 836 1260 quae
866 1198 925 1261 pro
955 1175 1021 1241 filio
1052 1176 1123 1242 sive
1152 1177 1221 1242 filia
1251 1178 1469 1260 gravissimae

137 1271 214 1331 sunt
248 1270 348 1347 atque
380 1265 574 1333 facultatem
609 1287 630 1332 a
663 1265 870 1350 sponsalibus
904 1266 1076 1331 recedendi
1116 1265 1338 1334 contribuunt.
1398 1269 1470 1334 Hae

137 1359 233 1420 sunt:
256 1355 362 1419 iustus
388 1355 488 1420 timor
513 1355 625 1436 gravis
648 1359 682 1421 et
705 1355 877 1421 diuturnae
901 1354 1092 1432 discordiae,
1116 1355 1341 1435 exheredatio,
1364 1378 1469 1440 grave

138 1443 338 1509 scandalum.
385 1443 432 1509 Cf.
459 1444 661 1528 Casparri
684 1445 705 1511 l.
730 1466 757 1512 e.
781 1466 813 1509 n.
839 1447 898 1520 85;
924 1443 1077 1510 Rosset
1100 1444 1142 1522 ΙΙ,
1168 1447 1264 1510 1064.

75 1569 127 1624 853
226 1561 279 1624 An
302 1579 495 1634 ouansmun
516 1561 555 1623 2¹¹·
578 1560 617 1624 R.
646 1562 673 1625 l.
716 1559 749 1624 Si
773 1558 975 1625 solummodo
1000 1559 1094 1625 adest
1117 1559 1322 1641 ingeniorum
1347 1559 1469 1627 discre-

137 1647 252 1731 pantia
274 1646 361 1714 inter
383 1651 523 1713 matrem
548 1647 675 1714 Godolii
700 1653 734 1714 et
757 1647 955 1731 Crispinum,
987 1647 1068 1714 haee
1098 1669 1164 1714 non
1193 1653 1246 1715 est
1269 1648 1359 1715 iusta
1383 1650 1469 1716 ratio

135 1736 351 1803 interdicendi
380 1736 596 1814 matrimonii,
627 1741 703 1803 utut
732 1736 777 1803 sit
806 1737 1021 1804 interdicendi
1052 1736 1232 1804 eommunis
1263 1739 1471 1805 contubernii

137 1847 210 1892 oum
233 1831 340 1893 matre
365 1825 502 1893 Godolii.

225 1933 264 1998 R.
290 1936 320 1999 2.
367 1932 602 2008 Nihilominus,
634 1931 697 1997 etsi
728 1953 770 1998 ex
800 1936 894 2016 parte
926 1933 1042 1998 matris
1066 1954 1167 1998 eausa
1190 1932 1358 2000 dissensus
1383 1935 1470 2001 iusta

136 2042 202 2087 non
225 2021 285 2100 sit,
316 2021 345 2086 si
375 2026 482 2087 mater
511 2021 585 2086 illas
616 2020 721 2086 minas
748 2042 813 2086 non
837 2023 942 2087 solum
964 2020 1112 2088 terrendi
1135 2042 1237 2088 eausa
1259 2024 1389 2105 profert
1412 2024 1469 2088 sed

136 2111 232 2189 seria,
257 2115 358 2192 atque
382 2114 540 2176 consueta
563 2110 607 2175 sit
629 2110 735 2176 minas
758 2131 836 2176 suas
859 2110 1008 2194 exsequi,
1034 2111 1115 2176 haec
1137 2133 1198 2195 pro
1222 2110 1359 2177 Godolio
1384 2113 1468 2179 ratio

136 2204 188 2265 est
211 2221 270 2265 eur
298 2201 398 2266 liceat
428 2220 448 2264 a
469 2199 676 2283 sponsalibus
701 2200 870 2277 recedere,
904 2200 932 2265 si
960 2199 1031 2265 sola
1056 2200 1106 2265 vis
1129 2204 1163 2265 et
1186 2200 1346 2282 obligatio
1370 2223 1469 2285 spon·

135 2289 252 2354 salium
277 2288 310 2353 in
334 2289 526 2371 quaestions
550 2293 609 2355 est.
642 2288 679 2353 Id
702 2289 808 2370 magis
832 2289 932 2356 etiam
955 2290 1055 2367 valet,
1081 2290 1211 2370 quando
1233 2293 1332 2374 pater
1355 2292 1469 2356 eodem

136 2379 232 2444 modo
256 2379 377 2444 obstat.

74 2491 127 2546 854
226 2475 265 2541 R.
297 2479 327 2540 3.
381 2474 567 2542 Difficultas
600 2479 711 2541 autem
744 2497 829 2540 nuno
862 2479 930 2552 est,
965 2475 1042 2557 quia
1073 2496 1139 2540 non
1171 2475 1284 2558 agitur
1316 2477 1357 2542 de
1391 2478 1468 2542 solis

136 2564 358 2648 sponsalibus,
389 2565 447 2629 sed
477 2564 517 2630 de
549 2565 733 2648 reparando
764 2565 881 2630 damno
913 2565 999 2647 quod
1029 2565 1197 2648 Crispinae
1226 2586 1286 2649 per
1318 2568 1468 2651 copulam

137 2654 265 2719 illatum
290 2657 350 2719 est.

225 2741 345 2818 Quodsi
363 2741 575 2825 promissione
596 2742 805 2819 matrimonii,
830 2763 893 2807 non
913 2743 1017 2807 solum
1034 2764 1123 2820 vera,
1148 2743 1247 2808 immo
1263 2742 1365 2809 etiam
1381 2746 1467 2817 ficta,

136 2831 284 2915 Crispina
313 2831 448 2896 inducta
478 2832 577 2897 fuerit
608 2831 650 2896 ad
681 2831 918 2897 admittendam
950 2832 1116 2915 copulam,
1148 2832 1294 2914 theologi
1318 2833 1377 2898 vix
1404 2855 1467 2899 non

136 2942 199 2986 nno
223 2942 280 2985 ore
303 2920 453 3002 obligant
469 2921 575 2985 virum
599 2920 641 2986 ad
657 2920 837 2986 ducendam
854 2921 1006 3004 puellam,
1031 2943 1102 2985 eum
1121 2921 1219 2987 aliter
1234 2921 1354 2988 iniuria
1374 2921 1468 2989 illata

135 3010 283 3092 reparari
306 3013 458 3091 nequeat.
491 3011 601 3091 Atque
623 3010 657 3074 in
680 3009 740 3075 tali
764 3031 841 3075 casu
866 3031 982 3075 censeo
1006 3010 1189 3092 generatim
1204 3013 1465 3094 posthabendum

136 3120 209 3164 esse
233 3103 407 3182 parentum
432 3099 624 3167 dissensum.

224 3189 258 3253 Si
282 3209 361 3253 vero
391 3194 467 3272 post
497 3189 645 3271 copulam
677 3187 779 3252 libere
809 3187 984 3252 admissam
1016 3188 1144 3252 demum
1176 3193 1292 3254 secuta
1316 3194 1369 3255 est
1393 3212 1465 3274 pro·

134 3276 245 3342 missio
269 3277 477 3356 matrimonii,
501 3299 555 3342 res
571 3299 635 3342 non
651 3277 777 3342 modice
797 3281 954 3343 mutatur.
986 3277 1072 3342 Nam
1089 3277 1122 3341 in
1138 3276 1199 3342 hoo
1216 3298 1294 3342 casu
1312 3278 1464 3344 Godolius

136 3387 178 3429 ex
209 3366 328 3431 damno
358 3367 451 3431 illato
479 3365 647 3451 Crispinus
678 3387 743 3430 non
773 3369 921 3442 tenetur,
953 3387 1026 3431 aum
1055 3365 1151 3430 huius
1182 3365 1292 3431 damni
1323 3369 1464 3450 periculo

135 3454 283 3537 Crispina
305 3454 410 3520 libens
434 3459 468 3521 et
484 3455 597 3520 volens
613 3476 685 3521 sese
709 3456 913 3538 exposuerit;
939 3459 1071 3520 tenetur
1094 3461 1206 3522 tamen
1229 3476 1303 3520 oum
1317 3457 1464 3540 Crispina

135 3543 176 3609 ad
207 3544 356 3609 alendam
388 3549 422 3610 et
450 3544 654 3627 educandam
683 3545 808 3628 prolem
839 3544 993 3610 trituram.
1041 3543 1098 3609 Cui
1128 3545 1157 3608 si
1187 3545 1270 3609 satis
1299 3545 1463 3628 provideri

135 3632 247 3715 possit,
271 3633 473 3698 suadendum
497 3634 626 3715 quidem
652 3633 788 3699 Godolio
812 3639 873 3710 est,
899 3639 935 3700 ut
959 3633 1140 3717 Crispinum
1165 3634 1280 3711 ducat,
1305 3635 1365 3699 sed
1389 3657 1462 3717 gra·

133 3721 267 3787 vissimo
291 3743 349 3787 suo
375 3722 492 3788 damno
517 3744 581 3788 non
604 3728 657 3789 est
680 3722 884 3804 obligandus.

222 3828 260 3896 R.
285 3831 316 3895 4.
362 3828 472 3894 Etiam
496 3829 529 3893 in
553 3830 623 3913 ipso
648 3850 736 3907 oasu,
765 3850 829 3911 quo
853 3828 1067 3912 promissione
1091 3829 1291 3894 matrimonii
1316 3829 1462 3915 Crispina

132 3918 174 3982 ad
197 3917 396 4001 peccandum
420 3917 555 3984 inducta
578 3918 687 3995 fuerit,
713 3940 785 3983 esse
801 3922 911 4001 potest
935 3923 971 3983 ut
989 3919 1144 3983 Godolins
1159 3918 1293 3983 nimium
1311 3919 1461 3984 damnum

132 4028 174 4071 ex
198 4007 345 4072 dissensu
372 4012 544 4091 parentum
563 4008 633 4091 pati
650 4008 778 4074 debeat.
811 4007 931 4084 Quodsi
954 4008 1002 4072 ita
1019 4012 1079 4084 est,
1104 4008 1289 4073 etiamtum
1308 4029 1461 4092 reparare

132 4096 261 4178 quidem
286 4096 349 4161 alio
374 4097 469 4161 modo
494 4097 622 4161 omnino
648 4098 745 4163 debet
775 4097 930 4161 damnum
952 4096 1120 4180 Crispinae
1151 4096 1296 4172 illatum;
1328 4100 1405 4175 sed,
1436 4097 1460 4162 si

131 4184 165 4248 id
188 4185 298 4250 iacere
322 4186 426 4268 possit
450 4190 484 4251 et
507 4186 639 4263 fecerit,
671 4208 691 4250 a
721 4186 927 4251 matrimonio
952 4190 1062 4269 potest
1085 4185 1253 4252 excusari:
1286 4186 1317 4251 S.
1343 4186 1459 4270 Alpb.

131 4274 194 4350 III,
228 4277 292 4338 642
315 4297 386 4357 sqq.
434 4275 614 4352 Nimirum,
648 4296 707 4358 pro
738 4275 925 4339 condicione
950 4275 1132 4358 Crispinae,
1166 4275 1324 4357 obligatio
1357 4277 1459 4360 primo

131 4362 247 4428 adesse
280 4368 390 4447 potest
423 4365 557 4429 curandi
588 4369 624 4430 ut
648 4364 796 4448 Crispina
826 4385 964 4447 peregre
997 4364 1160 4430 exsistens
1184 4365 1269 4430 elam
1296 4366 1409 4448 pariat
1432 4372 1461 4430 et

132 4452 285 4516 delictum
309 4475 402 4518 suum
427 4453 531 4537 possit
555 4455 678 4530 celare;
711 4454 783 4517 dein
815 4458 947 4536 praeter
978 4454 1120 4519 debitam
1152 4475 1263 4519 euram
1295 4455 1380 4538 proli
1405 4456 1459 4519 im-

132 4542 333 4624 pendendam
352 4542 509 4624 obligatio
527 4543 687 4608 exsistere
704 4546 814 4625 potest
830 4542 1024 4626 procurandi
1042 4546 1078 4607 ut
1095 4543 1243 4626 Crispina
1259 4565 1364 4626 aeque
1382 4546 1460 4609 bene

132 4632 253 4695 nubere
269 4631 383 4714 possit,
401 4633 522 4698 collata
539 4633 648 4710 etiam,
674 4632 701 4696 si
718 4653 799 4715 opus
816 4632 869 4706 sit,
895 4632 1005 4714 ampla
1022 4632 1108 4697 dote.
1141 4633 1189 4698 Ct'.
1211 4634 1266 4698 ilo.
1284 4657 1325 4698 aa.
1343 4634 1368 4711 I,
1388 4636 1459 4699 997.
