3044 5174
135 233 201 297 534
508 292 511 303 ¹
601 228 806 287 Sacramentum
823 231 997 287 matrimonii.

135 406 280 474 naturali
308 406 343 473 in
364 407 525 474 societate
546 407 689 474 humana
711 407 891 476 auotoritas
914 408 1050 493 politica
1079 413 1113 476 91
1136 408 1291 493 religiosa
1316 430 1383 476 non
1406 410 1457 475 uni

135 499 235 578 atque
258 494 363 562 eidem
386 495 533 562 subiecto
556 495 688 574 collata,
712 497 771 564 sed
787 518 807 564 a
823 497 961 564 diversis
984 496 1141 565 subiectis
1158 497 1347 565 exercenda
1362 504 1458 578 esset,

134 584 334 757 bleghrrldddhhi
368 605 488 652 causae
521 605 542 652 9
576 585 722 653 99119919
756 585 930 670 religiosae
964 586 1156 670 potestatis,
1196 608 1264 653 non
1296 586 1459 672 politicae,

74 807 124 862 931
224 797 277 863 Ao
304 818 495 875 9999911911
519 799 559 863 4“
592 798 631 863 R.
659 800 687 864 1.
733 797 836 863 Recte
869 797 940 881 agit
975 798 1195 883 Paphnutius,
1231 818 1307 865 cum
1342 799 1459 884 populo

134 886 312 954 identidem
336 886 482 972 explicat
502 886 594 969 leges
611 885 779 952 Ecclesiae
802 886 843 952 de
865 887 1082 968 matrimonio,
1106 886 1206 953 immo
1227 906 1296 953 nou
1319 888 1361 954 de
1384 889 1460 954 solis

135 975 370 1054 dirimentibus,
394 973 453 1042 sed
476 975 576 1042 etiam
599 975 640 1042 19
655 975 907 1059 impedientibus
922 975 1163 1060 impedimentis
1178 977 1337 1043 convenit
1359 999 1460 1062 popu·

134 1066 201 1131 lum
222 1065 401 1134 instruere:
425 1065 512 1131 inter
534 1085 619 1147 quae
640 1063 781 1149 primum
804 1065 910 1130 locum
933 1069 1048 1132 tenere
1071 1065 1169 1134 debet
1191 1066 1460 1150 impedimentum

135 1155 259 1221 mixtae
282 1153 496 1221 confessionis
519 1153 702 1237 religiosae.

223 1261 263 1328 R.
275 1263 305 1328 2.
330 1262 433 1327 Recte
449 1260 549 1327 etiam
565 1261 635 1344 egit
646 1259 859 1344 Paphnutius,
876 1281 949 1326 cum
966 1264 1112 1328 91199199
1124 1259 1293 1327 auditores
1308 1261 1461 1329 redderet

135 1350 177 1416 911
201 1351 292 1432 leges
315 1348 445 1426 civiles3
476 1349 538 1415 nisi
561 1350 647 1416 enim
671 1369 729 1415 eae
752 1353 944 1428 servantur,
976 1370 1042 1415 non
1064 1349 1170 1416 solum
1191 1348 1265 1433 ipse
1287 1350 1460 1435 parochus,

135 1438 189 1522 qui
222 1443 337 1507 contra
366 1439 458 1521 leges
487 1443 715 1506 contracturos
738 1438 886 1506 admittit
915 1437 957 1505 ad
986 1437 1070 1505 ritus
1096 1437 1268 1523 religiosos
1290 1439 1462 1506 matrimo-

135 1527 249 1606 niales,
276 1528 333 1594 sed
356 1527 420 1613 ipsi
442 1527 596 1612 coniuges
618 1527 817 1612 gravissima
840 1528 981 1595 subeunt
1003 1527 1209 1594 incommoda
1231 1532 1267 1595 91
1288 1528 1381 1596 91919
1402 1548 1460 1615 919

134 1638 171 1683 99
193 1638 318 1700 suaque
340 1616 442 1701 prole,
470 1637 554 1700 quae
576 1621 614 1684 ut
636 1616 785 1699 legitima
807 1637 872 1682 non
895 1617 1086 1700 agnoscitur
1108 1619 1209 1699 atque
1232 1636 1254 1683 9
1276 1616 1461 1687 1919111919

134 1705 234 1790 193911
257 1704 436 1790 repellitur.

73 1815 125 1871 932
223 1813 262 1880 R.
287 1815 318 1879 3.
349 1812 402 1877 Ex
425 1811 906 1895 1191199991991111.2“1919
930 1811 1095 1894 colligitur
1110 1811 1334 1894 Paphnutium
1356 1813 1461 1878 minus

133 1906 224 1968 recte
253 1901 377 1984 egisse,
408 1900 507 1966 immo
530 1899 638 1982 egisse
661 1903 759 1976 mole,
784 1900 867 1966 adeo
890 1900 1080 1967 extollendo
1103 1899 1216 1966 civiles
1239 1900 1343 1983 leges,
1368 1901 1460 1985 quasi

133 1991 211 2057 illae
221 2013 283 2076 per
297 2013 331 2056 sc
345 2011 469 2072 suaque
485 1988 618 2074 propria
633 1989 834 2056 auctoritate
849 1989 1066 2074 parochianos
1081 1989 1339 2072 adstringerent.
1375 1990 1409 2057 N
1409 2011 1461 2056 991

134 2079 210 2147 11199
233 2080 324 2162 19399
340 2079 447 2161 quoad
472 2077 725 2145 christianorum
748 2078 955 2145 matrimonia
978 2084 1055 2145 suut
1070 2078 1151 2145 iuris
1166 2078 1265 2144 alieni
1281 2099 1341 2145 seu
1358 2080 1461 2146 ecele-

134 2168 259 2236 siastici
291 2167 478 2253 usurpatio,
510 2168 639 2250 quando
670 2167 792 2250 aliquid
822 2168 862 2233 de
885 2167 1083 2236 matrimonii
1106 2167 1221 2235 valore
1244 2169 1460 2237 constituunt.

134 2257 226 2335 Quod
249 2279 307 2323 suo
329 2261 401 2323 iure
424 2261 575 2341 possunt,
608 2256 689 2322 illud
719 2259 771 2322 991
794 2261 832 2323 91
855 2256 944 2322 91199
966 2257 1066 2323 911919
1091 2255 1261 2324 9111911991
1284 2262 1461 2325 teneantur

135 2347 367 2414 anctoritatem
396 2346 558 2430 publicam
588 2346 629 2411 de
659 2345 867 2413 matrimomo
897 2348 959 2410 rite
987 2354 1144 2412 contracto
1173 2349 1298 2412 certem
1322 2347 1461 2414 reddere

135 2435 231 2502 modo
254 2435 371 2518 91939
394 2435 574 2518 999139919,
598 2455 662 2516 quo
686 2434 840 2502 fruantur
862 2454 972 2501 eoram
996 2435 1070 2518 lege
1093 2434 1181 2500 911111
1205 2434 1357 2501 omnibus
1380 2436 1461 2519 legi-

135 2524 206 2591 timi
230 2523 429 2590 matrimonii
451 2523 584 2589 iuribus.
817 2590 821 2596 ,

225 2612 259 2679 Si
282 2612 358 2695 quid
383 2633 461 2694 9139
486 2612 624 2695 amplius
647 2611 739 2693 leges
762 2611 875 2678 civiles
897 2611 1078 2693 requirunt,
1103 2611 1193 2678 adid
1210 2612 1380 2679 christiani
1398 2634 1460 2679 non

135 2706 291 2769 tenentur
313 2701 346 2767 vi
368 2701 452 2784 19319
482 2705 516 2767 91
539 2700 572 2765 11
595 2700 821 2767 oboedientiae
843 2700 972 2784 legibus
996 2700 1142 2779 debitae,
1173 2701 1232 2767 sed
1254 2701 1287 2766 vi
1311 2702 1463 2770 caritatis

136 2811 217 2874 9139
239 2811 275 2856 99
299 2796 333 2858 91
356 2791 481 2874 9191919
503 2811 606 2867 99919,
630 2810 671 2855 119
694 2789 764 2855 91119
787 2810 886 2856 causa
909 2790 1039 2857 iniustis
1054 2791 1284 2856 vexationibus
1306 2812 1383 2857 sese
1404 2812 1463 2858 ex·

136 2885 269 2964 999991.
315 2878 408 2958 Quod
439 2900 519 2945 9999
549 2879 726 2945 99999199
757 2879 806 2945 191
835 2879 1012 2945 1911191919
1041 2879 1204 2963 parochus
1234 2900 1311 2945 suos
1343 2881 1462 2947 docere

136 2970 249 3048 debet,
281 2990 324 3035 ne
355 2968 527 3053 paullatim
557 2967 685 3036 discant
716 2968 801 3034 male
831 2968 954 3036 sentire
987 2968 1029 3034 19
1060 2969 1182 3035 mutuis
1216 2969 1342 3034 iuribus
1374 2970 1461 3037 inter

137 3059 318 3126 Ecclesiam
352 3063 386 3124 et
418 3057 546 3124 civilem
578 3056 822 3123 auctoritatem.
873 3059 1056 3124 Prudenter
1087 3057 1217 3139 quidem
1250 3058 1332 3124 haec
1365 3059 1463 3124 debet

137 3148 311 3232 explicare,
339 3168 380 3212 99
403 3146 555 3214 11199191
578 3146 707 3212 civilem
731 3146 962 3214 auctoritatem
986 3146 1020 3211 in
1043 3166 1080 3211 se
1102 3166 1239 3230 carpere
1261 3151 1363 3230 atque
1386 3149 1463 3212 sub·

137 3237 278 3303 diturum
301 3236 428 3302 animos
451 3240 567 3302 contra
590 3256 662 3302 eam
687 3256 912 3312 commovere;
936 3235 1145 3301 nihilominus
1168 3235 1253 3302 hanc
1271 3257 1336 3301 non
1353 3241 1464 3320 potest

138 3347 211 3392 cum
235 3325 431 3393 detrimento
454 3325 573 3390 1911991
596 3324 892 3391 99919919911991991
917 3325 1087 3391 extollere.

227 3431 265 3496 R.
290 3434 321 3497 4.
359 3431 588 3514 Imprudenter
610 3431 712 3514 igitur
734 3431 853 3497 9911919
877 3430 963 3514 9311,
987 3431 1148 3497 91999919
1171 3431 1325 3515 populum
1349 3431 1464 3498 Eccle-

138 3521 220 3585 siam
240 3525 326 3608 post
348 3519 490 3585 violatas
515 3541 591 3586 9999
622 3521 713 3603 leges
742 3521 841 3603 longe
867 3519 996 3586 facilius
1019 3520 1188 3602 indulgere
1211 3541 1310 3602 quom
1335 3520 1464 3587 91111991

138 3608 386 3685 9991911191919;
411 3609 458 3674 919
481 3609 567 3674 99191
590 3609 748 3676 indirecte
772 3609 961 3676 animantur
982 3608 1177 3674 infirmiores
1200 3609 1241 3674 ad
1260 3609 1353 3693 leges
1369 3631 1465 3676 9999·

138 3697 281 3766 tissimus
305 3697 588 3782 parvipendendas
611 3702 646 3765 91
661 3699 892 3780 neglegendas.
928 3698 1042 3765 Potius
1066 3699 1207 3765 debebat
1222 3698 1264 3763 ad
1280 3718 1338 3764 eas
1354 3703 1466 3766 custo·

139 3786 275 3853 diendas
303 3787 479 3870 ofertiore
502 3787 663 3863 excitare,
694 3787 855 3854 rationem
879 3808 1010 3853 sumens
1033 3808 1053 3853 9
1076 3788 1150 3869 1939
1174 3786 1280 3859 civili:
1314 3787 1465 3869 quamsi

138 3882 273 3961 propter
296 3877 367 3943 sola
391 3876 546 3942 91119919
573 3876 660 3942 malo
682 3876 878 3960 temporalia
900 3897 1012 3943 omnes
1035 3880 1105 3942 1991
1128 3875 1267 3942 sollicite
1290 3881 1465 3943 servarent

139 3972 172 4034 91
202 3986 337 4032 9911919
366 3965 400 4031 19
430 3966 631 4032 99999199119
662 3986 727 4031 999
756 3986 833 4031 1919
863 3966 1037 4042 deberent,
1068 3965 1173 4030 multo
1199 3964 1306 4048 magis
1329 3971 1465 4050 9199191

139 4055 245 4138 193919
270 4076 328 4140 991
351 4075 387 4121 99
410 4076 520 4121 991991
536 4057 606 4121 Deo
630 4054 830 4137 obligantem
855 4058 983 4121 statuta
998 4054 1168 4120 Ecclesiae
1192 4074 1266 4121 esse
1288 4055 1464 4122 99119919.

228 4161 266 4228 R.
292 4165 322 4228 5.
369 4161 462 4238 Quod
491 4167 601 4229 991991
632 4159 836 4244 Paphnutius
866 4160 1050 4244 exemplum
1081 4165 1191 4227 sumat
1220 4181 1240 4226 a
1270 4159 1402 4226 Iudaeis
1431 4164 1466 4226 91

140 4249 347 4329 acatholicis,
378 4251 433 4333 qui
463 4255 622 4334 91999991
651 4249 684 4314 19
711 4249 852 4317 991119119
875 4249 1024 4316 99919119
1047 4250 1157 4332 1931191
1181 4247 1325 4314 civilium
1349 4249 1466 4316 matri·

140 4339 345 4417 monialium,
378 4339 476 4406 etiam
500 4340 632 4406 1999919
656 4343 690 4404 91
713 4341 795 4404 91919
818 4338 908 4405 fucit.
955 4338 1024 4416 Quo
1048 4339 1134 4404 enirn
1157 4338 1238 4404 11999
1261 4339 1466 4424 comparatio

140 4428 260 4503 199111,
292 4428 353 4494 9191
377 4432 581 4512 9999999191
609 4431 779 4510 91199999,
803 4428 957 4493 111911991
980 4428 1093 4493 fideles
1116 4427 1302 4511 baptizatos
1326 4432 1466 4495 91999·

140 4518 334 4601 baptizatos,
353 4520 458 4583 eodem
474 4520 565 4582 oredo
581 4517 631 4583 his
648 4517 775 4601 legibus
790 4516 920 4582 teneri?
950 4516 1041 4592 Quod
1057 4516 1269 4582 falsissimum
1285 4521 1346 4583 est.
1379 4516 1465 4584 Nam

140 4605 299 4690 baptizati
329 4606 511 4672 certissime
541 4626 604 4670 non
634 4611 791 4672 tenentur
819 4605 883 4671 illis
913 4605 1040 4688 legibus
1059 4628 1121 4691 per
1143 4627 1192 4689 se,
1221 4605 1280 4671 sed
1303 4627 1472 4678 summum
