3044 5174
146 292 211 355 254
599 285 803 340 Sacramentum
822 285 1014 356 paenitentiae.

147 463 236 530 ochis
251 463 351 529 licere
367 463 454 548 apud
475 462 662 544 quemlibet,
687 463 741 544 qui
757 462 892 528 idonens
908 467 942 529 et
959 464 1077 528 alicubi
1093 463 1294 546 approbatus
1317 462 1370 541 sit,
1396 484 1473 528 con·

146 553 248 630 litari,
279 549 376 635 idque
400 574 442 617 ex
465 552 569 618 tacita
591 552 817 635 episcoporum
848 551 1073 617 concesssione
1097 553 1301 635 repetebant.
1348 551 1471 617 Verum

146 642 320 707 hodiedum
345 664 409 707 non
432 645 512 725 puto
535 641 619 705 hanc
643 642 802 706 exsistere
826 640 1092 707 consuetudinem
1113 662 1218 723 neque
1234 641 1372 707 tacitam
1388 641 1473 707 hanc

146 732 397 797 concessionem.
430 730 503 796 Nisi
526 730 628 813 igitur
651 729 770 795 alicubi
793 730 907 796 localis
930 738 964 796 et
988 730 1196 814 particularis
1213 731 1372 795 eiusmodi
1395 751 1472 795 con-

146 821 283 886 suetudo
306 821 454 901 legitima
477 820 642 903 probetur,
668 840 785 884 censeo
809 820 905 903 plane
929 819 1082 884 standum
1105 840 1177 884 esse
1200 819 1311 884 verbis
1334 819 1472 884 Triden-

145 911 216 987 tini,
234 931 317 992 quae
333 931 392 992 pro
410 908 613 974 confessione
626 908 725 974 etiam
738 907 956 984 sacerdotum,
973 909 1120 990 adeoque
1132 909 1231 974 etiam
1244 908 1471 992 parochorum,

145 1021 210 1064 non
233 999 339 1063 minus
363 997 632 1082 approbationem
656 996 874 1062 necessariam
896 1001 1048 1062 statuunt
1071 1017 1168 1079 quam
1191 1019 1250 1080 pro
1268 996 1472 1064 confessione

144 1089 345 1171 reliquorum
367 1087 594 1153 saecularium.
641 1087 730 1170 Ergo
753 1086 887 1170 parochi
911 1086 1072 1151 confessio
1096 1091 1169 1152 erat
1193 1107 1235 1151 ex
1259 1086 1389 1152 defectu
1414 1108 1471 1171 po-

144 1176 277 1245 testatis
300 1176 454 1243 invalida.

426 1367 620 1434 EPISCOPI
644 1367 886 1433 PEREGRINI
909 1367 1183 1435 IURISDICTIO.

709 1524 819 1591 Casas.
839 1532 914 1600 (127)

233 1657 322 1732 Hugo
345 1655 502 1733 episcopus
524 1657 698 1732 peregrinus
720 1657 848 1715 devertit
869 1656 901 1715 in
921 1657 1121 1716 nosocomium
1151 1656 1232 1715 urbis
1253 1656 1296 1727 A;
1324 1656 1377 1715 ubi
1406 1676 1471 1715 cum

144 1737 282 1796 visitaret
301 1736 451 1807 infirmos,
479 1737 638 1797 multorum
660 1736 742 1796 audit
764 1737 985 1807 confessiones,
1017 1737 1105 1796 vania
1134 1737 1265 1814 episcopi
1292 1736 1351 1796 loci
1379 1738 1471 1796 nulla·

144 1823 231 1876 tenus
252 1816 354 1893 petita,
376 1817 428 1874 sed
451 1836 488 1874 ex
510 1836 658 1876 consensu
679 1818 771 1876 solius
792 1817 918 1875 rectoris
939 1817 1109 1876 nosocomii.

232 1896 304 1956 (lum
325 1895 401 1955 redit
422 1896 452 1953 in
472 1897 653 1966 Americam,
676 1897 767 1956 utitur
786 1898 856 1955 navi
878 1917 950 1955 suae
969 1897 1110 1964 nationis,
1132 1916 1207 1972 quae
1228 1902 1318 1955 antea
1339 1897 1472 1956 solverat

144 1996 160 2036 a
181 1984 268 2054 portu
289 1996 361 2036 suae
384 1975 528 2035 dioecesis
550 1981 580 2035 et
607 1982 675 2053 post
702 1976 860 2036 stationem
890 1977 1003 2053 aliquot
1031 1977 1280 2036 hebdomadarum
1301 1977 1331 2034 in
1354 1978 1472 2054 Europa

143 2077 222 2116 nunc
243 2057 353 2133 repetit
374 2056 516 2132 patriam:
538 2057 717 2132 quibuslibet
738 2057 942 2116 sacerdotibus
963 2057 1091 2134 undique
1112 2077 1218 2116 navem
1241 2057 1472 2117 ascendentibus

144 2138 341 2196 communicat
361 2136 534 2195 facultatem
556 2137 728 2196 absolvendi
749 2138 936 2212 navigantes.

145 2249 322 2319 Quaaarrua
345 2253 373 2308 1⁰
394 2250 564 2324 indigeatne
585 2252 673 2326 Hugo
694 2251 732 2310 ad
752 2252 809 2310 rite
831 2251 1043 2310 absolvendum
1065 2252 1154 2310 uenia
1175 2251 1307 2328 episcopi
1328 2252 1397 2312 loci.

344 2351 373 2406 2⁰
394 2348 572 2422 navigantes
593 2369 689 2426 aquo
710 2350 842 2426 legitime
863 2349 1065 2409 absolvantur.

346 2448 376 2505 3υ
397 2451 517 2505 rectene
538 2453 637 2507 actum
658 2449 699 2507 eit
720 2451 757 2508 ab
779 2450 913 2523 Hugone.

739 2628 874 2695 Salutio.

80 2785 134 2840 442
233 2762 285 2826 Aa
309 2782 501 2837 ouansrruu
526 2765 563 2827 1⁰²
593 2760 632 2827 R.
660 2764 687 2827 1.
735 2760 921 2827 Communis
951 2761 1080 2842 quidem
1109 2760 1259 2826 doctrina
1290 2766 1324 2828 et
1354 2763 1470 2844 regula

144 2855 196 2916 est
219 2873 309 2928 eum,
336 2851 390 2932 qui
414 2872 479 2915 non
502 2849 667 2916 ordinaria
690 2851 748 2914 sed
772 2851 925 2933 delegata
948 2854 1114 2932 potestate
1136 2850 1296 2928 absolvit,
1320 2850 1469 2933 indigere

143 2940 379 3024 approbatione
403 2940 545 3024 episcopi
571 2939 755 3004 dioecesani
779 2939 852 3017 loci,
878 2941 911 3004 in
929 2960 991 3021 quo
1005 2939 1226 3005 confessiones
1242 2939 1468 3023 excipiuntur:

142 3030 318 3095 secundnm
344 3050 441 3110 quam
465 3029 612 3112 regulam
637 3028 736 3094 etiam
760 3028 931 3112 episcopus
946 3028 1139 3111 peregrinus
1157 3030 1219 3094 hac
1235 3029 1308 3111 lege
1324 3033 1467 3098 tenetur.

141 3119 253 3201 Atque
276 3118 357 3183 haec
381 3124 433 3185 est
455 3118 570 3202 regula
593 3117 747 3183 securior.
780 3118 829 3183 De
853 3118 1004 3201 parochis
1028 3117 1143 3183 alienis
1167 3119 1198 3187 S.
1216 3118 1249 3184 O.
1267 3119 1300 3185 C.
1324 3119 1359 3183 in
1382 3118 1469 3184 hunc

142 3230 273 3273 sensum
298 3207 397 3272 etiam
413 3208 598 3292 respondit:
623 3207 770 3289 indigere
787 3228 843 3271 eos
859 3206 984 3272 scilicet
1000 3207 1132 3272 licentia
1148 3207 1292 3291 episcopi
1316 3208 1379 3274 loci
1403 3231 1467 3274 non

142 3297 250 3379 quoad
273 3318 350 3361 suos
374 3297 521 3362 subditos
537 3297 594 3362 sed
611 3296 718 3379 quoad
734 3296 894 3379 reliquos:
920 3295 972 3360 die
989 3298 1008 3360 3
1025 3296 1103 3362 Dec.
1124 3298 1219 3372 1707,
1244 3296 1285 3363 cf.
1303 3297 1467 3365 Ballen-

141 3386 264 3451 Palm.
295 3391 337 3453 tr.
371 3389 430 3465 10,
462 3391 541 3453 sect.
568 3389 604 3465 5,
636 3408 667 3451 n.
698 3388 773 3452 558.
821 3386 937 3466 Neque
966 3389 1078 3450 tamen
1108 3386 1168 3450 hoc
1199 3390 1251 3451 cst
1281 3386 1467 3453 universale

141 3475 320 3541 decretum.

231 3573 269 3638 a.
288 3576 318 3639 2.
350 3572 507 3638 Rationes
530 3577 640 3638 autem
664 3592 728 3636 non
752 3572 955 3655 spernendae
979 3571 1108 3650 adsunt,
1133 3592 1217 3653 quae
1240 3572 1324 3638 hanc
1348 3593 1467 3658 appro-

140 3661 306 3727 bationem
330 3661 547 3727 necessariam
573 3682 637 3727 non
661 3681 733 3726 esse
756 3660 906 3737 suadent,
931 3661 1077 3726 simodo
1102 3661 1189 3726 adsit
1206 3661 1386 3728 iurisdictio
1411 3663 1467 3728 de-

141 3751 254 3834 legata
277 3750 318 3815 ab
343 3754 464 3838 utiquo,
490 3750 545 3832 qui
568 3752 601 3816 in
624 3750 830 3834 paenitentes
854 3750 1051 3815 ordinariam
1076 3750 1331 3816 iurisdictionem
1354 3751 1465 3831 habet,

142 3840 206 3905 etsi
229 3839 331 3905 fuerit
353 3841 443 3905 solus
467 3840 637 3924 parochus.
679 3840 764 3904 Nam
791 3844 822 3904 1ο
844 3839 877 3903 id
902 3840 941 3904 de
965 3840 1080 3904 alienis
1103 3839 1254 3924 parochis
1278 3839 1466 3906 etiamnunc

142 3929 273 3994 videtur
295 3929 377 3995 satis
399 3930 568 4014 probabile
593 3931 648 4010 (cf.
673 3928 984 3993 Butler-Palm.
1010 3929 1031 3995 l.
1057 3951 1083 3994 c.
1109 3951 1139 3994 n.
1166 3932 1247 4006 557,
1276 3931 1334 3996 Th.
1362 3953 1402 3996 an.
1425 3931 1464 4002 ll,

142 4021 205 4084 377
232 4027 293 4085 rect.
317 4023 352 4085 et
374 4021 425 4084 bie
447 4040 546 4102 supra
570 4040 600 4083 n.
626 4017 720 4098 420),
752 4017 910 4100 siquidem
934 4039 1023 4085 conc.
1048 4017 1136 4084 Trid.
1161 4019 1264 4101 exigit
1288 4020 1320 4083 iu
1346 4040 1385 4084 eo
1416 4021 1464 4086 cui

140 4129 257 4173 munus
280 4108 469 4173 absolvendi
494 4107 653 4174 committi
676 4107 788 4190 possit,
813 4111 942 4173 tantum
959 4108 1170 4172 alterutrum:
1197 4112 1255 4173 aut
1270 4108 1465 4192 parochialis

140 4197 287 4263 beneficii
302 4197 552 4281 possessionem,
569 4202 627 4263 aut
643 4197 785 4281 episcopi
801 4196 1086 4280 approbationem
1111 4218 1190 4279 ergo
1207 4197 1263 4279 qni
1278 4198 1465 4280 parochiale

140 4287 331 4353 beneficium
355 4286 490 4352 ubilibet
513 4286 670 4363 obtinuit,
700 4307 764 4350 non
788 4286 913 4368 indiget
942 4285 1097 4351 ulteriore
1120 4286 1375 4371 approbatione,
1408 4288 1464 4353 sed

141 4378 244 4441 solum
269 4379 499 4442 eocrrnrunieutc
523 4377 748 4441 iurisdictione.
781 4374 870 4451 Quod
889 4396 908 4440 a
924 4374 1060 4442 fortiore
1077 4376 1117 4440 de
1133 4377 1278 4458 quolibet
1302 4376 1463 4462 episcopo,

140 4467 258 4531 saltem
289 4466 498 4542 dioecesano,
529 4464 641 4530 valere
666 4464 771 4529 debet.
820 4465 1076 4530 2⁰cone.T1·id.
1109 4464 1254 4542 decreto,
1286 4487 1352 4548 quo
1381 4468 1464 4533 hanc

141 4555 385 4639 approbationis
405 4553 635 4620 necessitatem
653 4553 816 4637 imposuit,
840 4552 984 4636 loquitar
1000 4555 1039 4619 de
1067 4554 1326 4637 ,presbyteris“;
1352 4577 1462 4623 verum

140 4643 173 4708 in
197 4644 316 4709 odiosis
333 4643 484 4727 episcopi,
509 4643 595 4725 iique
611 4643 680 4709 sive
697 4643 882 4708 dioecesani
897 4643 968 4707 sive
983 4642 1146 4720 titularcs,
1171 4665 1236 4709 non
1252 4647 1464 4730 comprehen-

86 4818 149 4872 h.
