3044 5174
149 283 214 348 308
603 275 808 333 Sacramentum
827 276 1022 347 paenitentiae.
1097 300 1101 306 ·

86 465 138 520 542
236 415 657 533 Aequiculorum.
696 454 788 532 Quod
803 455 961 537 Eulogius
977 465 1142 541 utcuruquc
1164 456 1280 522 lcudct
1295 454 1473 538 Eugeniam

148 548 183 611 et
201 544 347 623 Paulam,
372 545 514 610 nondum
538 543 684 611 continet
708 543 949 609 accusationem
973 545 1024 609 vel
1049 544 1149 628 sigilli
1171 545 1352 610 laesionem
1375 544 1474 610 relate

147 634 189 698 ad
213 637 357 711 cetercs;
389 655 503 700 verum
534 653 599 699 non
628 632 762 718 expedit
791 633 920 698 laudem
947 633 1037 699 illam
1061 639 1098 701 ut
1125 634 1310 701 formaliter
1333 654 1378 698 ex
1401 654 1472 699 con·

147 721 289 788 fossione
312 723 464 790 haustam
488 723 669 800 enuntiare,
694 722 770 805 quia
793 727 862 788 tum
886 720 985 788 facile
1007 723 1040 787 in
1060 722 1142 789 alios
1158 723 1319 806 quaedam
1335 721 1474 807 suspicio

147 811 223 876 oriri
247 815 368 896 potest,
393 834 457 894 qua
480 811 659 895 periculum
682 810 764 876 laesi
786 810 886 894 sigilli
910 813 1016 893 quoad
1040 817 1168 880 ceteros
1192 811 1368 879 excitetur.

236 917 276 984 R.
301 922 332 984 2.
378 917 470 994 Quod
499 922 610 984 autem
642 937 799 1001 expressa
828 918 866 982 fit
896 919 1098 1001 comparatio
1125 917 1213 985 inter
1235 917 1420 1001 Eugenium
1443 922 1473 984 et

147 1006 295 1087 Paulam,
319 1012 419 1090 atque
441 1007 523 1072 haec
545 1027 625 1091 prae
647 1006 705 1071 illa
728 1006 909 1083 extollitur,
933 1006 1090 1090 implicite
1113 1007 1260 1074 continet
1283 1006 1474 1075 manifesta·

146 1095 279 1175 tionem,
304 1096 485 1179 Eugenium
509 1097 607 1180 paulo
630 1095 785 1178 graviora
807 1099 955 1179 peccata.
978 1096 1097 1162 saltem
1113 1118 1179 1162 non
1201 1097 1273 1162 sola
1297 1096 1473 1172 levissima,

147 1186 315 1252 attulisse:
340 1191 376 1251 at
399 1186 479 1250 haec
494 1189 703 1269 peccatorum
720 1184 895 1249 venialium
922 1185 1151 1252 determinatio
1174 1206 1376 1269 aggravans,
1400 1186 1475 1252 licet

147 1279 280 1342 maneat
302 1274 466 1357 generica,
491 1277 607 1339 contra
630 1273 772 1355 sigillum
796 1274 1037 1338 sacramentale
1061 1277 1122 1341 est.

236 1381 275 1446 R.
294 1383 324 1448 3.
364 1380 456 1458 Quod
479 1381 520 1445 de
536 1380 640 1445 Paula
663 1380 847 1445 nouaclum
866 1379 900 1444 in
918 1401 1040 1463 genere
1055 1380 1214 1462 Eulogius
1230 1379 1319 1447 dicat
1335 1380 1475 1446 venialia

146 1471 276 1535 tantum
299 1474 436 1553 peccata
460 1468 621 1546 adfuisse,
653 1469 710 1533 sed
741 1471 840 1534 etiam
865 1469 899 1533 in
922 1469 1031 1553 specie
1054 1473 1149 1536 notet
1170 1468 1316 1535 adfuisse
1340 1470 1474 1536 verbula

145 1557 334 1641 improvisa,
359 1558 491 1624 videtur
511 1578 576 1623 non
599 1557 682 1623 satis
706 1557 882 1623 cohaerere
898 1579 969 1623 cum
987 1558 1095 1641 sigillo
1111 1558 1354 1624 sacramentali.
1390 1558 1474 1624 Nolo

145 1653 258 1714 tamen
287 1646 320 1712 id
351 1668 409 1731 pro
441 1650 531 1712 certo
562 1646 736 1712 affirmare.
788 1645 874 1711 Nam
907 1668 979 1711 cum
1009 1647 1146 1731 quilibet
1176 1647 1375 1713 christianus
1404 1668 1474 1714 sese

146 1740 295 1803 accuset:
325 1736 419 1818 ,quia
441 1735 575 1821 peccavi
595 1736 691 1801 nimis
707 1735 916 1819 cogitatione,
941 1738 1041 1802 verbo
1058 1741 1093 1803 et
1108 1740 1239 1821 opere“,
1262 1736 1320 1802 illa
1336 1736 1474 1803 locutio:

146 1825 292 1890 adfuisse
315 1827 386 1890 sola
409 1825 546 1891 verbula
569 1825 756 1909 improvisa,
780 1846 845 1890 non
870 1825 1000 1891 videtur
1022 1825 1146 1908 aliquid
1169 1826 1290 1892 addere
1309 1825 1353 1892 ad
1375 1846 1474 1909 gene-

145 1914 246 1979 ricam
279 1914 369 1979 illam
402 1914 615 1992 locutionem,
648 1914 793 1980 adfuisse
824 1919 961 1998 peccata
990 1919 1120 1982 tantum
1151 1915 1293 1981 venialia
1322 1936 1389 1981 non
1421 1915 1474 1980 de·

145 2004 302 2069 liberata:
337 2005 422 2087 quod
446 2004 516 2069 sine
539 2003 639 2086 sigilli
663 2003 824 2081 laesione,
853 2003 952 2068 immo
975 2024 1102 2069 summa
1125 2025 1198 2068 cum
1222 2004 1319 2070 laude
1344 2003 1474 2071 dicitur.

256 2196 411 2263 SIGILLI
435 2195 643 2262 VIOLATIO
668 2196 753 2260 PER
776 2194 1065 2262 LOCUTIONEM
1089 2195 1359 2264 GENERICAM.

707 2360 817 2426 Cusus.
837 2367 914 2435 (154)

235 2500 425 2569 Bcnfrerius,
458 2500 506 2576 qui
534 2501 566 2558 in
593 2501 656 2559 late
677 2500 775 2576 eliqua
801 2502 923 2576 regione
954 2501 1102 2577 plerisque
1122 2500 1154 2559 in
1174 2501 1248 2561 locis
1270 2503 1475 2563 confessiones

146 2587 315 2657 exceperat,
337 2581 435 2657 coepit
455 2581 486 2638 in
508 2580 653 2655 colloquio
674 2588 788 2641 certum
808 2582 895 2641 huius
909 2580 1040 2656 regionis
1064 2582 1160 2640 locum
1180 2581 1303 2641 laudare
1324 2588 1475 2660 tamquam

145 2661 240 2719 oasim
261 2661 292 2720 in
312 2667 400 2721 vasta
420 2661 526 2736 palude
547 2660 699 2733 luxuriae,
727 2681 815 2737 quam
836 2667 866 2721 et
886 2662 1009 2722 iuvenes
1037 2668 1068 2720 et
1089 2660 1240 2737 coniugati
1262 2662 1344 2722 circa
1365 2663 1475 2724 circum

144 2740 234 2815 louge
255 2742 372 2817 letoque
393 2746 561 2801 exerceant.

145 2853 324 2925 Quaeremus
345 2858 374 2915 1⁰
394 2857 523 2917 liceatne
538 2877 576 2915 ex
591 2856 778 2916 confessione
792 2856 871 2931 loqui
883 2856 916 2915 in
929 2876 1038 2931 genere
1053 2857 1088 2916 de
1103 2856 1176 2917 vitio
1191 2857 1300 2917 alicubi
1321 2866 1477 2935 regnante.

346 2956 376 3013 2ο
397 2954 466 3031 quid
487 2955 666 3014 censendum
688 2954 728 3015 sit
747 2954 783 3012 de
804 2953 952 3013 Bcnfrerii
974 2955 1165 3016 sermonibus.

744 3135 883 3203 Sclntic.

83 3308 137 3361 543
235 3280 288 3346 An
312 3302 504 3357 quansrruu
530 3283 567 3345 1¹³
590 3280 629 3346 ll.
656 3283 685 3348 1.
732 3279 919 3345 Cavendum
950 3284 1000 3345 est
1028 3279 1136 3360 quoad
1159 3300 1199 3345 ea
1226 3282 1368 3362 quaein
1400 3305 1476 3348 con·

145 3369 289 3435 fassione
311 3375 466 3453 percepta
489 3373 583 3447 sunt,
608 3369 649 3434 ab
673 3371 758 3434 omni
783 3369 946 3435 locutione
970 3389 1053 3450 quae
1077 3368 1259 3453 paenitenti
1282 3390 1475 3452 gravamen,

147 3459 257 3524 odium
287 3457 482 3523 confessioni
513 3479 625 3524 creare
654 3463 773 3541 potest.
820 3458 954 3534 Quando
984 3458 1087 3539 igitur
1109 3463 1220 3524 certus
1243 3458 1363 3541 aliquis
1386 3461 1478 3527 locus

148 3569 208 3613 ssu
230 3547 321 3628 regio
346 3548 506 3629 quaedam
530 3547 583 3612 vel
606 3552 699 3614 certa
722 3547 937 3613 communitus
960 3568 1018 3630 per
1039 3568 1079 3612 ea
1103 3568 1186 3630 quae
1209 3569 1251 3613 ex
1271 3549 1477 3616 confessione

149 3641 342 3714 narrantur,
381 3637 490 3701 famae
524 3637 754 3702 detrimentum
790 3635 921 3717 aliquod
955 3636 1118 3718 patiatur,
1154 3636 1252 3720 idque
1286 3638 1355 3703 tale
1391 3641 1477 3721 quod

147 3725 296 3790 homines
319 3726 494 3793 aestimare
518 3726 641 3804 solent,
672 3724 817 3791 narratio
845 3730 896 3790 est
919 3729 1035 3790 contra
1057 3725 1200 3806 sigillum
1223 3731 1476 3794 sacramentale.

238 3831 276 3897 R.
302 3834 332 3898 2.
379 3832 452 3898 Etsi
482 3832 640 3898 eiusmodi
669 3831 890 3897 narrationem
920 3852 985 3895 non
1014 3831 1175 3908 directae,
1207 3832 1266 3896 sed
1295 3833 1478 3901 indirectas

146 3920 248 4002 sigilli
277 3921 414 3986 laesioni
444 3921 726 3987 adnumeraverim
754 3921 900 4001 adeoque
925 3920 1083 3985 materiae
1106 3920 1305 4004 parvitatem
1329 3944 1396 3988 non
1420 3946 1478 3989 ex-

147 4011 294 4075 cludam:
325 4010 532 4076 nihilominus
562 4011 719 4076 materiae
749 4010 899 4091 gravitas
922 4030 987 4073 non
1010 4014 1062 4076 est
1085 4011 1313 4092 restringenda
1337 4012 1381 4077 ad
1405 4033 1478 4079 eam

147 4099 422 4177 diffamationem,
454 4121 538 4181 quae
568 4099 681 4182 gravis
710 4104 883 4164 censeatur
908 4103 1022 4164 contra
1045 4108 1186 4164 octauum
1210 4099 1360 4184 decalogi
1384 4124 1477 4185 prae·

147 4194 290 4271 ceptum,
314 4190 372 4254 sed
396 4190 525 4254 omnino
549 4189 615 4253 ium
638 4210 696 4270 pro
713 4188 808 4268 gravi
831 4188 981 4253 habenda
997 4192 1058 4264 est,
1083 4189 1111 4253 si
1128 4211 1166 4254 ea
1183 4189 1331 4255 homines
1347 4192 1477 4257 soleant

147 4277 259 4359 aliquo
283 4279 378 4343 modo
402 4280 495 4360 tangi
519 4282 553 4343 ct
576 4299 596 4342 a
620 4277 823 4342 confessione
851 4277 977 4359 possint
1008 4278 1141 4344 retrahi.
1165 4317 1209 4325 -
1233 4278 1267 4343 Si
1291 4300 1371 4344 vero
1396 4280 1477 4346 adeo

147 4388 288 4448 parvum
312 4372 363 4434 est
386 4368 494 4433 famae
518 4366 759 4439 detrimentum,
785 4370 822 4431 ut
844 4367 989 4432 homines
1006 4366 1162 4431 eiusmodi
1182 4369 1338 4449 generale
1354 4369 1478 4436 dictum

148 4457 245 4537 parvi
269 4458 410 4538 pendere
434 4457 571 4532 soleant,
598 4457 637 4519 ob
661 4455 861 4537 parvitatem
886 4456 1043 4521 materiae
1068 4476 1183 4520 cerrseo
1207 4478 1281 4522 esse
1305 4464 1480 4542 paccatum

147 4549 281 4609 tantum
310 4545 454 4620 veniale;
486 4545 512 4610 si
543 4544 634 4610 nulla
664 4567 750 4610 nova
779 4545 957 4609 diffamatio
981 4549 1156 4611 censeatur
1178 4545 1272 4624 oriri,
1305 4553 1479 4632 peccatum

21 4677 26 4688 ·
148 4633 232 4698 laesi
256 4632 352 4715 sigilli
377 4635 509 4701 nullum.
