3044 5174
131 285 196 349 408
627 279 833 335 Sacramentum
851 279 962 335 ordinis.

220 457 356 524 Sodales
379 457 526 523 ordinum
550 457 666 523 stricte
689 456 859 536 dictorum,
885 458 924 523 de
948 458 1064 541 quibus
1087 457 1185 524 Pius
1208 458 1255 523 IX
1281 460 1322 524 19
1347 457 1450 525 Martii

135 549 216 612 1857
243 546 548 623 θ11211111111858,
572 547 614 611 ad
637 569 746 612 sacros
769 547 898 612 ordines
922 547 1019 613 titulo
1043 547 1249 632 paupertatis
1270 548 1452 631 promoveri

130 640 297 718 nequeunt
319 640 398 702 ante
421 636 610 701 sollemnem
634 636 886 720 professionem:
911 657 1012 719 quare
1031 636 1064 702 in
1081 658 1159 703 casu
1175 636 1386 703 necessitatis
1400 658 1452 720 po-

131 725 196 792 tius
220 725 420 808 dispensatio
444 724 591 807 roganda
614 729 681 802 est,
715 728 753 790 ut
774 725 874 791 liceat
897 730 975 791 ante
998 725 1166 810 expletum
1189 725 1369 793 triennium
1399 746 1452 791 vo·

131 819 238 880 torum
261 813 455 898 simplicium
479 813 713 898 professionem
742 814 933 879 sollemnem
963 815 1088 893 facere,
1120 835 1219 898 quam
1248 819 1288 881 ut
1317 813 1391 880 sine
1419 835 1454 879 ea

131 904 230 969 liceat
251 924 363 968 sacros
387 903 517 968 ordines
540 902 716 986 suscipere.

69 1036 122 1089 714
220 1028 273 1092 An
296 1046 487 1103 ouaxsrrun
511 1028 560 1092 2³.
607 1025 810 1109 Responsum
840 1029 943 1109 patet.
990 1024 1069 1090 (lum
1091 1046 1133 1090 ne
1162 1045 1222 1108 pro
1252 1025 1293 1091 iis
1329 1025 1453 1107 quidem

131 1116 186 1198 qui
202 1115 343 1199 simplex
359 1113 563 1198 paupertatis
579 1118 692 1179 votum
709 1114 897 1191 emiserunt,
914 1113 1197 1180 indiscriminatim
1212 1114 1327 1180 valeat
1343 1115 1454 1181 titulus

131 1204 347 1289 paupertatis,
371 1204 473 1269 multo
496 1203 604 1268 miuus
626 1225 686 1288 pro
708 1203 842 1270 novitiis
865 1203 977 1268 valere
999 1206 1120 1287 potest,
1145 1203 1259 1286 quire
1282 1203 1357 1288 ipsa
1379 1226 1454 1288 pau·

131 1297 262 1378 portate
298 1293 447 1359 obstricti
484 1292 626 1358 nondum
665 1297 752 1359 sunt.
805 1293 922 1375 Neque
959 1293 1050 1359 valet
1081 1313 1142 1376 pro
1174 1291 1308 1358 novitiis
1343 1292 1456 1360 titulus

132 1403 264 1447 mensae
294 1382 488 1459 communis,
520 1403 593 1447 cum
623 1382 786 1448 stabiliter
816 1403 882 1447 non
911 1381 979 1448 sint
1009 1381 1258 1465 congregationi
1281 1382 1454 1465 religiosae

132 1471 318 1554 aggregati.

220 1597 273 1661 Au
296 1615 487 1671 onaxsirunr
503 1596 542 1658 31ι
566 1593 604 1659 R.
624 1597 652 1660 1.
685 1593 764 1658 (lum
787 1592 850 1678 ipsi
873 1594 973 1659 etiarn
997 1592 1120 1659 alumni
1142 1591 1287 1661 instituti
1305 1596 1454 1659 votorum

131 1683 324 1768 simplicium
349 1683 420 1749 iure
443 1682 603 1748 communi
628 1682 719 1747 illum
742 1683 887 1749 habeant
909 1682 1097 1767 episcopum
1127 1681 1313 1767 proprium,
1344 1704 1367 1749 a
1397 1703 1454 1765 quo

132 1774 185 1839 vel
209 1794 282 1838 cum
306 1772 396 1838 cuins
420 1771 555 1837 licentia
577 1770 749 1837 ordinandi
772 1771 854 1849 sint,
880 1792 976 1854 quern
999 1772 1123 1838 habent
1144 1772 1349 1837 saeculares:
1383 1771 1455 1837 ida

131 1862 268 1928 fortiore
295 1862 387 1928 valet
418 1861 458 1926 de
490 1881 602 1926 eorum
634 1860 783 1939 novitiis,
819 1860 849 1926 si
880 1861 1009 1943 quando
1041 1860 1174 1928 titulum
1206 1860 1455 1928 sustentationis

131 1951 318 2036 patrimonii
342 1955 404 2017 etc.
429 1950 582 2016 habeant.

219 2058 258 2123 R.
284 2061 314 2123 2.
355 2057 419 2123 Sed
451 2056 563 2140 quaeri
595 2060 706 2140 potest
737 2060 846 2122 utrum
869 2055 917 2121 illi
940 2055 1071 2121 ordines
1094 2054 1237 2138 religiosi
1262 2060 1297 2122 et
1320 2075 1455 2138 congre·

131 2146 298 2230 gationes‚
323 2167 407 2229 quae
430 2146 554 2212 babent
576 2144 784 2229 privilegium
808 2145 992 2212 dimittendi
1016 2166 1093 2211 suos
1117 2146 1160 2210 ad
1182 2146 1349 2230 quenlibet
1373 2144 1455 2211 anti-

132 2237 245 2303 stitem
268 2256 327 2319 pro
351 2256 447 2300 sacra
470 2234 691 2311 ordinatione,
715 2235 777 2299 hoc
799 2233 990 2318 privilegio,
1015 2234 1135 2316 aliique
1159 2234 1291 2300 ordines
1314 2233 1456 2318 religiosi

131 2332 283 2391 votorum
313 2323 519 2389 sollemnium
548 2322 760 2407 dispositione
789 2322 869 2388 iuris
899 2324 1080 2389 communis
1109 2325 1158 2388 ati
1191 2325 1316 2408 possint
1353 2324 1456 2410 quood

130 2417 284 2480 novitiam
314 2413 369 2495 qui
399 2413 496 2479 titulo
526 2412 776 2479 sustentationis
806 2412 943 2494 aliisque
973 2411 1138 2496 requisitis
1176 2412 1358 2479 instructus
1398 2416 1455 2489 est,

132 2524 173 2568 an
199 2502 343 2568 novitius
365 2502 513 2584 indigeat
535 2500 727 2567 dimissoriis
742 2501 863 2567 litteris
879 2505 931 2567 sui
948 2501 1103 2567 ordinarii
1119 2500 1255 2582 originis
1270 2501 1325 2566 vel
1342 2501 1457 2585 prioris

132 2591 284 2657 domicilii
316 2591 371 2656 vel
402 2591 568 2668 beneficii,
602 2590 629 2656 si
653 2590 739 2672 qnod
762 2594 885 2656 teneat.
933 2590 1027 2656 Prius
1059 2611 1119 2675 pro
1151 2589 1312 2674 probabili
1342 2589 1456 2669 babeo,

132 2682 229 2764 idque
253 2679 351 2747 etiam
376 2701 418 2745 ex
441 2680 591 2747 doctrina
615 2681 647 2746 S.
672 2680 875 2763 Alphonsi
900 2680 956 2755 Vl,
983 2683 1057 2746 765.

222 2787 266 2854 ut
301 2807 496 2869 quamquam
532 2808 574 2852 ex
609 2807 765 2868 responso
800 2807 900 2870 supra
932 2786 1033 2851 allato
1069 2784 1116 2865 (in
1151 2789 1230 2851 nota
1264 2807 1340 2869 pag.
1379 2784 1455 2866 407)

133 2876 165 2941 11
189 2876 297 2959 colligi
321 2875 441 2959 possit,
474 2896 539 2941 non
562 2875 724 2940 verificari
748 2875 787 2939 de
811 2875 1009 2940 monasterio
1032 2875 1192 2939 rationem
1223 2874 1378 2940 domicilii
1408 2896 1457 2940 se·

133 2967 272 3031 cundum
307 2986 437 3029 sensum
473 2970 577 3033 const.
612 2965 747 3032 Innoc.
780 2964 859 3041 XII;
894 2967 1005 3029 tamen
1040 2964 1206 3028 sciendum
1242 2969 1295 3031 est
1329 2963 1458 3029 ordines

133 3055 248 3122 stricte
272 3054 441 3136 religiosos
464 3054 573 3136 quoad
596 3053 835 3119 ordinationem
858 3073 991 3117 suorum
1015 3074 1080 3117 non
1103 3053 1174 3135 regi
1204 3052 1266 3117 bac
1298 3053 1458 3119 constitu·

132 3145 237 3220 tione,
277 3143 335 3208 sed
370 3147 472 3209 const.
510 3142 665 3208 Bened.
702 3143 797 3218 XIV,
838 3146 938 3223 atque
977 3142 1009 3205 in
1043 3140 1280 3206 favorabilibus
1315 3142 1458 3209 novitios

133 3233 295 3387 reliffiosis
328 3253 424 3314 posse
459 3230 676 3316 aequiparari.
731 3231 778 3296 cf.
813 3231 913 3296 etiam
946 3230 1342 3297 Ballerini-Palm.
1377 3232 1399 3297 l.
1433 3253 1458 3297 c.

133 3344 164 3388 n.
238 3374 245 3387 .

72 3458 123 3510 715
222 3446 274 3508 Au
290 3465 481 3519 ouaasrruu
497 3443 591 3510 4111.
611 3447 639 3510 1.
671 3441 884 3524 Privilegium
908 3441 1119 3525 dispensandi
1141 3462 1162 3506 a
1181 3440 1331 3524 legitima
1347 3447 1458 3509 aetate

134 3534 218 3614 quod
243 3533 414 3615 episcopus
438 3533 555 3598 dicitur
578 3532 741 3609 habuisse,
766 3531 853 3596 circa
875 3531 1063 3612 religiosum
1087 3550 1243 3596 exercere
1259 3552 1324 3595 non
1341 3533 1459 3614 potuit,

133 3623 195 3687 nisi
218 3622 304 3687 forte
327 3643 386 3706 pro
409 3621 488 3699 eius,
513 3625 627 3705 utpote
642 3620 767 3697 novitii,
793 3620 945 3704 episcopo
964 3620 1094 3704 proprio
1111 3624 1242 3703 poterat
1258 3620 1459 3686 considerari

134 3733 271 3793 eumque
304 3716 341 3776 ut
372 3732 465 3775 suum
498 3711 663 3776 subditum
695 3709 868 3775 ordinavit.
901 3710 948 3777 Cf.
982 3713 1015 3776 S.
1052 3710 1112 3792 Off.
1144 3710 1175 3775 d.
1207 3712 1226 3774 9
1258 3707 1339 3793 Apr.
1375 3712 1457 3776 1727

133 3800 268 3883 (Collect.
293 3803 326 3867 S.
352 3802 465 3886 Conqr.
491 3802 531 3865 dc
553 3801 648 3885 Prop.
675 3801 756 3864 Fide
778 3821 809 3864 n.
838 3801 946 3880 1172).

224 3908 260 3972 lt.
287 3911 315 3972 2.
355 3906 567 3988 Privilegium
590 3906 669 3971 illud
693 3905 902 3989 dispensandi
925 3905 957 3970 in
983 3908 1094 3970 aetate
1124 3903 1274 3986 legitima
1307 3910 1461 3971 censetur

133 4001 261 4062 tantum
291 3997 403 4062 valere
433 3996 539 4077 quoad
569 3996 852 4079 presbyteratum:
884 3996 916 4059 S.
944 3995 1004 4078 Off.
1037 3997 1076 4058 21
1108 3993 1177 4060 lan.
1205 3995 1290 4058 1734
1321 3994 1459 4072 (Collect.

134 4089 166 4153 S.
193 4088 305 4169 Conpr.
338 4087 377 4151 de
400 4087 497 4170 Prop.
521 4086 603 4150 Fide
626 4107 657 4151 n.
685 4082 783 4163 1173)
808 4083 849 4148 ad
873 4084 1014 4168 archiep.
1040 4083 1149 4148 Colon.
1194 4081 1358 4147 Nimirum
1390 4084 1460 4168 ipse

133 4195 278 4239 summus
302 4174 450 4258 pontifex
474 4174 581 4256 quoad
605 4177 749 4239 aetatem
771 4173 1024 4238 subdiaconatus
1040 4194 1104 4236 non
1121 4171 1206 4236 solet
1222 4192 1377 4253 umquam
1395 4173 1459 4238 dis·

133 4285 288 4346 pensare;
319 4285 377 4347 pro
409 4264 584 4329 diaconatu
614 4284 759 4347 perraro.
808 4261 1017 4342 Privilegium
1041 4261 1121 4326 illud
1151 4261 1313 4345 episcopis
1346 4261 1460 4327 datum

133 4354 218 4418 solet
241 4373 329 4431 esse,
361 4358 397 4417 ut
420 4352 546 4435 possint
570 4352 611 4417 ab
634 4352 756 4417 aetatis
780 4350 908 4416 defectu
945 4351 1047 4425 „infra
1078 4354 1216 4415 annum“
1250 4350 1458 4433 dispensare;

134 4464 278 4506 summus
301 4441 451 4524 pontifex
475 4442 643 4525 dispensat
666 4439 840 4522 aliquando
857 4461 958 4521 usque
976 4440 1016 4504 ad
1036 4442 1075 4503 18
1093 4460 1221 4503 menses
1237 4439 1459 4523 (Gasparri

134 4552 164 4595 n.
191 4532 269 4611 493)
293 4539 320 4596 et
346 4534 440 4609 ultra,
466 4552 529 4594 non
554 4535 665 4596 tamen
689 4530 730 4594 ad
755 4533 835 4594 duos
860 4550 963 4593 annos
986 4529 1142 4609 integros.
