3044 5174
317 312 464 368 Extremae
484 312 618 366 unctionis
636 309 825 383 suscipiendae
844 308 961 363 facultas
980 315 1008 364 et
1025 309 1164 378 obligatio.
1336 313 1400 377 387

166 489 286 554 Elbel
317 490 337 555 l.
363 511 389 556 c.
421 509 452 556 n.
477 491 559 554 219:
593 487 791 566 „Necessum
820 485 952 552 minime
982 492 1034 553 est
1063 489 1101 551 ut
1130 485 1276 551 infirmus
1305 487 1401 571 plene

76 581 252 661 recuperet
273 578 450 644 sanitatem
475 584 509 644 et
532 578 636 643 denuo
659 576 783 642 incidat
805 575 839 640 in
868 574 974 640 simile
1005 575 1201 659 periculum:
1231 575 1289 640 sed
1319 577 1401 641 satis

75 669 128 732 est
151 668 217 732 iam
242 666 282 732 de
304 688 391 732 novo
415 667 539 732 instare
562 667 759 749 periculum:
784 664 961 747 quinimmo
981 664 1112 732 tametsi
1130 664 1299 746 antiquum
1316 663 1401 748 peri·

76 756 196 833 culum,
220 778 285 821 non
309 760 418 822 tamen
442 755 490 821 ita
514 776 644 837 argona,
670 775 742 819 cum
766 753 902 835 antiqua
925 753 1130 835 aegritudine
1146 759 1335 836 perseveret
1351 752 1402 834 (ut

76 845 268 927 frequenter
284 845 403 910 accidit
418 845 453 910 in
468 844 684 920 asthmaticis,
709 842 904 926 hydropicis,
929 843 1108 926 phthisicis,
1133 841 1307 924 inquibus,
1327 865 1402 926 per·

76 941 240 999 reverante
262 936 373 999 radice
396 936 626 1020 aspritudine,
651 929 962 1016 saepe'notabiliter
985 931 1135 998 variatur
1157 934 1265 996 status
1289 931 1402 1007 morbi,

76 1027 114 1089 ut
138 1022 235 1088 modo
258 1027 355 1088 extm
378 1023 556 1106 periculum
580 1022 766 1099 videantur,
789 1020 885 1085 modo
908 1020 1026 1087 iterum
1050 1021 1084 1085 in
1102 1020 1247 1105 periculo
1263 1020 1401 1104 mortis),

77 1112 255 1179 accedente
278 1132 362 1176 novo
385 1111 530 1195 periculo
553 1117 691 1196 possunt
714 1111 818 1176 denuo
842 1109 920 1193 ungi
944 1110 1067 1193 absque
1090 1110 1270 1194 scrupulo.“

168 1218 207 1285 R.
232 1220 262 1286 3.
301 1217 397 1283 Unde
420 1217 568 1283 concludi
591 1218 688 1283 debet
711 1216 884 1295 loannam,
920 1216 947 1281 si
978 1238 1064 1282 nunc
1086 1216 1119 1281 in
1145 1237 1265 1299 urgens
1288 1217 1403 1282 mortis

77 1306 258 1392 periculum
283 1307 389 1372 denuo
412 1306 582 1383 inciderat,
606 1306 752 1390 potuisse
775 1326 856 1371 sane
879 1305 985 1370 denuo
1009 1306 1103 1388 ungi:
1128 1306 1226 1371 immo
1249 1306 1281 1370 id
1298 1306 1403 1389 magis

78 1395 270 1549 convergire,
302 1416 399 1478 quam
421 1394 607 1461 unctionem
631 1417 696 1460 non
726 1398 892 1479 repetere:
925 1399 962 1461 at
991 1395 1141 1462 strictam
1172 1395 1402 1478 obligationem

77 1506 143 1550 non
166 1505 187 1550 a
211 1504 292 1551 esse.

167 1608 221 1672 Ao
245 1627 436 1682 ouaasmou
460 1609 498 1670 2³
522 1605 560 1672 R.
589 1609 616 1672 l.
649 1606 793 1670 Excluso
816 1626 894 1670 casu
918 1604 1140 1682 necessitatis,
1173 1604 1206 1670 in
1230 1627 1295 1687 qua
1317 1606 1465 1690 peri-680

78 1697 189 1762 culum
212 1696 256 1762 sit
279 1696 312 1760 in
336 1717 437 1773 mora,
462 1695 587 1761 servari
611 1694 709 1760 debet
728 1693 897 1777 dispositio
912 1692 1063 1773 Ritualis,
1088 1698 1125 1760 ut
1140 1695 1250 1761 unctio
1267 1695 1403 1760 admini-

77 1789 205 1852 stretur
228 1806 249 1851 a
272 1787 415 1869 parocho
438 1784 472 1866 a)
496 1783 730 1868 superpelliceo
754 1788 788 1850 et
812 1784 898 1850 stola
920 1782 1050 1861 induto,
1082 1783 1118 1867 b)
1136 1782 1320 1850 adiuvante
1342 1784 1402 1849 mi-

78 1876 199 1951 nistro,
223 1874 256 1956 c)
280 1894 375 1939 cereo
398 1886 546 1950 accenso,
571 1873 605 1949 d)
629 1872 817 1957 praemissis
840 1871 1042 1938 orationibus
1064 1871 1097 1937 in
1121 1873 1245 1938 Rituali
1269 1873 1401 1940 notatis.

79 1968 239 2031 Attamen
263 1965 362 2029 etiam
386 1966 483 2028 extra
506 1963 737 2028 necessitatem
768 1983 833 2027 non
866 1960 974 2027 omnia
1005 1961 1249 2045 praecipiuntur
1278 1962 1402 2045 obliga-

79 2053 168 2120 tione
189 2055 292 2137 9raoi.
675 2112 679 2120 .

170 2158 208 2224 R.
234 2161 264 2226 2.
305 2159 414 2225 Grave
437 2161 489 2224 est
512 2161 609 2224 extra
631 2156 880 2222 necessitatem:
916 2157 950 2240 a)
973 2178 1101 2222 omnem
1124 2162 1250 2224 vestem
1274 2179 1403 2223 sacram

80 2248 251 2324 omittere:
274 2246 309 2329 b)
332 2267 447 2331 preces
469 2246 544 2313 illas
567 2265 651 2329 quae
674 2246 706 2312 in
723 2245 847 2311 Rituali
870 2249 949 2312 ante
967 2245 1154 2312 unctionem
1177 2253 1212 2313 et
1234 2251 1310 2331 post
1329 2268 1401 2312 eam

77 2338 345 2422 praescribuntur
367 2335 529 2412 omittere,
553 2336 615 2400 nisi
639 2339 775 2400 excuset
797 2335 956 2401 materiae
978 2335 1136 2418 parvitas,
1159 2357 1191 2402 ν.
1216 2357 1248 2418 g.
1273 2336 1403 2402 omissio

79 2427 176 2491 unius
206 2424 364 2490 orationis
393 2429 523 2491 tantum
553 2425 681 2507 (verum
711 2423 796 2489 aliae
818 2444 949 2507 preces,
982 2445 1013 2490 v.
1037 2445 1069 2507 g.
1094 2424 1210 2508 psalmi
1234 2425 1404 2510 paeniten-

79 2515 180 2581 tiales
203 2519 284 2591 etc,
315 2535 378 2578 non
403 2517 481 2579 sunt
503 2515 543 2578 de
566 2516 759 2596 praecepto,
790 2514 848 2578 sed
872 2514 913 2578 de
936 2513 1070 2578 consilio
1092 2516 1253 2594 tantuml:
1284 2516 1315 2594 c)
1339 2535 1402 2579 non

76 2607 239 2690 peminom
263 2602 449 2668 unctionem
472 2603 582 2668 facere
605 2603 639 2667 in
662 2602 821 2680 sensibus,
846 2601 900 2667 ubi
923 2603 1174 2685 praescribitur:
1199 2604 1233 2685 d)
1257 2603 1402 2669 ordinem

79 2693 269 2760 unctionum
286 2691 476 2758 notabiliter
499 2692 552 2757 vel
573 2713 615 2756 ex
631 2695 820 2775 contemptu
835 2697 1037 2775 pervertere.
1069 2691 1117 2758 cf.
1137 2694 1194 2760 Th.
1211 2715 1251 2761 m.
1268 2693 1309 2770 ΙΙ,
1328 2695 1402 2759 574.

171 2798 209 2865 R.
236 2801 266 2864 3.
306 2798 415 2864 Grave
438 2802 610 2882 peccatum
634 2818 698 2863 non
722 2802 789 2874 est,
814 2797 871 2862 sed
895 2797 1024 2863 veniale
1047 2798 1109 2863 nisi
1132 2799 1217 2865 ratio
1241 2820 1403 2864 excusans

81 2888 235 2954 accedat:
260 2884 294 2969 a)
318 2887 470 2953 omittere
493 2887 597 2952 solum
621 2886 890 2971 superpelliceum
914 2887 967 2952 vel
990 2886 1094 2952 solam
1116 2888 1235 2953 stolam
1255 2888 1403 2970 (gravius

80 2983 193 3044 tamen
206 2997 322 3043 censeo
335 2997 408 3041 esse
424 2976 575 3042 omittere
591 2977 709 3043 stolam
726 2997 824 3058 quam
835 2976 941 3040 solum
952 2977 1238 3060 superpelliceum;
1256 2977 1289 3058 b)
1306 2977 1402 3043 omit·

79 3072 152 3134 tere
176 3086 306 3131 cereum
333 3085 521 3138 accensum:
553 3064 584 3147 c)
614 3069 855 3130 sacramentum
884 3064 1113 3131 administrare
1142 3065 1212 3130 sine
1242 3066 1401 3146 ministro,

79 3155 108 3221 si
131 3154 281 3221 minister
303 3154 472 3219 commode
494 3152 649 3219 habetur:
678 3153 819 3236 alioquin
843 3153 996 3219 sacerdos
1018 3154 1088 3238 ipse
1111 3154 1171 3219 sibi
1195 3155 1401 3238 respondeat.

170 3243 301 3309 Deferri
330 3246 439 3308 autem
469 3263 598 3309 sacrum
630 3244 735 3308 oleum
766 3242 807 3307 ad
837 3246 1009 3325 aegrotum
1038 3263 1059 3307 a
1088 3243 1259 3309 sacerdote
1288 3265 1402 3329 super·

79 3333 218 3418 pelliceo
241 3337 276 3399 et
298 3334 385 3398 stola
407 3354 472 3397 non
495 3332 608 3397 induto
631 3337 800 3416 peccatum
826 3353 890 3397 non
914 3335 975 3400 est.
1021 3332 1139 3410 Immo,
1170 3332 1198 3397 si
1221 3334 1325 3398 solum
1349 3356 1402 3401 sa-

78 3443 171 3489 crum
197 3423 302 3488 oleum
326 3422 488 3507 defertur,
519 3421 599 3486 illud
622 3422 692 3486 sine
714 3421 782 3487 ulla
804 3425 898 3487 veste
921 3442 1017 3487 sacra
1043 3421 1092 3487 ita
1120 3422 1288 3489 deferendi
1317 3424 1401 3491 ratio

81 3533 155 3579 esse
178 3515 298 3595 potest,
324 3531 364 3575 ne
388 3510 519 3576 obviam
542 3510 712 3576 venientes
734 3510 901 3587 fallantur,
925 3515 1080 3594 putantes
1102 3533 1232 3578 sacrum
1248 3512 1402 3579 viaticum

80 3601 219 3677 deferri;
244 3599 578 3689 prohibitumtverum
603 3604 654 3666 est
677 3599 848 3682 quominus
871 3620 999 3665 sacrum
1024 3601 1129 3666 oleum
1153 3600 1322 3667 deferatur
1338 3602 1402 3668 sol-

79 3690 233 3755 lemniter
255 3712 324 3756 cum
348 3692 475 3757 lamine.

171 3778 224 3843 Ex
247 3778 363 3861 quibus
386 3777 527 3843 efficitur
550 3777 656 3858 quoad
681 3797 791 3842 casum
815 3776 1018 3860 propositum
1041 3777 1246 3844 Almachium
1276 3800 1340 3844 non
1368 3779 1400 3843 in

81 3866 231 3933 omnibus
259 3871 350 3933 recte
379 3867 502 3949 egisse:
536 3866 635 3932 immo
665 3887 738 3931 eum
768 3865 927 3931 obiective
956 3866 1106 3948 graviter
1137 3867 1271 3932 laesisse
1303 3867 1401 3934 ritum

81 3956 329 4041 praescriptum,
354 3977 425 4020 cum
451 3955 579 4020 omissis
603 3954 750 4021 omnibus
766 3955 915 4038 precibus
930 3956 1043 4021 statim
1060 3956 1218 4040 inciperet
1233 3956 1401 4021 unctiones

81 4067 152 4111 cum
178 4065 239 4111 sua
261 4044 366 4110 forma
389 4044 636 4110 sacramentali:
660 4044 834 4110 venialiter
857 4049 985 4122 autem,
1010 4046 1062 4110 vel
1086 4045 1113 4110 si
1137 4065 1173 4110 re
1196 4065 1276 4110 vera
1299 4045 1401 4109 admi·

82 4135 167 4200 ratio
190 4133 336 4199 timenda
360 4138 432 4199 erat
455 4156 496 4199 ne
519 4133 694 4199 venialiter
717 4133 863 4216 quidem,
894 4137 989 4199 utens
1013 4136 1084 4200 sola
1112 4134 1215 4210 stola,
1249 4134 1401 4199 omittens

82 4244 212 4289 cereum
236 4226 271 4289 et
292 4223 485 4289 ministrum.
