3044 5174
137 281 203 346 344
593 275 799 331 Sacramentum
816 273 1008 346 paenitentiae.

137 476 210 520 rum
233 458 268 520 et
290 452 338 519 rei
360 451 533 518 familiaris
555 452 744 534 neglectam
775 450 850 516 dein
879 448 1070 531 iniungatur
1091 448 1268 516 Lamberto
1290 449 1397 529 serio,
1428 457 1470 519 ut

137 543 239 609 finitis
261 541 403 624 negotiis
426 541 539 608 statim
561 540 696 606 recedat
725 540 921 617 etaberua,
951 559 1036 604 neve
1065 537 1204 623 amplius
1234 538 1327 623 potui
1357 539 1468 605 indul-

137 636 225 715 geat.
281 630 372 708 Quod
406 630 434 695 si
468 629 554 694 serio
588 628 770 714 promittit,
812 627 1073 712 experimentum
1106 627 1178 693 fieri
1211 627 1344 706 licebit,
1386 650 1465 694 num

136 720 306 806 promissis
329 722 407 787 stet.
437 718 560 796 Quibus
582 719 610 783 si
633 739 698 784 non
721 717 862 794 steterit,
888 717 1034 783 severius
1057 717 1250 784 tractandus
1274 738 1383 800 neque
1406 719 1466 785 ab·

137 810 313 876 solvendus
335 813 397 885 est,
422 808 525 874 donec
547 807 600 873 vel
626 806 887 873 emendationem
910 805 1108 884 ostenderit,
1133 805 1188 871 vel
1210 826 1280 870 rem
1302 806 1352 873 ita
1376 828 1468 874 corn·

137 898 293 984 posuerit,
318 903 356 964 ut
378 897 448 962 sine
471 896 563 963 aditu
587 897 629 961 ad
653 896 827 963 tabernam
849 895 985 978 negotia
1007 895 1113 979 possit
1135 898 1291 962 tractare.

547 1105 724 1173 OCCASIO
749 1105 967 1171 PEGCANDI
990 1104 1058 1188 (V).

705 1273 815 1340 Casus.
835 1281 912 1349 (175)

223 1423 333 1483 Lucius
353 1423 470 1483 iuvenis
491 1444 550 1483 non
571 1443 640 1483 raro
663 1423 923 1500 comparentibus
952 1423 1122 1498 frequentat
1142 1421 1261 1498 publica
1282 1423 1466 1499 spectacula,

137 1501 271 1574 choreae,
292 1504 440 1580 privatam
461 1505 578 1564 domum
599 1504 736 1575 vicinam,
759 1523 815 1579 quo
837 1503 1003 1578 complures
1023 1501 1155 1561 familiae
1177 1503 1365 1562 conveniant.
1409 1503 1466 1562 Sed

136 1581 168 1641 in
189 1583 324 1642 omnibus
345 1583 405 1643 illis
427 1584 634 1644 occasionibus
655 1602 745 1660 saepe
759 1584 862 1659 lapsus
877 1586 924 1641 est
937 1582 968 1641 in
982 1601 1077 1659 prava
1098 1581 1253 1654 desideria,
1275 1601 1342 1641 cum
1364 1583 1468 1642 audiat

138 1667 168 1722 et
182 1664 282 1723 videat
304 1683 352 1723 res
367 1671 398 1724 et
411 1665 538 1724 vestitus
554 1684 657 1740 parum
671 1663 812 1738 honesta;
835 1668 984 1739 parentes,
1005 1661 1167 1739 periculum
1180 1681 1241 1721 uon
1255 1659 1466 1738 agnoscentes,

136 1744 242 1804 volunt
262 1748 295 1803 ut
314 1744 394 1803 lilius
415 1744 503 1804 huius
525 1743 637 1803 saeculi
659 1742 857 1818 cognitionem
879 1743 994 1820 capiat,
1023 1761 1080 1818 quo
1107 1740 1230 1802 liberius
1257 1748 1365 1819 postea
1385 1743 1468 1803 vitae

137 1828 249 1883 statum
270 1824 370 1899 eligat.

137 1946 314 2018 Qunamuua
335 1945 403 2024 quid
424 1946 516 2006 Lucio
536 1946 691 2022 iniungere
713 1947 820 2005 debeat
840 1944 1050 2005 confessarius.

732 2146 870 2214 Solutio.

74 2310 128 2366 604
226 2300 265 2365 R.
293 2302 321 2364 1.
368 2297 444 2363 Sine
468 2297 563 2363 dubio
587 2297 706 2363 Lucius
730 2319 795 2363 non
817 2301 950 2364 tenetur
979 2296 1012 2362 in
1041 2296 1130 2363 hisce
1153 2297 1250 2363 rebus
1273 2298 1468 2382 parentibus

137 2388 298 2455 oboedire.
330 2385 417 2452 Nam
440 2387 661 2454 abstractione
685 2386 774 2453 facta
798 2408 818 2452 a
841 2386 1023 2453 subiectiva
1038 2386 1129 2452 Lucii
1152 2386 1376 2470 dispositione,
1402 2408 1467 2470 qna

136 2477 265 2543 facilius
289 2475 442 2543 videatur
465 2475 662 2541 commoveri
686 2479 720 2540 et
743 2475 907 2541 difficilius
930 2476 991 2540 sibi
1014 2497 1112 2559 posse
1129 2475 1309 2560 imperare:
1334 2481 1468 2561 specta-

137 2567 211 2632 cula
232 2566 290 2631 illa
313 2564 451 2647 aliaque,
477 2585 561 2647 quae
583 2568 740 2649 parentes
762 2564 964 2647 frequentari
981 2565 1105 2643 volunt,
1131 2569 1208 2631 sunt
1230 2586 1284 2630 res
1300 2586 1409 2631 vanae
1432 2569 1467 2631 et

136 2655 284 2731 inutiles,
318 2659 417 2737 atque
441 2675 617 2735 numquam
641 2675 704 2718 non
729 2653 949 2735 periculosae,
981 2652 1044 2719 etsi
1073 2675 1138 2719 non
1162 2674 1293 2738 semper
1315 2655 1468 2738 graviter

136 2745 348 2829 periculosae.
402 2743 524 2808 Verum
557 2747 595 2809 ut
629 2743 789 2808 inutiliter
824 2763 897 2807 sese
930 2748 1075 2825 exponat
1110 2741 1268 2807 eiusmodi
1298 2743 1465 2827 periculis,

137 2833 226 2916 adigi
250 2854 345 2898 nemo
368 2837 489 2916 potest.

225 2949 264 3015 R.
297 2951 327 3015 2.
373 2946 593 3013 Nihilominus
623 2967 726 3028 grave
757 2946 887 3011 omnino
918 2967 990 3011 esse
1019 2950 1131 3030 potest
1156 2947 1241 3026 filio,
1272 2947 1467 3032 parentibus

137 3037 306 3116 obsistere,
324 3057 363 3102 ac
377 3041 553 3120 propterea
569 3035 725 3101 eiusmodi
737 3035 1008 3119 spectaculorum,
1026 3037 1218 3102 chorearum
1230 3041 1293 3103 etc.
1309 3037 1467 3121 frequen·

136 3127 230 3206 tatio,
256 3147 340 3208 quae
354 3125 455 3190 Lucio
472 3128 525 3190 est
539 3123 697 3209 peccandi
713 3125 852 3201 occasio,
877 3124 1006 3190 occasio
1022 3125 1130 3207 aliquo
1154 3146 1253 3191 sensu
1276 3126 1468 3201 necessaria

137 3221 196 3282 est.
244 3215 351 3291 Quare
375 3214 487 3279 videre
510 3218 571 3292 est,
596 3235 674 3279 num
696 3213 801 3297 possit
824 3214 906 3278 haec
930 3214 1077 3291 occasio,
1102 3214 1257 3282 adhibitis
1280 3214 1466 3299 praesidiis,

135 3304 227 3369 reddi
250 3306 394 3381 remota,
420 3307 519 3385 atque
542 3303 590 3368 ita
612 3303 712 3367 Lucio
735 3304 883 3387 permitti.
931 3303 1096 3368 Doceatur
1119 3304 1236 3387 igitur,
1261 3308 1299 3369 ut
1323 3303 1356 3369 in
1380 3305 1466 3370 eius·

135 3393 223 3458 modi
246 3391 470 3458 occasionibus
486 3393 589 3457 Deum
615 3395 822 3474 praesentem
846 3390 980 3473 cogitet,
1005 3391 1046 3456 ad
1063 3411 1136 3456 eum
1152 3392 1281 3474 gratiae
1304 3393 1465 3459 auxilium

136 3486 252 3567 petens
275 3485 417 3545 mentem
441 3481 564 3557 elevet3
595 3481 623 3545 si
647 3502 711 3562 qua
735 3480 959 3546 inhonestiora
981 3480 1160 3564 spectanda
1184 3482 1381 3561 offerantur,
1412 3484 1465 3548 vel

135 3572 206 3655 ipse
241 3569 490 3635 commotionem
520 3569 677 3646 senserit,
713 3572 750 3634 ut
779 3569 890 3634 oculos
921 3574 1070 3649 avertat,
1107 3570 1261 3636 demittat
1290 3575 1393 3654 atque
1424 3573 1468 3637 ab

136 3661 297 3743 applausu
332 3658 515 3734 abstineat;
556 3658 705 3724 similiter
741 3658 774 3722 in
810 3658 1050 3739 frequentanda
1086 3659 1182 3724 domo
1219 3658 1329 3725 vicina
1366 3661 1465 3726 collo-

137 3749 214 3831 quia
245 3747 399 3813 liberiora
428 3747 547 3813 nedum
578 3748 647 3831 ipse
678 3748 829 3824 omittat,
863 3747 921 3811 sed
952 3749 993 3812 ab
1023 3747 1097 3814 aliis
1126 3748 1258 3831 incepta
1281 3750 1467 3832 perturbet,

136 3842 276 3921 quaerat
303 3858 376 3902 curn
399 3836 439 3902 iis
463 3837 651 3902 conversari
674 3836 729 3920 qui
752 3835 955 3901 honestiores
978 3836 1054 3902 siut.
1101 3836 1221 3912 Quodsi
1245 3837 1329 3903 satis
1352 3843 1469 3922 sperat

136 3949 172 3993 se
195 3926 257 3992 hoc
280 3927 376 3992 modo
400 3948 473 3992 sese
504 3927 669 3992 continere
699 3946 812 4009 posse,
843 3946 949 4006 neque
979 3947 1018 3990 ea
1051 3945 1134 4007 quae
1158 3925 1335 3992 audiantur
1358 3933 1394 3995 et
1418 3927 1467 3993 vi·

135 4017 275 4082 deantur
304 4015 370 4082 sint
399 4015 433 4080 in
456 4036 492 4080 se
515 4014 662 4097 graviter
686 4016 862 4093 obscoena,
894 4013 1040 4098 permitti
1062 4018 1186 4099 potest,
1212 4020 1249 4082 ut
1272 4016 1468 4100 parentibus

136 4105 330 4188 urgentibus
354 4103 562 4170 obsecundet.

225 4213 289 4278 Sed
312 4212 340 4276 si
364 4210 464 4277 etiam
488 4209 539 4275 his
561 4210 714 4275 remediis
738 4208 892 4275 adhibitis
916 4209 1035 4275 iterum
1059 4208 1242 4294 iterumque
1266 4212 1384 4290 cadat,
1410 4215 1467 4279 de·

136 4323 223 4367 mum
248 4305 361 4385 aperte
384 4299 574 4384 parentibus
606 4299 773 4364 declarare
805 4298 902 4363 debet
932 4321 967 4364 se
998 4299 1085 4364 nolle
1115 4299 1254 4384 amplius
1283 4299 1336 4366 his
1367 4302 1468 4368 rebus

136 4390 354 4462 commisceri;
386 4389 414 4453 si
437 4389 525 4466 vult,
556 4387 677 4453 addere
700 4393 811 4471 potest
834 4408 873 4452 ea
896 4387 958 4452 sibi
982 4410 1055 4453 esse
1079 4388 1175 4453 nimis
1198 4388 1401 4472 periculosa,
1432 4413 1469 4457 se

136 4479 199 4544 Dei
230 4480 433 4544 voluntatem
465 4481 565 4560 atque
595 4477 747 4560 propriae
777 4475 906 4542 animae
937 4478 1076 4543 salutem
1106 4477 1239 4543 lubricis
1270 4480 1403 4562 gaudiis
1434 4486 1469 4547 et

135 4568 277 4632 terrenis
302 4567 506 4632 vanitatibus
530 4567 678 4632 absolute
702 4566 877 4650 praeferre.
