3044 5174
145 321 210 386 460
640 314 846 371 Sacramentum
864 316 974 371 ordinis.

234 496 273 563 a.
299 498 329 561 2.
376 495 499 560 Verum
522 495 604 561 haec
626 494 743 562 ultima
765 516 925 579 personae
949 496 1094 562 condicio
1118 517 1183 561 non
1206 496 1339 562 videtur
1363 518 1470 563 essen·

145 584 270 650 tialiter
306 588 458 669 spectare
495 588 725 668 praeceptum,
759 586 817 650 sed
849 585 1075 670 principaliter
1104 585 1230 651 intendi
1261 588 1372 651 cultus
1405 587 1470 664 Dei,

144 674 215 739 sive
239 678 435 741 exerceatur
457 673 612 756 privatim
637 673 707 739 sive
730 695 751 739 a
774 695 914 758 persona
937 675 1083 759 publica,
1110 679 1210 758 atque
1232 676 1327 759 proin
1352 681 1472 758 negata

145 764 289 846 paritate
306 762 447 846 exempli
464 762 567 841 allati,
583 763 616 826 in
633 784 697 845 quo
712 767 843 847 tempus
857 764 1003 849 pertinet
1018 765 1060 830 ad
1076 764 1238 830 obiectum
1252 765 1472 847 obligationis,
1514 756 1516 775 '

145 852 201 917 alii
225 856 359 917 censent
382 851 535 917 satisfieri
558 873 655 936 posse
679 853 720 917 ab
744 852 922 918 ordinando
947 854 1000 919 vel
1023 853 1221 937 professura,
1244 853 1293 920 ita
1316 860 1365 932 ut,
1392 855 1473 937 quod

146 962 188 1007 ex
212 962 312 1025 penso
337 941 452 1006 diurno
477 940 675 1006 ordinandus
698 941 751 1006 vel
775 942 982 1026 professurus
997 941 1061 1008 iam
1079 942 1279 1020 recitaverit,
1305 942 1473 1010 ordinatus

145 1030 199 1095 vel
222 1031 390 1114 professus
418 1030 538 1096 iterum
561 1028 701 1095 recitare
728 1052 792 1095 non
823 1031 952 1100 debeat.
998 1031 1050 1096 Ita
1072 1031 1201 1114 Lago,
1232 1031 1474 1098 Tamburini

145 1119 232 1203 apud
255 1118 436 1186 Lacroix
460 1119 481 1185 l.
506 1140 534 1187 e.
580 1119 612 1185 S.
637 1119 772 1204 Alpa,
803 1119 865 1186 etsi
895 1120 1064 1204 praeferat
1093 1120 1292 1186 sententiam
1323 1122 1472 1200 alteram,

144 1207 228 1274 hanc
252 1208 332 1274 dicit
354 1230 390 1275 se
413 1209 519 1274 adbuc
537 1208 734 1294 probabilem
757 1212 874 1292 putare
897 1209 968 1293 (IV,
1003 1209 1088 1293 140).
1138 1210 1183 1275 Et
1205 1231 1306 1288 sane,
1330 1211 1472 1277 maxime

145 1295 204 1381 pro
228 1297 382 1380 religioso
405 1297 611 1381 professuro,
643 1297 810 1364 contraria
839 1297 947 1382 opinio
976 1302 1088 1382 potest
1111 1298 1152 1365 ad
1176 1300 1385 1366 consectaria
1408 1300 1473 1366 iere

146 1387 288 1452 absurda
320 1388 448 1453 ducere.
501 1385 568 1452 Fac
598 1390 733 1470 propter
762 1387 825 1453 diei
855 1387 933 1453 festi
963 1387 1163 1470 singularem
1193 1387 1473 1455 circumstantiam

145 1476 345 1559 superiorem
360 1475 494 1541 iussisse
511 1475 644 1541 chorum
660 1480 737 1542 ante
753 1479 883 1560 tempus
899 1481 1091 1543 consuetum
1105 1476 1186 1555 fieri,
1203 1481 1303 1559 atque
1320 1477 1473 1545 Milonem

146 1565 368 1648 professurum
391 1564 486 1630 simul
511 1585 584 1630 cum
608 1564 705 1630 choro
729 1564 794 1630 iam
817 1565 975 1632 recitasse
997 1586 1109 1631 omncs
1124 1566 1222 1632 horas
1238 1587 1380 1649 parvas:
1404 1566 1473 1650 quis

146 1654 267 1720 dixerit
290 1675 362 1719 enm
386 1658 462 1738 post
485 1653 720 1737 professionem
743 1675 865 1737 parvas
887 1655 986 1721 horas
1008 1655 1127 1721 iterum
1150 1654 1292 1721 recitare
1313 1656 1472 1733 debuisse,

146 1743 209 1810 etsi
241 1764 326 1808 nunc
359 1744 487 1808 demum
521 1743 638 1809 titulus
670 1742 812 1809 exsistat
846 1743 879 1808 vi
913 1746 1005 1810 cuius
1039 1743 1156 1810 stricta
1190 1744 1263 1827 lege
1299 1744 1342 1810 ad
1378 1745 1473 1811 horas

145 1836 308 1909 teneatur,
333 1853 405 1897 eum
429 1832 595 1914 hucusque
618 1831 723 1896 solnm
747 1831 913 1899 exstiterit
943 1833 1058 1899 titulus
1081 1831 1113 1897 vi
1142 1831 1233 1898 cuius
1256 1854 1300 1898 ex
1324 1834 1473 1901 decentia

145 1921 281 2002 regulae
319 1922 494 1988 tenebatur
528 1921 581 1986 vel
616 1920 648 1985 vi
685 1921 776 1986 cuius
815 1921 953 2004 obligari
991 1921 1138 1988 strictius
1176 1942 1236 2005 per
1273 1923 1473 2006 superiorem

145 2014 285 2094 poterat.

84 2145 137 2202 800
235 2137 288 2202 An
311 2158 502 2213 onaasrruu
527 2139 566 2202 3¹²¹
589 2136 628 2204 R.
655 2139 683 2203 1.
723 2137 875 2221 Negatur
898 2138 997 2206 etiam
1021 2138 1146 2223 paritas
1170 2138 1313 2221 exempli
1340 2139 1375 2203 in
1399 2161 1473 2204 casu

145 2226 251 2292 relati.
287 2227 374 2292 Nam
398 2231 523 2291 certum
548 2230 600 2292 est
622 2226 855 2308 obligationem
872 2228 1053 2294 audiendae
1069 2227 1189 2292 missae
1205 2248 1277 2293 esse
1293 2228 1337 2294 ad
1352 2228 1473 2295 sancti·

145 2315 290 2381 ficandos
314 2320 421 2381 certos
445 2315 513 2381 dies
537 2315 712 2382 inductam.
746 2317 828 2382 Eam
844 2317 1043 2401 impossibile
1059 2321 1110 2383 est
1125 2316 1271 2401 implere,
1296 2322 1472 2399 antequam

145 2404 200 2469 ille
232 2404 300 2469 dies
324 2405 377 2470 vel
408 2409 446 2470 ut
472 2404 550 2470 talis
583 2403 652 2470 dies
675 2406 729 2470 vel
759 2409 796 2470 ut
826 2405 895 2472 dies
925 2407 1053 2490 publice
1083 2426 1177 2471 sacer
1206 2404 1376 2490 inceperit.
1423 2408 1473 2473 Ita

146 2494 245 2559 ctiam
269 2494 423 2560 satisfieri
445 2494 587 2558 nondum
611 2498 723 2578 potest
745 2515 845 2579 penso
873 2495 972 2561 officii
1002 2494 1103 2560 divini
1134 2494 1264 2574 diurno,
1296 2499 1472 2578 antequam

146 2582 216 2648 dies
239 2583 293 2648 ille
316 2583 475 2666 inceperit
498 2581 568 2648 sive
591 2583 768 2649 secundum
792 2584 920 2650 civilem
936 2585 1006 2650 sive
1021 2583 1200 2649 secundum
1215 2583 1473 2651 ecclesiasticum

147 2677 348 2755 conceptum.
397 2671 461 2737 Sed
482 2671 517 2736 in
540 2677 653 2738 nostro
677 2694 754 2738 casu
785 2673 895 2756 agitur
925 2675 964 2739 de
994 2678 1086 2738 certa
1116 2672 1257 2756 quadam
1284 2674 1473 2739 condicione

146 2782 315 2846 personae,
339 2761 372 2826 in
396 2782 461 2843 qua
484 2760 640 2843 obligatio
665 2763 706 2827 ad
724 2767 847 2828 certam
862 2784 931 2828 rem
955 2762 1120 2841 fundatur,
1146 2783 1230 2845 quae
1254 2762 1399 2845 alioquin
1423 2785 1473 2829 res

147 2849 342 2932 obligatoria
374 2871 438 2915 non
471 2855 553 2916 erat.
609 2851 741 2916 Paritas
773 2857 877 2930 esset,
911 2852 939 2917 si
971 2852 1157 2934 exemplum
1190 2851 1224 2916 in
1259 2873 1339 2916 casu
1372 2852 1472 2918 allato

146 2939 312 3023 paululum
348 2939 575 3022 compleretur.
630 2939 728 3004 Sume
763 2939 864 3022 igitur
902 2962 976 3005 eum
1011 2940 1065 3023 qui
1100 2940 1232 3007 Colonia
1267 2941 1472 3023 Moguntiam

145 3029 376 3113 proficiscitur,
408 3029 473 3093 iarn
504 3050 628 3093 summo
659 3051 755 3094 mane
782 3030 863 3095 hora
892 3034 1011 3112 quarta
1040 3051 1169 3094 sacrum
1199 3028 1354 3095 Coloniae
1384 3031 1473 3096 audi·

147 3118 249 3193 visse,
284 3117 337 3182 nbi
361 3117 451 3182 nulla
474 3123 547 3183 erat
571 3117 744 3199 obligatio,
775 3125 809 3186 et
834 3140 906 3183 eum
931 3123 1048 3202 postea
1072 3119 1158 3183 circa
1180 3118 1294 3183 horam
1322 3122 1384 3184 10¹²
1407 3121 1473 3185 Mo·

146 3208 295 3288 gantiam
329 3207 460 3284 venire,
500 3206 555 3270 ubi
590 3206 746 3288 obligatio
785 3207 938 3273 audiendi
973 3207 1057 3273 sacri
1097 3213 1167 3274 est:
1206 3208 1365 3290 numquid
1402 3231 1472 3275 eum

147 3296 306 3377 obligabis
345 3297 487 3361 secundo
526 3317 620 3361 sacro
659 3295 843 3362 interesse?
898 3297 994 3362 Certe
1032 3317 1127 3362 nemo
1165 3296 1199 3362 id
1237 3295 1366 3364 fecerit.
1423 3299 1473 3364 Ex

146 3386 242 3450 simili
278 3407 356 3450 casn
391 3405 483 3462 eum,
524 3384 578 3467 qui
612 3387 683 3468 ipso
719 3385 774 3450 illo
810 3385 861 3450 die
896 3407 1031 3470 pensum
1071 3385 1169 3450 officii
1205 3385 1306 3451 divini
1343 3386 1472 3465 dixerit,

147 3497 220 3540 cum
250 3474 414 3557 obligatus
444 3473 586 3538 nondum
617 3477 706 3538 esset
728 3495 771 3539 ex
798 3496 858 3540 sua
881 3474 1046 3558 personali
1069 3473 1271 3552 condicione,
1302 3496 1369 3540 non
1395 3477 1472 3541 obli·

147 3563 240 3645 gabis
278 3567 315 3628 ut
351 3562 493 3628 secundo
531 3563 616 3628 idem
653 3563 794 3629 officium
834 3563 970 3641 recitet,
1008 3568 1182 3647 postquam
1220 3563 1290 3628 eins
1328 3564 1472 3632 condicio

147 3654 195 3719 ita
224 3657 352 3718 mutata
381 3652 498 3730 fuerit,
529 3658 567 3719 ut
600 3674 686 3718 nnnc
710 3674 752 3718 ex
787 3652 986 3735 obligatione
1010 3653 1120 3718 facere
1150 3652 1269 3720 debeat
1299 3654 1472 3735 quodiam

147 3741 324 3826 praestitit.

236 3856 274 3925 R.
301 3860 331 3922 2.
378 3857 441 3922 Sed
465 3878 570 3940 neque
593 3861 725 3923 tenetur
753 3858 795 3923 ad
818 3857 959 3941 priorem
983 3860 1111 3941 partem
1135 3856 1233 3922 officii
1254 3857 1367 3938 divini,
1392 3880 1474 3942 quae

146 3947 323 4031 respondet
346 3947 501 4029 tempori,
532 3968 595 4029 quo
619 3949 761 4013 nondum
785 3953 857 4013 erat
881 3947 1055 4028 obligatus,
1102 3947 1188 4011 Nam
1216 3946 1314 4012 officii
1338 3969 1474 4032 pensum

147 4037 314 4112 diurnum,
346 4035 408 4102 etsi
432 4040 542 4101 tractu
566 4036 718 4102 continuo
742 4036 874 4101 recitari
897 4036 992 4100 simul
1018 4039 1133 4122 possit,
1165 4037 1282 4101 saltem
1312 4037 1340 4102 si
1372 4040 1474 4105 ratio·

146 4126 263 4191 nabilis
295 4146 394 4190 cansa
425 4129 492 4203 est,
523 4130 633 4191 tamen
663 4126 712 4191 ita
741 4126 881 4192 recitare
911 4146 1005 4189 nemo
1035 4145 1094 4209 per
1124 4145 1159 4189 se
1190 4129 1338 4204 tenetur,
1371 4149 1474 4212 neque

147 4214 380 4280 convenienter
402 4213 450 4280 ita
472 4214 649 4292 recitatur;
680 4215 737 4279 sed
767 4215 845 4279 illud
871 4214 1021 4279 diurnum
1046 4235 1181 4297 pensum
1208 4217 1259 4279 est
1284 4236 1338 4280 res
1364 4216 1474 4283 divisi·

148 4304 221 4369 bilis
245 4307 279 4369 et
302 4303 486 4382 dividenda,
510 4304 544 4368 in
567 4308 657 4370 certa
677 4308 826 4386 tempora
848 4303 1088 4380 distribuenda3
1114 4324 1132 4367 e
1156 4304 1320 4370 contrario
1345 4327 1473 4371 sacrum

148 4393 261 4460 andire
294 4397 345 4458 est
379 4415 432 4458 res
466 4393 690 4470 indivisibilis,
726 4414 810 4475 quae
842 4393 876 4457 in
910 4397 1023 4476 partes
1059 4391 1197 4475 dispesci
1233 4396 1268 4458 et
1302 4393 1345 4458 ad
1380 4397 1474 4480 plura

148 4486 297 4563 tempora
327 4482 457 4547 diversa
487 4481 636 4548 distribui
667 4503 730 4547 non
754 4486 880 4565 potest,
913 4481 966 4546 vel
989 4502 1086 4564 quam
1109 4481 1157 4546 ita
1182 4481 1333 4548 distribui
1358 4487 1474 4552 saltem

148 4592 213 4634 non
238 4571 340 4637 decet.
