3044 5174
464 279 580 333 Materia
598 282 627 334 et
644 279 732 334 forma
749 279 884 332 minorum
902 277 1034 332 ordinum.
1347 282 1410 346 391

176 454 242 520 Pro
264 459 416 530 lectoratu
439 456 579 523 materia
602 461 653 523 est
676 456 810 523 traditio
834 455 953 521 codicis
976 456 1167 533 lectionum,
1191 457 1347 538 tangendi
1371 457 1413 523 ab

88 543 298 624 ordinandis·
326 544 454 612 dicente
483 547 653 630 episcopo:
690 544 856 629 „Accipite
880 549 961 612 etc.“
1011 546 1155 611 Decreta
1182 544 1283 611 habes
1313 544 1411 611 haec:

88 633 279 711 Quaesitum
303 639 356 701 est
378 635 419 700 de
441 635 646 701 ordinatione
668 635 810 711 lectoris,
836 634 912 716 quid
935 655 994 718 per
1016 634 1161 700 codicem
1189 634 1412 717 intellegatur,

88 724 127 789 R.
144 723 178 790 S.
194 723 229 788 G.
246 723 285 791 R.
304 726 344 788 27
362 723 451 807 Sept.
472 726 574 789 1873:
604 724 658 800 „ln
682 744 761 789 casu
785 723 927 789 codicem
952 745 1025 789 csse
1040 723 1183 801 Missale‚
1207 723 1412 789 Breviarium

89 814 143 878 vel
174 812 328 878 volumen
358 813 390 879 S.
415 812 633 896 Scripturas!
683 812 793 894 (Deer.
824 812 915 878 auth.
941 811 972 880 S.
997 812 1036 880 R.
1061 813 1094 878 0.
1118 834 1150 879 n.
1175 815 1262 878 3315
1293 813 1334 879 ad
1358 811 1413 893 V.)

178 919 243 983 Pro
268 922 456 985 exarciotala
480 917 631 984 similiter
653 918 796 984 traditur
818 921 853 984 et
882 917 1031 1000 tangitur
1053 918 1135 983 liber
1158 917 1412 984 exorcismorum

89 1007 182 1073 caius
204 1007 276 1072 loco
299 1006 386 1074 tradi
410 1012 530 1092 potest,
554 1015 695 1073 monente
717 1007 859 1090 rubrica,
882 1007 1074 1073 Pontificale
1097 1007 1149 1072 vel
1172 1007 1316 1074 Missale.

179 1105 244 1170 Pro
268 1107 446 1192 acolythatu
461 1104 604 1173 traditur
620 1108 655 1170 et
669 1104 817 1187 tangitur
837 1104 898 1169 sub
919 1105 1028 1171 verbis
1043 1105 1075 1170 in
1092 1105 1276 1171 Pontificali
1291 1105 1415 1173 notatis

86 1197 193 1281 primo
209 1193 440 1260 candelabrum
456 1215 529 1259 cum
546 1194 682 1260 candela
698 1193 872 1271 exstincta,
889 1195 965 1259 dein
976 1195 1142 1260 urceolum
1155 1215 1313 1260 vacuum:
1332 1216 1416 1277 quae

91 1283 227 1349 traditio
241 1284 295 1350 vel
317 1282 366 1349 ita
388 1282 460 1348 fieri
482 1287 648 1367 potestat
670 1282 773 1366 primo
796 1282 933 1366 singulis
955 1304 1014 1348 eeu
1037 1283 1121 1348 binis
1144 1283 1240 1350 detur
1263 1283 1415 1350 candela·

89 1372 183 1438 brum
208 1393 281 1437 cum
305 1371 451 1450 candela,
475 1377 510 1440 et
532 1377 706 1456 postquam
729 1371 878 1437 omnibns
893 1371 1008 1438 datum
1023 1372 1076 1450 sit,
1100 1373 1212 1438 eodem
1236 1374 1333 1438 modo
1357 1394 1415 1457 per

90 1462 237 1527 ordinem
261 1462 428 1535 urceolus:
459 1461 512 1526 vel
535 1461 583 1527 ita
606 1465 653 1538 ut,
677 1464 851 1544 postquam
874 1460 941 1526 bini
964 1462 1151 1545 acceperint
1173 1462 1414 1540 candelabrum,

90 1551 188 1616 iidem
212 1548 326 1617 statim
349 1549 513 1634 accipiant
536 1550 713 1628 urceolum,
739 1553 773 1615 et
795 1549 842 1614 sic
865 1571 972 1633 porro.

180 1672 234 1737 An
257 1693 448 1749 aasnsrrnu
465 1675 504 1737 2¹²
528 1673 566 1738 R.
594 1676 622 1740 1.
654 1673 797 1738 Primum
822 1673 952 1738 dubium
976 1673 1135 1757 Syagrins
1157 1679 1230 1740 tuto
1254 1676 1416 1759 deponere
1425 1689 1477 1744 686

91 1766 222 1847 potest,
246 1781 319 1827 cum
343 1782 386 1826 ex
408 1761 543 1828 laudato
567 1763 653 1827 decr.
678 1762 924 1844 qualiscumque
947 1762 1050 1828 clavis
1073 1763 1226 1843 sufficiat,
1251 1769 1286 1830 et
1307 1764 1415 1848 potins

92 1852 285 1919 attendatur
307 1850 488 1934 symbolica
511 1850 716 1934 significatio,
741 1872 838 1934 quam
862 1852 948 1934 quod
971 1852 1075 1917 clavis
1091 1852 1209 1919 debeat
1223 1874 1341 1919 revera
1363 1875 1416 1919 res

92 1939 334 2007 ecclesiasticas
356 1941 502 2005 reclusas
524 1943 647 2008 tenere.

180 2047 220 2112 R.
246 2048 276 2112 2.
308 2045 425 2127 Neque
448 2066 565 2112 censeo
587 2046 621 2111 in
644 2045 741 2111 dubio
766 2045 853 2111 circa
875 2046 1070 2112 lectoratum
1094 2047 1254 2114 rationem
1277 2047 1414 2113 solidam

92 2135 226 2201 subesse
250 2135 439 2212 dubitandi,
471 2134 667 2217 dubiumque
689 2135 836 2217 practice
859 2136 1074 2219 spernendum
1106 2157 1187 2202 csse.
1233 2137 1307 2203 Etsi
1331 2137 1415 2202 enim

93 2226 126 2292 S.
150 2225 189 2290 R.
214 2223 247 2290 d.
271 2223 306 2289 in
327 2244 486 2308 responso
509 2245 609 2309 supra
632 2223 766 2290 laudato
791 2223 869 2288 nihil
894 2223 978 2290 dixit
1001 2224 1041 2290 de
1064 2224 1203 2303 Rituali‚
1227 2230 1338 2292 tamen
1363 2226 1416 2291 Ri-

92 2315 183 2381 tuale
206 2313 389 2379 Romanum
414 2313 512 2379 etism
536 2314 694 2380 lectiones
717 2313 878 2391 continet,
909 2313 1027 2380 saltem
1049 2314 1207 2404 lectiones
1230 2315 1337 2381 Officii
1361 2315 1415 2380 de·

91 2403 296 2469 functorum:
320 2423 422 2486 quare
445 2407 497 2468 est
519 2403 623 2468 codex
647 2402 776 2467 omnino
800 2406 898 2486 aptus
921 2403 963 2468 ad
986 2402 1243 2484 significandum.

182 2509 221 2576 R.
246 2511 277 2575 3.
323 2508 414 2574 Idem
446 2508 554 2575 iudico
586 2510 627 2575 de
660 2508 880 2584 exorcistatu;
913 2508 1011 2574 immo
1041 2530 1100 2592 pro
1132 2509 1193 2576 hoc
1226 2510 1338 2576 ordine
1367 2510 1416 2576 vi-

92 2599 191 2665 detur
221 2597 304 2663 liber
336 2597 592 2664 exorcismorum
622 2597 776 2683 primarie
805 2597 952 2681 intellegi
984 2601 1129 2682 llitaalc,
1161 2599 1195 2664 in
1227 2621 1290 2682 quo
1321 2620 1416 2665 exor-

93 2686 443 2842 ppppptiifipppetinentum
477 2692 511 2753 et
542 2686 734 2753 secundarie
765 2691 893 2754 tantum
927 2688 998 2753 loco
1028 2687 1170 2754 Ritualis
1201 2688 1335 2772 Missale
1364 2689 1418 2753 vel

183 2881 222 2948 R.
248 2884 279 2948 4.
325 2879 528 2962 Quamquam
559 2882 638 2946 ante
668 2881 792 2946 factum
824 2901 939 2947 curare
970 2880 1069 2947 debet
1091 2881 1290 2948 ordinandas
1312 2886 1350 2948 ut
1373 2883 1478 2950 ri·687

93 2977 163 3038 tum
193 2970 371 3037 secundum
403 2990 604 3036 communem
637 2969 904 3037 consuetudinem
935 2974 1075 3053 peragat
1103 2975 1203 3054 atque
1233 2977 1268 3038 et
1298 2973 1415 3038 cande·

92 3061 222 3126 labrum
245 3063 280 3126 et
303 3058 474 3125 candelam
496 3063 616 3140 tangat
645 3063 745 3142 atque
776 3059 875 3125 etiam
906 3059 1093 3126 immediate
1123 3061 1287 3125 urceolum
1311 3061 1416 3145 ipsum

94 3171 155 3215 nec
178 3149 283 3214 solum
307 3148 480 3215 scutellum
510 3150 645 3229 tangat:
676 3147 885 3213 nihilominus
915 3153 967 3215 est
990 3149 1119 3214 omnino
1142 3149 1320 3233 probabilis
1343 3171 1416 3214 sen·

93 3238 203 3305 tentia
224 3237 375 3303 sufficere
399 3242 436 3304 ut
458 3257 513 3302 res
536 3236 698 3303 tradenda
728 3237 871 3303 mediate
901 3241 1059 3319 tangatur
1082 3238 1135 3303 vel
1165 3238 1348 3315 moraliter3
1382 3243 1418 3305 at

93 3328 143 3394 ita
166 3332 257 3394 certe
280 3326 392 3410 tetigit
408 3325 567 3410 Syagrius
591 3326 761 3392 candelam
784 3347 844 3409 per
867 3327 1097 3392 candelabmm
1120 3332 1155 3394 et
1170 3327 1335 3392 urceolum
1359 3347 1417 3412 per

93 3416 268 3482 scutellum
299 3415 330 3481 ei
359 3415 573 3499 suppositum.
620 3415 705 3481 Hinc
736 3415 879 3501 practice
909 3415 943 3480 in
972 3416 1023 3480 bis
1052 3415 1218 3481 ordinibus
1247 3417 1338 3482 nulla
1367 3421 1418 3482 est

94 3505 182 3573 ratio
206 3505 376 3572 dubitandi
399 3505 440 3570 de
463 3505 576 3570 valore
600 3504 822 3571 ordinationis.

184 3612 223 3677 R.
250 3614 280 3681 5.
312 3611 387 3678 Non
411 3611 579 3695 probabile
603 3614 732 3676 tantum
756 3611 814 3676 sed
838 3615 962 3678 certum
987 3615 1126 3677 estnon
1149 3612 1183 3676 in
1206 3612 1285 3678 solis
1308 3634 1417 3678 sacra·

94 3701 293 3768 mentalibus
314 3701 373 3766 scd
396 3700 428 3765 in
452 3700 533 3784 ipsis
556 3699 772 3767 sacramentis
803 3700 1009 3766 conferendis
1032 3701 1200 3780 sufficere,
1232 3702 1261 3767 si
1284 3702 1419 3785 incipiat

94 3789 272 3875 applicatio
296 3789 464 3868 materiae,
489 3794 665 3872 antequam
688 3789 782 3854 finita
805 3789 850 3854 eit
871 3789 987 3865 forma,
1011 3790 1066 3855 vol
1089 3791 1160 3855 vice
1185 3811 1296 3865 versa;
1322 3791 1417 3855 valde

94 3879 263 3964 probabile
288 3884 339 3946 est
362 3879 522 3957 sufficere,
547 3878 610 3944 etsi
625 3879 722 3962 plane
739 3879 840 3942 breve
856 3878 1038 3945 intercedat
1061 3879 1279 3945 intervallum.
1311 3879 1417 3955 Quare

95 3970 129 4035 iu
153 3973 265 4035 nostro
289 3990 367 4036 casu
391 3969 481 4035 calla
504 3972 557 4034 est
580 3966 749 4032 dubitandi
772 3967 868 4034 ratio.

185 4093 239 4157 An
263 4113 455 4168 Qunnsrrnu
479 4096 517 4158 3n
540 4091 579 4156 R.
627 4090 706 4155 Cum
737 4090 879 4155 minores
908 4089 1039 4155 ordines
1069 4089 1152 4170 (sive
1181 4090 1287 4172 quoad
1311 4093 1416 4155 totum

97 4202 179 4257 esse,
204 4181 275 4246 sive
298 4181 405 4263 quoad
428 4181 526 4247 ritum
551 4180 670 4247 saltem
694 4200 756 4262 qno
781 4179 1007 4257 conferuntur)
1031 4179 1244 4244 institutionis
1262 4179 1417 4244 ecclesia-

98 4269 201 4336 sticae
224 4269 306 4346 sint,
340 4269 381 4335 ad
406 4270 553 4335 valorem
575 4267 699 4335 sufficit
728 4272 766 4335 ut
788 4268 900 4334 collati
923 4269 989 4333 siut
1018 4268 1194 4333 secundum
1217 4268 1417 4351 probabilem

98 4359 291 4444 opinionem.
323 4359 368 4425 Et
391 4379 588 4440 quamquam
611 4363 689 4424 ante
712 4357 837 4424 factum
861 4357 992 4440 procedi
1009 4358 1105 4421 debet
1128 4358 1304 4422 secundum
1322 4378 1418 4442 prae·

98 4449 222 4532 scripta
245 4448 464 4513 rubricarum:
488 4451 599 4514 tamen
623 4453 698 4531 post
722 4447 845 4513 factum
869 4446 948 4511 nihil
971 4445 1183 4528 repetendum
1199 4451 1260 4524 est,
1285 4446 1313 4511 si
1332 4445 1418 4511 ordi-

98 4538 188 4604 natio
218 4544 353 4620 peracta
384 4541 436 4602 est
465 4536 643 4602 secundum
677 4536 875 4602 seutentiam
910 4535 1126 4618 probabilem:
1160 4556 1244 4616 quae
1274 4536 1301 4600 si
1332 4536 1419 4601 forte

98 4628 185 4694 falsa
207 4625 318 4705 fuerit,
342 4629 484 4694 Ecclesia
507 4627 671 4712 supplevit.
722 4627 778 4691 Tb.
804 4647 842 4689 m.
867 4624 908 4699 ΙΙ,
934 4626 1008 4688 586.
1469 4626 1472 4632 “
