3044 5174
139 265 201 329 196
587 258 793 314 Sacramentum
812 259 1004 330 paenitentiae.

73 449 126 504 335
225 437 278 502 An
310 457 501 512 ouassrruu
532 440 570 501 2¹⁰
603 436 642 504 R.
676 439 704 502 1.
753 438 844 503 Oonc.
883 439 972 502 Trid.
1006 438 1027 503 l.
1061 458 1089 503 c.
1121 437 1218 504 docet
1249 436 1293 503 ad
1327 442 1464 521 peccata

135 525 265 608 integre
288 526 472 592 accusanda
495 525 659 609 pertinere
682 529 719 591 ut
743 526 842 592 etiam
870 547 929 591 eae
959 525 1226 592 circumstantiae
1256 525 1464 610 explicentur

137 636 220 698 qnae
243 615 385 698 speciem
409 618 546 681 mutent.
593 615 678 681 Hinc
708 614 781 680 aliis
805 615 914 680 verbis
937 636 1071 680 necesse
1094 620 1146 682 est
1176 620 1213 681 nt
1239 615 1394 682 dicantur
1414 615 1463 680 in·

135 706 231 769 fimae
261 704 388 788 species
417 725 476 769 seu
507 724 618 769 omnes
648 703 794 770 malitiae
824 704 1011 788 specificae,
1045 724 1129 785 quae
1161 704 1195 769 in
1227 705 1462 788 peccaminosis

135 794 265 860 actibus
280 796 499 869 occurrerunt,
523 793 674 858 nimirum
690 813 749 858 eae
765 814 849 875 quae
864 814 907 858 ex
922 793 1099 859 sufficienti
1115 793 1302 875 cognitione
1316 794 1462 860 malitiae

137 881 318 978 subiective
340 887 530 948 contractae
553 886 630 948 sunt
653 886 687 947 et
711 903 847 965 quarum
872 882 1070 948 conscientia
1092 882 1241 949 hahetur.

225 988 264 1054 R.
297 991 327 1054 2.
380 989 415 1054 Si
447 988 519 1070 quis
552 988 692 1070 aliquam
727 989 909 1072 specificam
946 988 1102 1054 malitiam
1140 989 1354 1068 obiectivam,
1391 1008 1462 1054 cum

136 1081 305 1161 peccaret,
335 1077 523 1143 nullatenus
552 1077 744 1159 cognoverit
773 1098 831 1142 sou
861 1098 902 1143 ne
927 1078 1105 1144 dubitando
1129 1077 1260 1161 quidem
1282 1078 1462 1162 apprehen·

137 1167 238 1244 derit,
270 1186 342 1232 eam
366 1170 482 1250 postea
505 1166 653 1231 confiteri
677 1187 741 1231 non
765 1167 877 1245 debet,
908 1167 983 1248 quia
1008 1187 1042 1231 re
1066 1166 1138 1250 ipsa
1161 1188 1233 1233 earn
1257 1188 1371 1233 coram
1395 1167 1462 1232 Deo

136 1276 201 1321 non
234 1256 409 1321 contraxit.
465 1255 556 1331 Quod
590 1256 624 1320 in
658 1255 840 1321 rudioribus
874 1256 1116 1339 paenitentibus
1149 1256 1302 1323 attendat
1334 1261 1463 1341 oportet

138 1345 366 1421 confessarius,
391 1365 432 1410 ne
455 1344 529 1428 plus
552 1365 608 1409 eos
632 1349 732 1410 vexet
755 1365 854 1410 eosve
877 1345 1000 1427 obliget
1023 1366 1121 1427 quarn
1144 1366 1279 1411 necesse
1301 1345 1357 1413 sit.

226 1462 265 1526 R.
290 1464 320 1526 3.
368 1462 489 1526 Verum
520 1482 563 1525 ex
593 1481 631 1524 eo
662 1461 746 1543 quod
771 1461 843 1543 quis
867 1465 972 1527 totam
995 1461 1153 1528 malitiam
1178 1462 1376 1529 obiectivam
1400 1483 1463 1527 non

138 1550 330 1632 cognoverit
350 1551 404 1615 vel
427 1550 557 1614 infimae
573 1550 718 1616 malitiae
733 1550 904 1634 specificae
921 1551 1019 1617 etiam
1036 1555 1226 1618 contractae
1242 1573 1308 1616 non
1324 1552 1463 1636 amplius

137 1640 343 1715 recordetur,
374 1660 438 1704 non
468 1638 570 1704 habet
600 1659 732 1704 causam
757 1660 840 1721 quae
864 1660 937 1704 enm
962 1645 1098 1707 excuset
1121 1661 1141 1705 a
1165 1640 1371 1706 confessione
1396 1641 1463 1706 eius

137 1727 283 1794 malitiae
306 1728 398 1793 cuius
422 1728 570 1793 conscius
594 1732 666 1794 erat
690 1736 724 1795 et
748 1728 848 1794 etiam
870 1749 955 1793 nunc
978 1733 1039 1796 est.

227 1843 264 1908 R.
290 1848 320 1908 4.
367 1842 637 1909 Circumstantias
667 1865 732 1909 non
762 1848 928 1909 mutantes
959 1843 1098 1927 speciem
1127 1845 1184 1910 sed
1214 1844 1303 1912 intra
1327 1845 1463 1911 eandem

137 1931 279 2016 speciem
303 1936 527 2015 aggravantes
550 1932 697 1997 confiteri
721 1932 890 1998 consilium
921 1931 1051 2014 quidem
1078 1954 1150 1998 esse
1180 1937 1308 2018 potest,
1342 1938 1377 2000 at
1401 1956 1464 2000 non

138 2026 189 2087 est
205 2021 371 2103 obligatio.
411 2021 570 2097 Quoniam
586 2041 665 2086 vero
682 2021 889 2105 paenitentes
903 2021 966 2105 ipsi
987 2043 1052 2087 non
1076 2022 1124 2089 ita
1147 2023 1235 2088 clare
1258 2022 1465 2106 distinguant

137 2111 401 2176 circumstantias
431 2131 520 2176 mere
551 2115 775 2193 aggravantes
805 2115 840 2176 et
869 2110 1010 2194 speciem
1036 2116 1217 2190 mutantes,
1249 2113 1465 2180 communiter

138 2199 320 2265 instruendi
343 2203 429 2275 sunt,
455 2204 491 2265 ut
514 2202 734 2266 confiteantur
756 2199 1019 2265 circumstantias
1042 2202 1222 2267 notabiliter
1240 2223 1367 2285 proves.

226 2297 372 2363 Attende
402 2301 512 2362 antem
542 2317 639 2381 posse
671 2317 743 2361 esse
776 2297 1055 2364 circumstantiam
1088 2304 1348 2380 aggravantem,
1382 2321 1466 2382 qnae

138 2385 306 2468 physicam
338 2385 467 2468 quidem
498 2391 591 2452 actus
621 2386 763 2469 speciem
793 2407 857 2451 non
888 2390 1008 2464 mutet,
1042 2391 1148 2454 mutet
1177 2409 1257 2453 vero
1289 2389 1464 2455 moralem:

137 2475 222 2539 hanc
245 2475 278 2539 in
302 2474 506 2540 confessione
529 2474 756 2558 explicandam
781 2496 853 2540 esse
876 2478 983 2558 patet,
1008 2497 1081 2540 cum
1104 2475 1256 2561 specifica
1280 2477 1464 2545 differentia

138 2566 269 2629 morulis
301 2585 359 2629 seu
391 2563 517 2629 malitia
550 2565 735 2629 accusanda
765 2564 817 2631 sit.
870 2564 963 2641 Quod
994 2564 1121 2632 obtinet
1151 2565 1184 2630 in
1216 2565 1466 2634 circumstantia

139 2652 335 2735 quant‘tatis
365 2674 465 2735 quae,
496 2658 593 2736 prout
622 2653 726 2718 levior
749 2653 803 2718 vel
833 2652 967 2735 gravior
990 2659 1058 2731 est,
1089 2654 1270 2720 constituat
1292 2661 1464 2739 peccatum

139 2742 267 2807 veniale
297 2743 351 2807 vel
381 2743 536 2816 mortale;
567 2742 664 2807 immo
695 2742 775 2808 haec
806 2742 971 2807 distinctio
1001 2744 1127 2825 peccati
1151 2744 1290 2809 venialis
1320 2750 1355 2811 et
1379 2767 1465 2811 mor·

138 2831 216 2896 talis
239 2831 312 2914 plus
336 2852 433 2912 quam
456 2831 626 2914 specifica,
656 2830 807 2895 nimirum
833 2831 1017 2896 essentialis
1041 2838 1108 2908 est,
1141 2853 1213 2897 cnm
1238 2833 1365 2899 dividat
1389 2856 1465 2918 pec·

139 2926 215 2986 cata
238 2921 414 2985 secundum
438 2940 608 3003 supremas
631 2941 708 2985 suas
732 2919 856 3003 species
880 2920 933 2984 vel
956 2921 1155 3003 analogicae.

76 3061 130 3116 336
227 3042 280 3108 An
304 3064 495 3119 ouansrruu
519 3046 558 3108 3tn
581 3044 620 3108 R.
648 3046 675 3110 1.
716 3043 850 3121 Quando
874 3066 1028 3110 numerus
1051 3049 1160 3110 certus
1183 3045 1321 3111 indicari
1343 3051 1465 3130 potest,

140 3132 202 3197 dici
233 3133 347 3210 debet,
377 3133 470 3215 isque
502 3136 539 3198 ut
562 3137 687 3209 certns3
719 3133 817 3199 aliter
840 3153 904 3197 non
928 3138 1125 3200 accusantur
1148 3134 1256 3201 omnia
1279 3140 1313 3202 et
1337 3135 1466 3218 singula

139 3226 286 3306 peccata.
331 3220 476 3289 Attende
506 3227 618 3288 tamen
647 3222 797 3287 sufficere
827 3243 996 3287 numerum
1019 3223 1195 3289 secundum
1223 3224 1465 3292 distinctionem

139 3314 289 3376 moralem
312 3314 454 3387 actuum,
479 3332 543 3376 non
566 3310 687 3393 requiri
710 3311 886 3376 secundum
903 3312 1144 3378 distinctionem
1160 3312 1340 3397 physicam.
1378 3314 1466 3380 Nam

140 3421 239 3482 saepe
263 3403 356 3464 actus
379 3400 514 3484 physice
538 3400 648 3482 plures
670 3422 729 3484 pro
755 3405 830 3466 actu
854 3401 1023 3467 moraliter
1046 3423 1110 3467 uno
1134 3406 1376 3486 computantur.
1417 3405 1466 3469 De

140 3510 203 3572 quc
228 3488 269 3553 cf.
300 3490 355 3557 Th.
378 3513 418 3555 τη.
443 3490 469 3566 I,
494 3491 556 3553 241
575 3510 646 3571 sqq.

229 3605 267 3670 R.
302 3608 332 3670 2.
388 3605 523 3682 Quando
558 3626 712 3669 numerus
751 3610 860 3670 certus
898 3605 1011 3671 haberi
1050 3606 1181 3688 nequit,
1221 3606 1377 3673 dicendus
1416 3614 1466 3675 est

140 3692 440 3778 approximativus,
475 3694 495 3761 i.
530 3716 557 3760 e.
591 3715 743 3758 numerus
776 3715 849 3758 curn
881 3695 991 3777 aliqua
1023 3694 1196 3761 latitudine
1228 3694 1466 3764 determinatus

137 3805 198 3849 seu
223 3804 296 3847 curn
320 3782 427 3864 aliquo
452 3783 548 3848 dubio
572 3783 701 3849 defectu
726 3788 759 3849 et
782 3804 929 3848 excessu.
976 3783 1096 3861 Quodsi
1120 3785 1286 3851 accusatio
1308 3785 1358 3852 ita
1381 3788 1466 3852 bona

137 3873 204 3937 fide
242 3872 334 3937 facta
367 3876 434 3949 est,
475 3876 590 3955 postea
624 3892 703 3937 vero
738 3894 891 3937 numerus
926 3878 1035 3939 certus
1070 3874 1294 3956 cognoscitur,
1333 3896 1467 3942 necesse

141 3983 206 4027 non
231 3965 281 4027 est
304 3982 378 4025 eum
401 3961 475 4026 dein
506 3961 690 4039 declarare,
722 3961 749 4025 si
779 3983 932 4026 numerus
956 3983 1054 4027 verus
1085 3984 1255 4028 excessum
1278 3965 1467 4032 nonhabet

140 4049 385 4127 notabiliorem,
419 4071 516 4132 quam
547 4049 601 4132 qui
631 4049 664 4114 in
694 4072 827 4116 numero
856 4051 1118 4135 approximative
1141 4052 1356 4120 manifestato
1380 4076 1467 4121 com·

136 4139 411 4224 prehendehatur.

230 4246 312 4322 Quid
336 4268 415 4311 vero
446 4249 620 4310 censeatur
649 4244 894 4328 comprehendi,
926 4247 1081 4330 intellege
1110 4249 1289 4314 secundum
1318 4271 1467 4316 normam

141 4357 360 4411 communem,
392 4357 457 4418 qua
487 4338 612 4399 circiter
642 4337 660 4397 5
692 4336 878 4417 aequivalet
909 4339 1013 4414 4-5,
1045 4340 1169 4402 circiter
1201 4341 1241 4402 10
1273 4367 1315 4391 =
1348 4342 1466 4417 8-12,

141 4429 267 4490 circiter
291 4428 332 4490 50
350 4453 389 4476 =
408 4426 550 4499 45—55,
575 4427 700 4488 circiter·
726 4429 788 4490 100
806 4453 846 4477 =
865 4428 1018 4491 90—110
1043 4431 1076 4491 et
1099 4427 1146 4492 sic
1169 4448 1276 4509 parre.

232 4533 270 4597 R.
300 4535 330 4600 3.
377 4532 413 4595 ln
444 4551 563 4611 magno
594 4553 728 4597 numero
758 4537 984 4615 peccatorum,
1016 4554 1099 4614 quae
1131 4555 1151 4598 a
1181 4536 1467 4602 consuetudinario

141 4621 174 4684 in
208 4627 299 4687 certa
332 4621 473 4703 quadarn
505 4620 613 4704 specie
646 4621 818 4687 commissa
848 4622 930 4698 sint,
964 4622 1097 4705 expedit
1130 4643 1306 4705 quaerere,
1342 4628 1468 4708 quoties
