3044 5174
311 307 437 362 Minister
455 306 556 378 poenit.
575 337 610 349 -
628 304 751 373 sigillum
768 304 932 358 sacrament.
949 331 985 340 -
1004 301 1062 356 eius
1080 299 1201 356 violatio.
1357 303 1422 368 313

92 487 237 560 mutare,
262 487 395 568 poterat
416 487 528 549 tamen
550 481 600 549 uti
623 482 680 548 illa
702 480 822 548 notitia
845 483 935 568 opud
957 483 1077 563 Deum,
1102 478 1194 544 illurn
1217 478 1364 562 rogando
1386 482 1424 545 ut

92 593 166 638 rem
189 572 233 637 ad
256 573 287 637 id
311 572 504 649 adduceret,
535 577 573 638 ut
595 571 655 637 sibi
681 570 811 637 aliunde
839 570 959 636 notitia
988 568 1131 634 criminis
1161 569 1289 653 puellae
1311 570 1422 634 fieret:

93 683 162 744 qua
185 662 315 739 habita,
340 666 430 728 certo
453 666 600 745 poterat,
631 660 729 726 immo
754 660 894 725 debebat
916 659 1059 743 puellam
1083 678 1104 722 a
1125 677 1261 723 munere
1285 657 1424 722 ancillae

94 750 184 834 apud
209 771 245 815 se
267 751 410 832 gerendo
434 750 618 815 excludere.
666 748 776 831 Atque
805 749 839 814 id
862 749 990 833 puellae
1014 746 1155 813 debebat
1177 746 1290 813 statim
1314 746 1423 810 decla·

94 861 181 916 rare,
207 860 249 905 ne
271 839 329 904 illa
352 840 439 905 forte
462 842 578 922 postea
601 842 735 922 putaret
758 837 993 903 confessarium
1018 835 1223 903 confessione
1247 834 1348 901 abuti.

148 1032 156 1050 '
186 1039 512 1106 CONFESSARIUS
536 1038 754 1105 FAMILIAM
776 1038 1046 1105 RELIGIOSAM
1068 1036 1332 1104 DIFFAMANS.

654 1195 765 1262 Casus.
784 1203 860 1271 (157)

189 1336 347 1396 cerinthus
368 1339 472 1395 narrat
493 1355 525 1394 se
554 1334 705 1394 audivisse
727 1333 944 1394 confessionem
972 1331 1104 1408 religiosi
1126 1351 1164 1391 ex
1184 1332 1286 1393 ordine
1306 1331 1358 1404 N.;
1387 1349 1425 1390 ex

95 1438 132 1478 ea
154 1436 188 1476 se
210 1422 363 1493 expertum
385 1435 451 1474 esse
465 1414 622 1475 veritatem
644 1414 811 1474 sententiae
828 1412 994 1490 ,corruptio
1014 1411 1118 1490 optimi
1130 1412 1289 1490 pessima“;
1311 1431 1344 1472 se
1364 1429 1424 1470 non

96 1498 226 1575 amplius
256 1496 358 1555 mirari
393 1495 563 1572 apostasiae
598 1497 635 1554 ab
668 1495 820 1554 ordinibus
855 1493 1004 1569 religiosis
1039 1512 1105 1552 cum
1135 1493 1252 1570 publico
1282 1492 1424 1551 scandalo

95 1579 236 1639 orituras.

96 1691 277 1763 Qunamnurr
299 1693 329 1748 κ’
350 1689 427 1749 sitne
449 1687 540 1764 sigilli
562 1688 788 1747 sacramentalis
809 1687 932 1748 violatio
953 1706 1077 1747 narrare
1099 1687 1209 1746 crimen
1230 1685 1370 1762 religiosi.

300 1789 331 1846 2⁰
352 1787 421 1863 quid
444 1787 480 1845 de
502 1805 574 1845 casu
595 1785 782 1845 iudicandum
804 1787 852 1846 sit

692 1969 827 2038 solutio.

189 2114 243 2179 Au
272 2132 463 2189 ouansrruu
493 2115 531 2176 1³
554 2111 592 2178 R.
625 2115 654 2177 1.
701 2111 767 2178 Res
796 2110 917 2195 pendet
947 2129 967 2175 a
997 2109 1268 2187 circumstantiis,
1299 2108 1485 2175 scilicet551

99 2207 131 2269 1⁰
154 2224 232 2268 unm
255 2202 343 2268 forte
365 2221 407 2267 ex
430 2200 685 2267 circumstantiis
714 2202 856 2285 suspicio
886 2200 985 2265 cadat
1014 2199 1048 2264 in
1077 2202 1201 2264 certam
1231 2218 1422 2283 personam3

97 2297 130 2357 2⁰
154 2313 231 2357 num
256 2291 482 2368 communitas,
506 2311 611 2374 pauca
634 2290 844 2367 monasteria,
867 2288 922 2354 vel
946 2287 1045 2354 etiam
1063 2292 1153 2355 totus
1176 2289 1255 2353 ordo
1280 2286 1424 2352 notabile

97 2382 231 2465 aliquod
255 2401 436 2462 gravamen
458 2380 610 2445 famaeve
633 2379 864 2446 detrimentum
888 2378 1045 2462 patiatur.

189 2479 297 2555 Quare
323 2478 354 2558 1)
379 2477 480 2543 laesio
511 2476 611 2559 sigilli
641 2481 746 2553 esset,
778 2476 804 2542 si
834 2476 906 2559 quis
936 2497 978 2541 ex
1009 2473 1215 2541 confessione
1244 2474 1369 2540 diceret
1390 2473 1424 2538 in

96 2568 157 2635 tali
189 2567 303 2633 ordine
332 2567 487 2649 religioso
516 2569 615 2632 solem
646 2565 807 2632 committi
839 2566 920 2630 haec
952 2565 1006 2630 vel
1037 2564 1095 2629 illa
1126 2563 1244 2646 gravia
1276 2568 1423 2647 peccata,

97 2657 230 2723 etiamsi
253 2660 409 2738 ageretur
432 2656 472 2720 de
495 2654 607 2721 ordine
630 2676 814 2732 numeroso,
838 2654 900 2719 nisi
919 2654 1006 2719 forte
1021 2653 1150 2737 publice
1173 2653 1214 2717 de
1237 2652 1423 2718 criminibus

97 2750 276 2813 constaret.

189 2843 224 2924 2)
246 2842 363 2908 Laesio
394 2841 493 2923 sigilli
517 2844 569 2906 est
599 2843 765 2926 divulgare
794 2840 828 2906 in
858 2841 917 2907 tali
941 2840 996 2905 vel
1025 2838 1085 2905 tali
1114 2844 1305 2905 monasterio
1336 2859 1424 2904 corn-

97 2934 233 2999 missum
257 2952 329 2997 esse
352 2931 413 2995 hoc
436 2931 490 2996 vel
512 2929 592 2996 illud
616 2935 787 3014 peccatum
811 2950 930 3012 grave;
961 2949 1025 2994 non
1049 2948 1178 3012 semper
1201 2929 1281 3005 erit,
1305 2927 1334 2992 si
1357 2927 1423 2992 dis·

97 3027 190 3089 creto
206 3021 278 3086 viro
301 3021 334 3085 id
359 3019 632 3085 communicatur:
657 3019 816 3101 siquidem
838 3019 872 3083 in
887 3020 949 3084 hoc
965 3038 1043 3083 casu
1059 3017 1168 3083 famae
1192 3017 1423 3083 detrimentum

98 3112 157 3176 vix
181 3111 260 3187 erit,
291 3109 325 3175 in
348 3108 457 3193 priore
480 3129 560 3173 vero
583 3129 661 3174 casu
685 3112 738 3174 est
761 3107 992 3173 detrimentum
1023 3106 1177 3172 notabile.
1224 3106 1314 3170 Idem
1338 3105 1423 3188 quod

98 3201 139 3266 de
162 3198 362 3265 monasterio
386 3197 603 3263 determinato
627 3197 749 3263 dictum
773 3202 840 3269 est,
866 3196 934 3273 dic,
959 3196 987 3261 si
1009 3196 1099 3261 solus
1122 3195 1202 3260 ordo
1225 3193 1422 3270 nominatur,

98 3288 229 3372 quando
252 3289 308 3354 ille
331 3286 536 3371 paucissimis
559 3285 773 3353 conventibus
796 3286 849 3351 vel
879 3285 1034 3351 membris
1057 3288 1204 3360 constat;
1235 3284 1288 3349 vel
1312 3283 1423 3360 etiam,

98 3380 126 3444 si
150 3381 282 3444 constat
305 3376 435 3459 quidem
458 3396 578 3458 magno
601 3396 753 3454 numero,
784 3375 841 3440 sed
865 3373 1130 3440 circumstantiae
1153 3372 1333 3439 revelantis
1356 3371 1424 3437 dic-

98 3473 171 3536 tum
193 3466 274 3531 illud
297 3465 504 3547 restringunt
527 3465 568 3530 ad
592 3485 714 3549 paucos
737 3466 918 3529 conventus
940 3463 1028 3529 illius
1051 3462 1183 3529 ordinis.

189 3566 224 3646 3)
248 3563 386 3646 Insuper
408 3583 446 3627 eo
470 3561 598 3626 facilius
628 3561 845 3628 committitur
873 3559 1055 3626 diffamatio
1084 3561 1230 3641 adeoque
1254 3563 1423 3643 peccatum

99 3658 216 3721 contra
239 3652 400 3734 sigillum,
431 3672 495 3732 quo
518 3650 677 3733 integrior
707 3654 758 3716 est
782 3649 904 3715 ordinis
928 3650 980 3714 vel
1011 3648 1201 3715 monasterii
1224 3649 1330 3726 fama,
1362 3646 1425 3714 etsi

99 3765 165 3809 non
189 3744 282 3808 certe
304 3743 512 3824 peccatorum
537 3739 680 3823 species,
712 3738 769 3804 sed
799 3739 902 3804 solum
934 3742 1072 3822 peccata
1101 3738 1218 3820 gravia
1247 3737 1281 3802 in
1304 3757 1425 3820 genere

99 3831 260 3898 committi
285 3830 338 3895 vel
363 3830 536 3895 commissa
559 3849 631 3894 esse
654 3828 792 3895 dicatur.

189 3938 228 4004 u.
254 3940 284 4003 2.
331 3935 447 4002 Laesio
471 3935 570 4017 sigilli
593 3956 657 4000 uon
681 3940 749 4009 est,
773 3933 897 4016 siquis
921 3931 1156 4009 confessarius,
1181 3931 1291 4013 quiin
1315 3932 1486 3999 diver-552

98 4028 237 4093 sissimis
260 4025 447 4108 regionibus
468 4030 502 4090 et
518 4028 627 4090 terrae
642 4023 791 4107 partibus
807 4022 1038 4098 confessiones,
1063 4021 1162 4088 etiam
1186 4021 1423 4103 religiosorum,

100 4117 245 4200 excepit,
277 4115 365 4179 dicat
395 4135 430 4178 se
461 4113 635 4195 aliquando
666 4113 831 4178 audivisse
860 4111 1048 4194 religiosum
1078 4110 1129 4175 his
1152 4110 1205 4174 vel
1235 4109 1299 4175 illis
1324 4110 1423 4177 etiam

99 4205 230 4272 omnino
253 4204 410 4285 gravibus
433 4202 578 4286 peccatis
601 4205 770 4277 onustum3
803 4222 909 4283 neque
930 4201 964 4265 id
988 4200 1159 4282 divulgare
1182 4220 1241 4283 per
1263 4220 1299 4263 se
1322 4198 1424 4265 laesio

99 4294 199 4377 sigilli
224 4297 290 4358 est:
322 4313 397 4358 nam
422 4292 530 4356 nullus
554 4295 733 4372 estusque
757 4312 898 4375 persona
920 4288 1097 4371 singularis
1120 4308 1226 4371 neque
1250 4289 1344 4366 ordo,
1369 4288 1423 4370 qui

100 4405 142 4450 ex
165 4385 227 4449 hoc
250 4381 491 4448 rationabiliter
515 4381 622 4446 famae
646 4380 877 4447 detrimentum
901 4380 1058 4464 patiatur.

189 4480 306 4562 Neque
330 4479 468 4544 dixerim
493 4479 590 4544 facile
614 4477 774 4544 committi
798 4480 969 4562 peccatum
985 4478 1101 4541 contra
1116 4474 1269 4557 sigillum,
1293 4473 1321 4539 si
1345 4475 1423 4539 ordo

100 4571 180 4655 ipse,
205 4569 301 4634 modo
325 4589 513 4634 numerosus
535 4567 588 4643 sit,
612 4565 808 4633 nominetur.
851 4567 1019 4642 Attamen,
1043 4564 1072 4630 si
1095 4564 1316 4630 insinuaretur
1339 4562 1425 4629 eius·

100 4659 188 4725 modi
219 4678 274 4723 res
304 4678 369 4722 non
400 4676 473 4722 esse
502 4675 611 4722 meras
641 4655 867 4739 exceptiones,
898 4655 958 4721 sed
986 4653 1118 4737 saepius
1148 4653 1313 4731 accidere,
1344 4653 1424 4719 ordo
