3044 5174
332 269 448 324 Materia
467 271 605 341 proxima:
626 301 657 309 -
679 272 805 326 contritio
824 275 852 326 et
870 271 993 342 proposit
1042 313 1047 324 .
1289 273 1350 336 191

68 464 183 509 ousare
218 444 314 510 debet
345 446 463 513 saltem
496 446 628 530 aliquod
662 448 797 532 gravius
829 452 1001 532 peccatum
1034 448 1105 514 sive
1136 469 1251 514 recens
1283 448 1353 513 sivo

68 533 230 689 oetertitae
259 534 369 614 vitae,
408 536 495 602 cirea
532 538 618 619 quod
655 538 741 603 serio
779 538 908 604 omniuo
947 538 1058 603 doleat
1087 540 1122 602 et
1151 537 1353 621 propositum

68 643 175 688 nove.

115 728 211 795 Alias
246 751 350 813 neque
384 732 515 798 Amalia
551 737 625 799 tuta
660 733 861 800 conscientia
895 733 1132 800 absolutionem
1169 738 1282 818 petere
1320 739 1354 800 et

68 817 173 902 ripere
197 839 302 902 neque
325 821 543 886 confessarius
567 843 640 888 eam
664 823 743 888 dare
766 827 885 907 potest.

115 925 157 992 R.
183 928 213 992 3.
261 926 295 991 Si
317 925 448 993 Amalia
471 932 582 994 autem
605 929 753 997 defectus
775 929 849 995 illos
872 929 1073 1009 diminuerit,
1098 929 1161 997 etsi
1184 951 1249 995 non
1272 929 1354 996 adeo

68 1035 162 1080 renue
186 1013 219 1078 in
243 1017 503 1084 emendationem
529 1017 693 1097 incubuit,
723 1019 875 1085 stimulus
899 1019 1027 1102 quidem
1052 1019 1219 1086 addendus
1244 1024 1355 1086 estut

68 1104 211 1170 ·ventius
240 1103 422 1185 incumbat,
453 1110 565 1172 tamen
588 1113 747 1176 renovato
779 1109 890 1174 dolore
919 1113 953 1174 et
982 1107 1068 1174 serio
1098 1108 1265 1193 proposito
1296 1109 1354 1175 ab·

68 1193 109 1258 lvi
134 1196 247 1277 potest
270 1199 305 1260 et
328 1194 370 1260 ad
393 1217 419 1262 s.
444 1197 700 1263 communionem
725 1197 864 1264 admitti.

205 1403 486 1472 PROPOSITUM
508 1405 768 1474 IMPLICITUM
791 1407 878 1474 VEL
901 1407 1179 1475 EXPLICITUM.

597 1573 708 1640 Casus.
726 1581 784 1650 (96)

116 1710 279 1787 Saprieius,
302 1732 318 1770 e
338 1712 427 1786 longo
448 1718 580 1789 tempore
602 1732 661 1773 non
683 1714 847 1785 confessus,
870 1714 900 1772 in
922 1713 1063 1773 missione
1084 1712 1192 1773 auditis
1214 1714 1355 1773 contioni-

68 1811 95 1862 s,
125 1797 316 1868 peccatorum
346 1792 445 1852 dolore
466 1798 564 1853 tactus
593 1794 656 1853 adit
683 1794 899 1854 confessionnis
920 1793 1017 1869 ibique
1039 1793 1197 1852 adiuvatur
1215 1794 1247 1852 in
1269 1814 1356 1854 excu-

68 1871 129 1930 nda
153 1872 344 1942 conscientia,
367 1873 442 1948 quod
464 1878 584 1951 propter
605 1874 778 1934 uniformem
794 1874 887 1933 vitam
901 1894 988 1949 quam
1003 1873 1129 1932 duxerat
1149 1874 1261 1932 nullum
1282 1874 1356 1934 facit

68 1951 198 2027 gotium,
227 1957 315 2028 atque
336 1953 507 2012 absolvitur.
549 1954 659 2013 Postea
686 1954 810 2013 audiens
831 1955 862 2013 in
882 1954 1078 2015 instructione
1098 1954 1209 2030 requiri
1230 1954 1268 2013 ad
1288 1973 1356 2014 con·

68 2032 191 2090 ssionem
212 2033 269 2091 rite
289 2032 501 2092 instituendam
529 2053 588 2093 non
610 2034 738 2094 dolorem
766 2040 881 2094 tantum
903 2035 955 2094 sed
977 2035 1066 2094 etiam
1088 2034 1291 2112 propositum,
1319 2034 1355 2093 de

68 2112 221 2171 nfessione
242 2132 298 2172 sua
318 2113 412 2184 timet,
434 2113 577 2189 siquidem
599 2114 634 2173 de
655 2114 806 2191 proposito
828 2134 865 2173 ne
887 2114 1064 2190 cogitaverit
1084 2115 1208 2191 quidem.

120 2209 265 2269 Similiter
278 2211 408 2285 Agatha,
431 2211 538 2271 devota
559 2212 673 2284 mulier,
695 2213 851 2272 intendens
867 2213 1002 2273 confiteri
1023 2217 1087 2272 tota
1102 2218 1148 2272 est
1169 2213 1200 2271 in
1214 2211 1356 2271 eliciendo

68 2291 141 2362 lore,
164 2290 237 2348 nihil
260 2290 396 2365 cogitans
418 2291 454 2349 de
474 2293 625 2369 proposito
641 2311 735 2368 neque
750 2293 785 2351 de
800 2293 931 2370 peccatis
951 2298 1108 2352 anteactae
1122 2293 1213 2363 vitas,
1234 2311 1356 2367 qnorum

68 2389 128 2428 nen
151 2389 190 2428 ex
212 2371 423 2430 consuetudine
445 2390 533 2430 uuum
555 2373 718 2432 alterumve
739 2373 923 2433 nominatio
944 2374 1147 2433 confessione:
1179 2372 1231 2432 sed
1251 2377 1357 2448 postea

68 2451 152 2527 gitur
174 2450 210 2508 do
232 2450 384 2509 essentiali
406 2451 522 2511 defectu
544 2452 708 2512 commisso.

68 2593 210 2634 fannrrua
233 2575 261 2632 1⁰
283 2575 425 2714 quopnoetlo
448 2576 564 2652 concipi
591 2576 697 2636 debeat
724 2578 923 2655 propositum,
955 2576 1132 2655 explicitene
1161 2595 1199 2634 an
1226 2575 1357 2635 sufficiat

281 2674 319 2713 nn
352 2675 391 2713 rcr
406 2675 430 2714 e.

233 2753 263 2810 2⁰
285 2675 352 2828 quid
375 2754 410 2812 de
432 2753 565 2829 Sapricio
587 2755 673 2814 etde
695 2756 817 2830 Agatha
837 2755 877 2815 sit
896 2754 1093 2814 iudicandum.

627 2955 762 3023 solutio.

119 3099 174 3163 Ao
199 3118 390 3174 conuersuri
417 3101 454 3162 1⁰²
477 3098 515 3165 R.
544 3101 571 3165 1.
620 3098 822 3165 Gravissima
852 3103 903 3165 est
932 3098 1016 3166 ratio
1048 3097 1184 3182 putandi
1207 3097 1418 3162 sufficere327

68 3187 235 3273 opositum
271 3186 479 3270 implicitum,
518 3186 546 3252 si
583 3186 678 3253 modo
713 3208 791 3253 vere
829 3190 997 3270 tamquam
1032 3186 1216 3252 universale
1251 3186 1357 3269 quoad

68 3277 188 3343 ortalia
217 3280 354 3359 peccata
383 3275 416 3339 in
447 3276 556 3341 dolore
587 3277 789 3356 continetur,
821 3277 946 3343 seilicet
974 3276 1002 3342 si
1033 3276 1129 3344 modo
1160 3275 1252 3341 dolor
1281 3296 1357 3341 con-

69 3373 148 3451 ptus
173 3365 217 3431 sit
240 3386 282 3430 ex
305 3364 428 3430 motivo
452 3365 638 3432 universali.
678 3366 763 3431 Nom
789 3367 843 3448 qui
866 3367 915 3434 ita
938 3366 1036 3443 dolet,
1062 3386 1166 3448 aeque
1184 3369 1359 3430 aversatur

95 3454 184 3537 fugit
210 3459 348 3537 peccata
370 3454 482 3520 futura
505 3460 604 3537 atque
627 3455 817 3539 praeterita.
841 3494 886 3504 -
910 3454 943 3521 Si
966 3476 1045 3521 vero
1070 3476 1111 3521 ex
1134 3454 1259 3520 motivo
1282 3475 1358 3538 par-

68 3544 164 3610 :ulari
196 3543 324 3627 peccati
356 3543 504 3609 mortalis
537 3544 628 3609 dolor
662 3565 720 3609 seu
756 3544 882 3610 attritio
917 3548 1077 3628 concepta
1111 3543 1226 3622 luerit,
1262 3543 1360 3609 debet

68 3633 165 3698 nnino
189 3632 374 3698 universale
396 3632 598 3717 propositum
623 3632 714 3711 addi,
739 3637 853 3717 utpote
877 3634 961 3716 quod
985 3654 1027 3698 ne
1049 3632 1206 3717 implicite
1229 3632 1358 3715 quidem

88 3722 203 3787 dolore
226 3722 270 3787 sit
293 3725 491 3787 contentum.
543 3723 598 3788 Tb.
624 3745 665 3789 m.
689 3723 730 3801 ΙΙ,
755 3725 829 3789 297.

123 3828 164 3896 R.
190 3831 219 3894 2.
266 3826 484 3893 Nihilominus
508 3832 647 3894 externa
669 3828 850 3895 auotoritas
874 3849 913 3894 ea
936 3833 989 3895 est
1018 3832 1055 3894 ut
1078 3833 1155 3895 ante
1179 3827 1303 3894 factum
1326 3827 1358 3891 in

68 3918 205 4003 oposito
238 3917 391 4000 explicite
426 3917 582 4001 capiendo
616 3916 832 3984 insistendum
864 3917 924 3995 sit,
959 3938 1000 3982 ne
1034 3918 1121 3999 quod
1155 3917 1286 3982 dubium
1320 3917 1359 3981 de

68 4009 148 4074 olore
172 4005 370 4072 sacramenti
386 4006 520 4073 oriatur.
560 4006 666 4072 Maior
689 4007 789 4074 etiam
813 4012 864 4073 est
887 4006 972 4072 ratio
994 4006 1151 4090 practica,
1177 4010 1213 4072 ut
1235 4005 1358 4070 firmius

68 4098 188 4162 »luntas
213 4100 327 4162 contra
349 4096 513 4179 relapsum
536 4097 717 4172 muniatur;
749 4117 825 4161 nam
849 4117 912 4178 quo
936 4096 1041 4178 magis
1065 4115 1237 4179 expresse,
1265 4099 1358 4160 ioniam

68 4187 159 4270 flexa,
184 4188 277 4250 actus
302 4185 418 4267 aliquis
442 4191 631 4261 exercetur,
658 4208 696 4251 eo
720 4185 819 4251 altius
843 4184 951 4251 animo
974 4185 1123 4250 inhaeret
1147 4205 1250 4267 eoque
1274 4184 1358 4248 diffi-

68 4276 128 4341 lius
158 4278 236 4340 actu
266 4273 430 4340 contrario
461 4274 529 4339 eius
559 4275 609 4339 vis
639 4276 831 4342 infirmatur.
879 4275 1001 4340 Verum
1032 4274 1066 4339 id
1096 4273 1128 4338 in
1152 4277 1358 4338 sacramento

68 4364 258 4432 renitentiae
273 4363 476 4447 potissimum
490 4365 702 4448 spectandum
717 4368 768 4429 est
785 4368 820 4430 ut
836 4369 973 4447 peccata
985 4385 1050 4429 non
1062 4362 1166 4428 solum
1179 4360 1359 4445 praeterito

68 4457 222 4532 deantur,
253 4453 434 4519 sedetiam
458 4453 651 4536 profuturo
674 4459 946 4537 praecaveantur.
992 4453 1143 4518 Ceterum
1168 4471 1209 4516 ex
1232 4449 1358 4514 sincero

68 4546 145 4611 »lore
170 4542 330 4625 cogitanti
354 4543 394 4607 de
417 4540 487 4607 vita
510 4542 622 4608 futura
644 4546 761 4625 sponte
784 4547 884 4624 atque
908 4563 949 4608 ex
972 4539 1203 4625 psychologica
1219 4539 1359 4621 quadam

68 4633 233 4700 cessitate
256 4631 360 4698 oritur
383 4636 476 4697 actus
499 4631 673 4716 propositi,
703 4631 752 4697 ita
775 4636 828 4710 ut,
857 4631 910 4713 qui
933 4631 1024 4696 illum
1049 4634 1158 4696 actum
1183 4628 1358 4704 cohiberet,
