<?xml version="1.0" encoding="UTF-8"?>
<!DOCTYPE html PUBLIC "-//W3C//DTD XHTML 1.0 Transitional//EN"
    "http://www.w3.org/TR/xhtml1/DTD/xhtml1-transitional.dtd">
<html xmlns="http://www.w3.org/1999/xhtml" xml:lang="en" lang="en">
 <head>
  <title>
</title>
<meta http-equiv="Content-Type" content="text/html;charset=utf-8" />
  <meta name='ocr-system' content='tesseract 3.04.00' />
  <meta name='ocr-capabilities' content='ocr_page ocr_carea ocr_par ocr_line ocrx_word'/>
</head>
<body>
  <div class='ocr_page' id='page_1' title='image "./casusconscienti00lehmgoog_0257.png"; bbox 0 0 3044 5174; ppageno 0'>
   <div class='ocr_carea' id='block_1_1' title="bbox 363 296 1416 366">
    <p class='ocr_par' dir='ltr' id='par_1_1' title="bbox 363 296 1416 366">
     <span class='ocr_line' id='line_1_1' title="bbox 363 296 1416 366; baseline 0.009 -16"><span class='ocrx_word' id='word_1_1' title='bbox 363 296 479 351; x_wconf 84' lang='lat' dir='ltr'><strong>Materia</strong></span> <span class='ocrx_word' id='word_1_2' title='bbox 497 297 665 365; x_wconf 71' lang='lat' dir='ltr'><strong>integritatis</strong></span> <span class='ocrx_word' id='word_1_3' title='bbox 684 315 733 352; x_wconf 88' lang='lat' dir='ltr'><strong>seu</strong></span> <span class='ocrx_word' id='word_1_4' title='bbox 752 299 905 354; x_wconf 75' lang='lat' dir='ltr'><strong>satisfactio</strong></span> <span class='ocrx_word' id='word_1_5' title='bbox 924 298 1140 354; x_wconf 87' lang='lat' dir='ltr'><strong>sacramentalis.</strong></span> <span class='ocrx_word' id='word_1_6' title='bbox 1351 303 1416 366; x_wconf 79' lang='grc'><strong>235</strong></span> 
     </span>
    </p>
   </div>
   <div class='ocr_carea' id='block_1_2' title="bbox 105 475 1417 915">
    <p class='ocr_par' dir='ltr' id='par_1_2' title="bbox 105 475 1417 915">
     <span class='ocr_line' id='line_1_2' title="bbox 114 475 1417 560; baseline 0.001 -22"><span class='ocrx_word' id='word_1_7' title='bbox 114 475 328 559; x_wconf 86' lang='lat' dir='ltr'><strong>complemento</strong></span> <span class='ocrx_word' id='word_1_8' title='bbox 352 477 549 542; x_wconf 78' lang='lat' dir='ltr'><strong>sacramenti</strong></span> <span class='ocrx_word' id='word_1_9' title='bbox 573 498 638 542; x_wconf 90' lang='lat' dir='ltr'><strong>non</strong></span> <span class='ocrx_word' id='word_1_10' title='bbox 662 477 840 556; x_wconf 83' lang='lat' dir='ltr'><strong>essentiali,</strong></span> <span class='ocrx_word' id='word_1_11' title='bbox 866 477 908 543; x_wconf 88' lang='lat' dir='ltr'><strong>ad</strong></span> <span class='ocrx_word' id='word_1_12' title='bbox 924 477 1009 560; x_wconf 90' lang='lat' dir='ltr'><strong>quod</strong></span> <span class='ocrx_word' id='word_1_13' title='bbox 1026 476 1265 560; x_wconf 88' lang='lat' dir='ltr'><strong>procurandum</strong></span> <span class='ocrx_word' id='word_1_14' title='bbox 1283 496 1417 540; x_wconf 89' lang='lat' dir='ltr'><strong>necesse</strong></span> 
     </span>
     <span class='ocr_line' id='line_1_3' title="bbox 112 563 1416 650; baseline 0.002 -23"><span class='ocrx_word' id='word_1_15' title='bbox 112 585 159 628; x_wconf 91' lang='lat' dir='ltr'><strong>non</strong></span> <span class='ocrx_word' id='word_1_16' title='bbox 179 569 229 632; x_wconf 91' lang='lat' dir='ltr'><strong>est</strong></span> <span class='ocrx_word' id='word_1_17' title='bbox 252 563 361 648; x_wconf 90' lang='lat' dir='ltr'><strong>ipsum</strong></span> <span class='ocrx_word' id='word_1_18' title='bbox 391 569 633 631; x_wconf 87' lang='lat' dir='ltr'><strong>sacramentum</strong></span> <span class='ocrx_word' id='word_1_19' title='bbox 664 572 824 649; x_wconf 89' lang='lat' dir='ltr'><strong>repetere.</strong></span> <span class='ocrx_word' id='word_1_20' title='bbox 871 566 1079 650; x_wconf 85' lang='lat' dir='ltr'><strong>Quapropter</strong></span> <span class='ocrx_word' id='word_1_21' title='bbox 1108 566 1137 630; x_wconf 92' lang='lat' dir='ltr'><strong>si</strong></span> <span class='ocrx_word' id='word_1_22' title='bbox 1167 566 1220 631; x_wconf 84' lang='lat' dir='ltr'><strong>vel</strong></span> <span class='ocrx_word' id='word_1_23' title='bbox 1252 564 1416 630; x_wconf 87' lang='lat' dir='ltr'><strong>difficilius</strong></span> 
     </span>
     <span class='ocr_line' id='line_1_4' title="bbox 111 653 1416 739; baseline 0 -21"><span class='ocrx_word' id='word_1_24' title='bbox 111 657 147 720; x_wconf 86' lang='lat' dir='ltr'><strong>est</strong></span> <span class='ocrx_word' id='word_1_25' title='bbox 167 653 403 720; x_wconf 87' lang='lat' dir='ltr'><strong>confessarium</strong></span> <span class='ocrx_word' id='word_1_26' title='bbox 427 655 533 720; x_wconf 88' lang='lat' dir='ltr'><strong>denuo</strong></span> <span class='ocrx_word' id='word_1_27' title='bbox 557 656 658 733; x_wconf 91' lang='lat' dir='ltr'><strong>adire,</strong></span> <span class='ocrx_word' id='word_1_28' title='bbox 683 657 737 720; x_wconf 90' lang='lat' dir='ltr'><strong>vel</strong></span> <span class='ocrx_word' id='word_1_29' title='bbox 761 656 846 721; x_wconf 91' lang='lat' dir='ltr'><strong>sumi</strong></span> <span class='ocrx_word' id='word_1_30' title='bbox 870 655 984 739; x_wconf 89' lang='lat' dir='ltr'><strong>nequit</strong></span> <span class='ocrx_word' id='word_1_31' title='bbox 1008 676 1080 720; x_wconf 93' lang='lat' dir='ltr'><strong>eum</strong></span> <span class='ocrx_word' id='word_1_32' title='bbox 1097 654 1320 739; x_wconf 87' lang='lat' dir='ltr'><strong>paenitentiae</strong></span> <span class='ocrx_word' id='word_1_33' title='bbox 1344 675 1416 719; x_wconf 90' lang='lat' dir='ltr'><strong>ase</strong></span> 
     </span>
     <span class='ocr_line' id='line_1_5' title="bbox 107 742 1416 828; baseline 0.002 -23"><span class='ocrx_word' id='word_1_34' title='bbox 107 742 263 826; x_wconf 83' lang='lat' dir='ltr'><strong>impositae</strong></span> <span class='ocrx_word' id='word_1_35' title='bbox 287 743 467 809; x_wconf 90' lang='lat' dir='ltr'><strong>recordari:</strong></span> <span class='ocrx_word' id='word_1_36' title='bbox 497 745 669 827; x_wconf 88' lang='lat' dir='ltr'><strong>paenitens</strong></span> <span class='ocrx_word' id='word_1_37' title='bbox 692 746 725 809; x_wconf 93' lang='lat' dir='ltr'><strong>in</strong></span> <span class='ocrx_word' id='word_1_38' title='bbox 749 745 858 828; x_wconf 85' lang='lat' dir='ltr'><strong>rigore</strong></span> <span class='ocrx_word' id='word_1_39' title='bbox 882 745 924 810; x_wconf 90' lang='lat' dir='ltr'><strong>ad</strong></span> <span class='ocrx_word' id='word_1_40' title='bbox 948 743 1027 809; x_wconf 89' lang='lat' dir='ltr'><strong>nihil</strong></span> <span class='ocrx_word' id='word_1_41' title='bbox 1057 747 1199 811; x_wconf 91' lang='lat' dir='ltr'><strong>tenetur.</strong></span> <span class='ocrx_word' id='word_1_42' title='bbox 1246 742 1332 808; x_wconf 91' lang='lat' dir='ltr'><strong>Nam</strong></span> <span class='ocrx_word' id='word_1_43' title='bbox 1355 743 1416 808; x_wconf 93' lang='lat' dir='ltr'><strong>im-</strong></span> 
     </span>
     <span class='ocr_line' id='line_1_6' title="bbox 105 831 562 915; baseline 0.009 -19"><span class='ocrx_word' id='word_1_44' title='bbox 105 831 189 914; x_wconf 88' lang='lat' dir='ltr'><strong>pletio</strong></span> <span class='ocrx_word' id='word_1_45' title='bbox 212 831 422 915; x_wconf 88' lang='lat' dir='ltr'><strong>impossibilis</strong></span> <span class='ocrx_word' id='word_1_46' title='bbox 447 833 562 900; x_wconf 90' lang='lat' dir='ltr'><strong>evasit.</strong></span> 
     </span>
    </p>
   </div>
   <div class='ocr_carea' id='block_1_3' title="bbox 98 944 1478 1566">
    <p class='ocr_par' dir='ltr' id='par_1_3' title="bbox 98 944 1478 1566">
     <span class='ocr_line' id='line_1_7' title="bbox 176 944 1478 1030; baseline -0.002 -20"><span class='ocrx_word' id='word_1_47' title='bbox 176 945 233 1010; x_wconf 82' lang='lat' dir='ltr'><strong>An</strong></span> <span class='ocrx_word' id='word_1_48' title='bbox 257 967 448 1023; x_wconf 77' lang='lat' dir='ltr'><strong>ouaaslruu</strong></span> <span class='ocrx_word' id='word_1_49' title='bbox 473 950 512 1011; x_wconf 75' lang='grc' dir='ltr'><strong>2ιιι</strong></span> <span class='ocrx_word' id='word_1_50' title='bbox 535 946 574 1014; x_wconf 88' lang='lat' dir='ltr'><strong>R.</strong></span> <span class='ocrx_word' id='word_1_51' title='bbox 601 950 629 1013; x_wconf 92' lang='lat' dir='ltr'><strong>l.</strong></span> <span class='ocrx_word' id='word_1_52' title='bbox 676 947 900 1015; x_wconf 90' lang='lat' dir='ltr'><strong>Laudabiliter</strong></span> <span class='ocrx_word' id='word_1_53' title='bbox 930 947 1059 1030; x_wconf 89' lang='lat' dir='ltr'><strong>quidem</strong></span> <span class='ocrx_word' id='word_1_54' title='bbox 1090 944 1159 1029; x_wconf 83' lang='lat' dir='ltr'><strong>egit</strong></span> <span class='ocrx_word' id='word_1_55' title='bbox 1182 946 1321 1025; x_wconf 88' lang='lat' dir='ltr'><strong>Brutus,</strong></span> <span class='ocrx_word' id='word_1_56' title='bbox 1352 946 1478 1012; x_wconf 84' lang='lat' dir='ltr'><strong>alia405</strong></span> 
     </span>
     <span class='ocr_line' id='line_1_8' title="bbox 104 1035 1418 1119; baseline 0.001 -19"><span class='ocrx_word' id='word_1_57' title='bbox 104 1055 193 1119; x_wconf 89' lang='lat' dir='ltr'><strong>opera</strong></span> <span class='ocrx_word' id='word_1_58' title='bbox 216 1035 443 1102; x_wconf 86' lang='lat' dir='ltr'><strong>satisfactoria</strong></span> <span class='ocrx_word' id='word_1_59' title='bbox 459 1036 697 1115; x_wconf 90' lang='lat' dir='ltr'><strong>substituendo,</strong></span> <span class='ocrx_word' id='word_1_60' title='bbox 723 1036 852 1119; x_wconf 89' lang='lat' dir='ltr'><strong>quando</strong></span> <span class='ocrx_word' id='word_1_61' title='bbox 876 1037 1053 1102; x_wconf 91' lang='lat' dir='ltr'><strong>secundum</strong></span> <span class='ocrx_word' id='word_1_62' title='bbox 1076 1035 1418 1118; x_wconf 82' lang='lat' dir='ltr'><strong>dictaoonfessarium</strong></span> 
     </span>
     <span class='ocr_line' id='line_1_9' title="bbox 102 1124 1419 1210; baseline 0 -20"><span class='ocrx_word' id='word_1_63' title='bbox 102 1124 196 1190; x_wconf 90' lang='lat' dir='ltr'><strong>denuo</strong></span> <span class='ocrx_word' id='word_1_64' title='bbox 229 1125 320 1191; x_wconf 90' lang='lat' dir='ltr'><strong>adire</strong></span> <span class='ocrx_word' id='word_1_65' title='bbox 351 1146 416 1190; x_wconf 90' lang='lat' dir='ltr'><strong>non</strong></span> <span class='ocrx_word' id='word_1_66' title='bbox 446 1125 569 1210; x_wconf 89' lang='lat' dir='ltr'><strong>potuit;</strong></span> <span class='ocrx_word' id='word_1_67' title='bbox 604 1147 719 1191; x_wconf 87' lang='lat' dir='ltr'><strong>verum</strong></span> <span class='ocrx_word' id='word_1_68' title='bbox 750 1126 832 1192; x_wconf 90' lang='lat' dir='ltr'><strong>haec</strong></span> <span class='ocrx_word' id='word_1_69' title='bbox 864 1125 1139 1192; x_wconf 83' lang='lat' dir='ltr'><strong>sacramentalem</strong></span> <span class='ocrx_word' id='word_1_70' title='bbox 1171 1126 1323 1192; x_wconf 85' lang='lat' dir='ltr'><strong>effectum</strong></span> <span class='ocrx_word' id='word_1_71' title='bbox 1353 1146 1419 1190; x_wconf 91' lang='lat' dir='ltr'><strong>non</strong></span> 
     </span>
     <span class='ocr_line' id='line_1_10' title="bbox 101 1213 1418 1292; baseline 0.001 -13"><span class='ocrx_word' id='word_1_72' title='bbox 101 1213 286 1291; x_wconf 86' lang='lat' dir='ltr'><strong>habuerunt,</strong></span> <span class='ocrx_word' id='word_1_73' title='bbox 310 1213 373 1280; x_wconf 90' lang='lat' dir='ltr'><strong>nisi</strong></span> <span class='ocrx_word' id='word_1_74' title='bbox 396 1214 483 1281; x_wconf 84' lang='lat' dir='ltr'><strong>forte</strong></span> <span class='ocrx_word' id='word_1_75' title='bbox 506 1215 683 1280; x_wconf 88' lang='lat' dir='ltr'><strong>secundum</strong></span> <span class='ocrx_word' id='word_1_76' title='bbox 708 1237 781 1280; x_wconf 94' lang='lat' dir='ltr'><strong>eum</strong></span> <span class='ocrx_word' id='word_1_77' title='bbox 805 1215 937 1281; x_wconf 93' lang='lat' dir='ltr'><strong>modum</strong></span> <span class='ocrx_word' id='word_1_78' title='bbox 960 1219 994 1281; x_wconf 89' lang='lat' dir='ltr'><strong>et</strong></span> <span class='ocrx_word' id='word_1_79' title='bbox 1017 1234 1215 1292; x_wconf 89' lang='lat' dir='ltr'><strong>mensuram,</strong></span> <span class='ocrx_word' id='word_1_80' title='bbox 1239 1215 1418 1280; x_wconf 89' lang='lat' dir='ltr'><strong>secundum</strong></span> 
     </span>
     <span class='ocr_line' id='line_1_11' title="bbox 99 1302 1416 1389; baseline 0 -20"><span class='ocrx_word' id='word_1_81' title='bbox 99 1324 188 1386; x_wconf 84' lang='lat' dir='ltr'><strong>quam</strong></span> <span class='ocrx_word' id='word_1_82' title='bbox 212 1307 323 1369; x_wconf 80' lang='lat' dir='ltr'><strong>ornnic</strong></span> <span class='ocrx_word' id='word_1_83' title='bbox 346 1302 415 1368; x_wconf 89' lang='lat' dir='ltr'><strong>eius</strong></span> <span class='ocrx_word' id='word_1_84' title='bbox 438 1304 525 1369; x_wconf 89' lang='lat' dir='ltr'><strong>bona</strong></span> <span class='ocrx_word' id='word_1_85' title='bbox 541 1325 640 1388; x_wconf 90' lang='lat' dir='ltr'><strong>opera</strong></span> <span class='ocrx_word' id='word_1_86' title='bbox 657 1304 844 1389; x_wconf 89' lang='lat' dir='ltr'><strong>acceperint</strong></span> <span class='ocrx_word' id='word_1_87' title='bbox 859 1303 1115 1371; x_wconf 82' lang='lat' dir='ltr'><strong>satisfactoriam</strong></span> <span class='ocrx_word' id='word_1_88' title='bbox 1132 1303 1199 1368; x_wconf 86' lang='lat' dir='ltr'><strong>vim</strong></span> <span class='ocrx_word' id='word_1_89' title='bbox 1215 1325 1275 1388; x_wconf 91' lang='lat' dir='ltr'><strong>per</strong></span> <span class='ocrx_word' id='word_1_90' title='bbox 1297 1305 1416 1370; x_wconf 85' lang='lat' dir='ltr'><strong>verba:</strong></span> 
     </span>
     <span class='ocr_line' id='line_1_12' title="bbox 99 1392 1416 1479; baseline 0 -21"><span class='ocrx_word' id='word_1_91' title='bbox 99 1395 282 1479; x_wconf 80' lang='lat' dir='ltr'><strong>,Quidquid</strong></span> <span class='ocrx_word' id='word_1_92' title='bbox 306 1395 379 1458; x_wconf 78' lang='lat' dir='ltr'><strong>torci</strong></span> <span class='ocrx_word' id='word_1_93' title='bbox 399 1393 515 1476; x_wconf 77' lang='lat' dir='ltr'><strong>feceris</strong></span> <span class='ocrx_word' id='word_1_94' title='bbox 539 1393 613 1460; x_wconf 83' lang='lat' dir='ltr'><strong>etc.“</strong></span> <span class='ocrx_word' id='word_1_95' title='bbox 659 1393 746 1459; x_wconf 91' lang='lat' dir='ltr'><strong>Nam</strong></span> <span class='ocrx_word' id='word_1_96' title='bbox 776 1414 841 1459; x_wconf 93' lang='lat' dir='ltr'><strong>non</strong></span> <span class='ocrx_word' id='word_1_97' title='bbox 872 1394 979 1460; x_wconf 91' lang='lat' dir='ltr'><strong>estin</strong></span> <span class='ocrx_word' id='word_1_98' title='bbox 1009 1396 1177 1478; x_wconf 87' lang='lat' dir='ltr'><strong>potestate</strong></span> <span class='ocrx_word' id='word_1_99' title='bbox 1206 1392 1416 1477; x_wconf 80' lang='lat' dir='ltr'><strong>paenitentia,</strong></span> 
     </span>
     <span class='ocr_line' id='line_1_13' title="bbox 98 1481 908 1566; baseline 0.001 -19"><span class='ocrx_word' id='word_1_100' title='bbox 98 1483 157 1547; x_wconf 89' lang='lat' dir='ltr'><strong>eois</strong></span> <span class='ocrx_word' id='word_1_101' title='bbox 182 1481 338 1566; x_wconf 88' lang='lat' dir='ltr'><strong>operibus</strong></span> <span class='ocrx_word' id='word_1_102' title='bbox 361 1481 427 1546; x_wconf 92' lang='lat' dir='ltr'><strong>vim</strong></span> <span class='ocrx_word' id='word_1_103' title='bbox 450 1483 723 1549; x_wconf 86' lang='lat' dir='ltr'><strong>sacramentalem</strong></span> <span class='ocrx_word' id='word_1_104' title='bbox 748 1482 908 1548; x_wconf 88' lang='lat' dir='ltr'><strong>conferre.</strong></span> 
     </span>
    </p>
   </div>
   <div class='ocr_carea' id='block_1_4' title="bbox 95 1578 1419 2020">
    <p class='ocr_par' dir='ltr' id='par_1_4' title="bbox 95 1578 1419 2020">
     <span class='ocr_line' id='line_1_14' title="bbox 179 1578 1419 1665; baseline -0.001 -20"><span class='ocrx_word' id='word_1_105' title='bbox 179 1580 221 1646; x_wconf 86' lang='lat' dir='ltr'><strong>R.</strong></span> <span class='ocrx_word' id='word_1_106' title='bbox 240 1581 270 1646; x_wconf 86' lang='lat'><strong>2.</strong></span> <span class='ocrx_word' id='word_1_107' title='bbox 303 1581 448 1661; x_wconf 87' lang='lat' dir='ltr'><strong>Sequens</strong></span> <span class='ocrx_word' id='word_1_108' title='bbox 465 1578 685 1646; x_wconf 91' lang='lat' dir='ltr'><strong>confessarius</strong></span> <span class='ocrx_word' id='word_1_109' title='bbox 701 1580 808 1665; x_wconf 93' lang='lat' dir='ltr'><strong>potuit</strong></span> <span class='ocrx_word' id='word_1_110' title='bbox 824 1580 954 1661; x_wconf 92' lang='lat' dir='ltr'><strong>quidem</strong></span> <span class='ocrx_word' id='word_1_111' title='bbox 968 1579 1131 1646; x_wconf 88' lang='lat' dir='ltr'><strong>rationem</strong></span> <span class='ocrx_word' id='word_1_112' title='bbox 1147 1579 1268 1645; x_wconf 90' lang='lat' dir='ltr'><strong>habere</strong></span> <span class='ocrx_word' id='word_1_113' title='bbox 1284 1600 1419 1663; x_wconf 89' lang='lat' dir='ltr'><strong>eperum</strong></span> 
     </span>
     <span class='ocr_line' id='line_1_15' title="bbox 97 1668 1419 1753; baseline -0.001 -19"><span class='ocrx_word' id='word_1_114' title='bbox 97 1690 215 1747; x_wconf 89' lang='lat' dir='ltr'><strong>eorum,</strong></span> <span class='ocrx_word' id='word_1_115' title='bbox 241 1689 326 1750; x_wconf 89' lang='lat' dir='ltr'><strong>quae</strong></span> <span class='ocrx_word' id='word_1_116' title='bbox 340 1668 424 1734; x_wconf 90' lang='lat' dir='ltr'><strong>Brut</strong></span> <span class='ocrx_word' id='word_1_117' title='bbox 410 1672 463 1734; x_wconf 90' lang='lat' dir='ltr'><strong>tus</strong></span> <span class='ocrx_word' id='word_1_118' title='bbox 486 1670 588 1736; x_wconf 92' lang='lat' dir='ltr'><strong>libere</strong></span> <span class='ocrx_word' id='word_1_119' title='bbox 611 1692 670 1753; x_wconf 88' lang='lat' dir='ltr'><strong>pro</strong></span> <span class='ocrx_word' id='word_1_120' title='bbox 694 1675 747 1736; x_wconf 91' lang='lat' dir='ltr'><strong>sat</strong></span> <span class='ocrx_word' id='word_1_121' title='bbox 732 1669 922 1736; x_wconf 81' lang='lat' dir='ltr'><strong>tisiactione</strong></span> <span class='ocrx_word' id='word_1_122' title='bbox 938 1673 1219 1752; x_wconf 87' lang='lat' dir='ltr'><strong>assumpserat,u</strong></span> <span class='ocrx_word' id='word_1_123' title='bbox 1198 1673 1236 1734; x_wconf 93' lang='lat' dir='ltr'><strong>t</strong></span> <span class='ocrx_word' id='word_1_124' title='bbox 1256 1668 1419 1734; x_wconf 89' lang='lat' dir='ltr'><strong>minueret</strong></span> 
     </span>
     <span class='ocr_line' id='line_1_16' title="bbox 96 1757 1418 1860; baseline 0 -38"><span class='ocrx_word' id='word_1_125' title='bbox 96 1780 177 1824; x_wconf 90' lang='lat' dir='ltr'><strong>nunc</strong></span> <span class='ocrx_word' id='word_1_126' title='bbox 193 1757 458 1860; x_wconf 68' lang='lat' dir='ltr'><strong>paenitentiam</strong></span> <span class='ocrx_word' id='word_1_127' title='bbox 492 1759 549 1824; x_wconf 88' lang='lat' dir='ltr'><strong>sed</strong></span> <span class='ocrx_word' id='word_1_128' title='bbox 573 1759 714 1825; x_wconf 91' lang='lat' dir='ltr'><strong>debebat</strong></span> <span class='ocrx_word' id='word_1_129' title='bbox 736 1758 945 1824; x_wconf 87' lang='lat' dir='ltr'><strong>nihilominus</strong></span> <span class='ocrx_word' id='word_1_130' title='bbox 969 1758 1091 1841; x_wconf 89' lang='lat' dir='ltr'><strong>aliquid</strong></span> <span class='ocrx_word' id='word_1_131' title='bbox 1115 1757 1222 1823; x_wconf 90' lang='lat' dir='ltr'><strong>adhuc</strong></span> <span class='ocrx_word' id='word_1_132' title='bbox 1245 1762 1359 1841; x_wconf 87' lang='lat' dir='ltr'><strong>praest</strong></span> <span class='ocrx_word' id='word_1_133' title='bbox 1359 1779 1418 1824; x_wconf 92' lang='lat' dir='ltr'><strong>an·</strong></span> 
     </span>
     <span class='ocr_line' id='line_1_17' title="bbox 96 1846 1418 1932; baseline 0 -20"><span class='ocrx_word' id='word_1_134' title='bbox 96 1847 200 1913; x_wconf 92' lang='lat' dir='ltr'><strong>dum</strong></span> <span class='ocrx_word' id='word_1_135' title='bbox 191 1847 379 1929; x_wconf 84' lang='lat' dir='ltr'><strong>miungere,</strong></span> <span class='ocrx_word' id='word_1_136' title='bbox 411 1869 483 1913; x_wconf 91' lang='lat' dir='ltr'><strong>cum</strong></span> <span class='ocrx_word' id='word_1_137' title='bbox 507 1848 676 1932; x_wconf 82' lang='lat' dir='ltr'><strong>praeterit</strong></span> <span class='ocrx_word' id='word_1_138' title='bbox 668 1870 695 1913; x_wconf 85' lang='lat' dir='ltr'><strong>rs</strong></span> <span class='ocrx_word' id='word_1_139' title='bbox 725 1848 877 1931; x_wconf 92' lang='lat' dir='ltr'><strong>operibus</strong></span> <span class='ocrx_word' id='word_1_140' title='bbox 901 1846 1001 1914; x_wconf 88' lang='lat' dir='ltr'><strong>etiam</strong></span> <span class='ocrx_word' id='word_1_141' title='bbox 1025 1846 1244 1913; x_wconf 83' lang='lat' dir='ltr'><strong>confessarius</strong></span> <span class='ocrx_word' id='word_1_142' title='bbox 1271 1868 1337 1912; x_wconf 89' lang='lat' dir='ltr'><strong>non</strong></span> <span class='ocrx_word' id='word_1_143' title='bbox 1359 1868 1418 1932; x_wconf 94' lang='lat' dir='ltr'><strong>po-</strong></span> 
     </span>
     <span class='ocr_line' id='line_1_18' title="bbox 95 1937 1045 2020; baseline -0.001 -17"><span class='ocrx_word' id='word_1_144' title='bbox 95 1937 194 2004; x_wconf 88' lang='lat' dir='ltr'><strong>tuerit</strong></span> <span class='ocrx_word' id='word_1_145' title='bbox 219 1937 359 2020; x_wconf 91' lang='lat' dir='ltr'><strong>amplius</strong></span> <span class='ocrx_word' id='word_1_146' title='bbox 383 1938 656 2003; x_wconf 88' lang='lat' dir='ltr'><strong>sacramentalem</strong></span> <span class='ocrx_word' id='word_1_147' title='bbox 680 1937 861 2003; x_wconf 87' lang='lat' dir='ltr'><strong>efficaciam</strong></span> <span class='ocrx_word' id='word_1_148' title='bbox 885 1937 1045 2004; x_wconf 80' lang='lat' dir='ltr'><strong>conferre.</strong></span> 
     </span>
    </p>
   </div>
   <div class='ocr_carea' id='block_1_5' title="bbox 87 2049 1420 2742">
    <p class='ocr_par' dir='ltr' id='par_1_5' title="bbox 87 2049 1420 2742">
     <span class='ocr_line' id='line_1_19' title="bbox 182 2049 1418 2127; baseline 0.002 -11"><span class='ocrx_word' id='word_1_149' title='bbox 182 2053 237 2116; x_wconf 85' lang='lat' dir='ltr'><strong>An</strong></span> <span class='ocrx_word' id='word_1_150' title='bbox 260 2072 451 2127; x_wconf 78' lang='lat' dir='ltr'><strong>ouaasmuar</strong></span> <span class='ocrx_word' id='word_1_151' title='bbox 475 2055 514 2118; x_wconf 80' lang='lat'><strong>3¹¹¹</strong></span> <span class='ocrx_word' id='word_1_152' title='bbox 537 2052 576 2119; x_wconf 89' lang='lat' dir='ltr'><strong>R.</strong></span> <span class='ocrx_word' id='word_1_153' title='bbox 608 2052 646 2116; x_wconf 93' lang='lat' dir='ltr'><strong>ln</strong></span> <span class='ocrx_word' id='word_1_154' title='bbox 669 2053 727 2117; x_wconf 94' lang='lat' dir='ltr'><strong>ult</strong></span> <span class='ocrx_word' id='word_1_155' title='bbox 703 2056 783 2117; x_wconf 85' lang='lat' dir='ltr'><strong>trmo</strong></span> <span class='ocrx_word' id='word_1_156' title='bbox 807 2073 885 2118; x_wconf 91' lang='lat' dir='ltr'><strong>casu</strong></span> <span class='ocrx_word' id='word_1_157' title='bbox 902 2053 1024 2117; x_wconf 89' lang='lat' dir='ltr'><strong>Brutus</strong></span> <span class='ocrx_word' id='word_1_158' title='bbox 1047 2055 1138 2118; x_wconf 89' lang='lat' dir='ltr'><strong>recte</strong></span> <span class='ocrx_word' id='word_1_159' title='bbox 1161 2072 1225 2117; x_wconf 90' lang='lat' dir='ltr'><strong>non</strong></span> <span class='ocrx_word' id='word_1_160' title='bbox 1248 2049 1418 2118; x_wconf 89' lang='lat' dir='ltr'><strong>iudicavit.</strong></span> 
     </span>
     <span class='ocr_line' id='line_1_20' title="bbox 95 2139 1417 2225; baseline -0.002 -19"><span class='ocrx_word' id='word_1_161' title='bbox 95 2140 167 2206; x_wconf 78' lang='lat' dir='ltr'><strong>Etsi</strong></span> <span class='ocrx_word' id='word_1_162' title='bbox 199 2139 285 2206; x_wconf 92' lang='lat' dir='ltr'><strong>enim</strong></span> <span class='ocrx_word' id='word_1_163' title='bbox 317 2161 398 2224; x_wconf 88' lang='lat' dir='ltr'><strong>opus</strong></span> <span class='ocrx_word' id='word_1_164' title='bbox 431 2141 626 2224; x_wconf 89' lang='lat' dir='ltr'><strong>praestitum</strong></span> <span class='ocrx_word' id='word_1_165' title='bbox 657 2147 777 2207; x_wconf 87' lang='lat' dir='ltr'><strong>natura</strong></span> <span class='ocrx_word' id='word_1_166' title='bbox 811 2163 871 2206; x_wconf 90' lang='lat' dir='ltr'><strong>sua</strong></span> <span class='ocrx_word' id='word_1_167' title='bbox 900 2140 1089 2225; x_wconf 90' lang='lat' dir='ltr'><strong>impositum</strong></span> <span class='ocrx_word' id='word_1_168' title='bbox 1124 2161 1206 2224; x_wconf 90' lang='lat' dir='ltr'><strong>opus</strong></span> <span class='ocrx_word' id='word_1_169' title='bbox 1235 2139 1417 2223; x_wconf 88' lang='lat' dir='ltr'><strong>superavit,</strong></span> 
     </span>
     <span class='ocr_line' id='line_1_21' title="bbox 93 2230 1419 2297; baseline -0.003 0"><span class='ocrx_word' id='word_1_170' title='bbox 93 2235 206 2297; x_wconf 89' lang='lat' dir='ltr'><strong>tamen</strong></span> <span class='ocrx_word' id='word_1_171' title='bbox 238 2250 303 2294; x_wconf 91' lang='lat' dir='ltr'><strong>non</strong></span> <span class='ocrx_word' id='word_1_172' title='bbox 333 2230 448 2295; x_wconf 92' lang='lat' dir='ltr'><strong>habuit</strong></span> <span class='ocrx_word' id='word_1_173' title='bbox 477 2251 550 2296; x_wconf 89' lang='lat' dir='ltr'><strong>eam</strong></span> <span class='ocrx_word' id='word_1_174' title='bbox 580 2231 738 2297; x_wconf 87' lang='lat' dir='ltr'><strong>virtutem</strong></span> <span class='ocrx_word' id='word_1_175' title='bbox 769 2230 1023 2296; x_wconf 80' lang='lat' dir='ltr'><strong>satisfactorium</strong></span> <span class='ocrx_word' id='word_1_176' title='bbox 1054 2231 1328 2295; x_wconf 90' lang='lat' dir='ltr'><strong>sacramentalem</strong></span> <span class='ocrx_word' id='word_1_177' title='bbox 1360 2249 1419 2294; x_wconf 89' lang='lat' dir='ltr'><strong>seu</strong></span> 
     </span>
     <span class='ocr_line' id='line_1_22' title="bbox 92 2318 1418 2403; baseline -0.001 -18"><span class='ocrx_word' id='word_1_178' title='bbox 92 2341 134 2385; x_wconf 87' lang='lat' dir='ltr'><strong>ex</strong></span> <span class='ocrx_word' id='word_1_179' title='bbox 150 2340 252 2402; x_wconf 90' lang='lat' dir='ltr'><strong>opere</strong></span> <span class='ocrx_word' id='word_1_180' title='bbox 276 2322 421 2402; x_wconf 89' lang='lat' dir='ltr'><strong>operato,</strong></span> <span class='ocrx_word' id='word_1_181' title='bbox 446 2340 530 2402; x_wconf 89' lang='lat' dir='ltr'><strong>quae</strong></span> <span class='ocrx_word' id='word_1_182' title='bbox 553 2320 643 2403; x_wconf 88' lang='lat' dir='ltr'><strong>operi</strong></span> <span class='ocrx_word' id='word_1_183' title='bbox 667 2341 726 2403; x_wconf 88' lang='lat' dir='ltr'><strong>per</strong></span> <span class='ocrx_word' id='word_1_184' title='bbox 749 2320 983 2385; x_wconf 85' lang='lat' dir='ltr'><strong>confessarium</strong></span> <span class='ocrx_word' id='word_1_185' title='bbox 1007 2318 1159 2403; x_wconf 91' lang='lat' dir='ltr'><strong>imposito</strong></span> <span class='ocrx_word' id='word_1_186' title='bbox 1182 2339 1313 2384; x_wconf 87' lang='lat' dir='ltr'><strong>annexa</strong></span> <span class='ocrx_word' id='word_1_187' title='bbox 1336 2320 1418 2384; x_wconf 89' lang='lat' dir='ltr'><strong>erat.</strong></span> 
     </span>
     <span class='ocr_line' id='line_1_23' title="bbox 92 2406 1418 2491; baseline -0.002 -17"><span class='ocrx_word' id='word_1_188' title='bbox 92 2409 216 2474; x_wconf 87' lang='lat' dir='ltr'><strong>Debuit</strong></span> <span class='ocrx_word' id='word_1_189' title='bbox 239 2408 399 2490; x_wconf 85' lang='lat' dir='ltr'><strong>igitur-</strong></span> <span class='ocrx_word' id='word_1_190' title='bbox 415 2408 513 2473; x_wconf 91' lang='lat' dir='ltr'><strong>immo</strong></span> <span class='ocrx_word' id='word_1_191' title='bbox 536 2409 569 2474; x_wconf 93' lang='lat' dir='ltr'><strong>in</strong></span> <span class='ocrx_word' id='word_1_192' title='bbox 593 2410 703 2491; x_wconf 78' lang='lat' dir='ltr'><strong>rigore</strong></span> <span class='ocrx_word' id='word_1_193' title='bbox 727 2409 914 2475; x_wconf 87' lang='lat' dir='ltr'><strong>etiamnunc</strong></span> <span class='ocrx_word' id='word_1_194' title='bbox 938 2409 1095 2474; x_wconf 89' lang='lat' dir='ltr'><strong>debet-</strong></span> <span class='ocrx_word' id='word_1_195' title='bbox 1111 2407 1244 2473; x_wconf 88' lang='lat' dir='ltr'><strong>litanias</strong></span> <span class='ocrx_word' id='word_1_196' title='bbox 1268 2406 1418 2486; x_wconf 89' lang='lat' dir='ltr'><strong>recitare,</strong></span> 
     </span>
     <span class='ocr_line' id='line_1_24' title="bbox 92 2497 1418 2582; baseline -0.002 -19"><span class='ocrx_word' id='word_1_197' title='bbox 92 2497 155 2563; x_wconf 90' lang='lat' dir='ltr'><strong>nisi</strong></span> <span class='ocrx_word' id='word_1_198' title='bbox 180 2497 469 2564; x_wconf 90' lang='lat' dir='ltr'><strong>commutationem</strong></span> <span class='ocrx_word' id='word_1_199' title='bbox 493 2498 527 2562; x_wconf 93' lang='lat' dir='ltr'><strong>in</strong></span> <span class='ocrx_word' id='word_1_200' title='bbox 551 2519 632 2582; x_wconf 92' lang='lat' dir='ltr'><strong>opus</strong></span> <span class='ocrx_word' id='word_1_201' title='bbox 655 2499 728 2564; x_wconf 90' lang='lat' dir='ltr'><strong>leve</strong></span> <span class='ocrx_word' id='word_1_202' title='bbox 752 2497 938 2565; x_wconf 88' lang='lat' dir='ltr'><strong>obtinuerit.</strong></span> <span class='ocrx_word' id='word_1_203' title='bbox 986 2498 1088 2575; x_wconf 86' lang='lat' dir='ltr'><strong>Quam</strong></span> <span class='ocrx_word' id='word_1_204' title='bbox 1119 2497 1418 2573; x_wconf 87' lang='lat' dir='ltr'><strong>commutationem,</strong></span> 
     </span>
     <span class='ocr_line' id='line_1_25' title="bbox 90 2586 1420 2671; baseline 0 -19"><span class='ocrx_word' id='word_1_205' title='bbox 90 2588 134 2652; x_wconf 91' lang='lat' dir='ltr'><strong>ob</strong></span> <span class='ocrx_word' id='word_1_206' title='bbox 165 2587 329 2653; x_wconf 89' lang='lat' dir='ltr'><strong>rationem</strong></span> <span class='ocrx_word' id='word_1_207' title='bbox 359 2587 511 2671; x_wconf 89' lang='lat' dir='ltr'><strong>praestiti</strong></span> <span class='ocrx_word' id='word_1_208' title='bbox 542 2587 649 2670; x_wconf 89' lang='lat' dir='ltr'><strong>operis</strong></span> <span class='ocrx_word' id='word_1_209' title='bbox 682 2586 832 2666; x_wconf 86' lang='lat' dir='ltr'><strong>maioris,</strong></span> <span class='ocrx_word' id='word_1_210' title='bbox 868 2587 966 2652; x_wconf 86' lang='lat' dir='ltr'><strong>facile</strong></span> <span class='ocrx_word' id='word_1_211' title='bbox 997 2586 1219 2652; x_wconf 84' lang='lat' dir='ltr'><strong>confessarius</strong></span> <span class='ocrx_word' id='word_1_212' title='bbox 1248 2587 1279 2651; x_wconf 93' lang='lat' dir='ltr'><strong>ei</strong></span> <span class='ocrx_word' id='word_1_213' title='bbox 1308 2589 1420 2670; x_wconf 89' lang='lat' dir='ltr'><strong>potest</strong></span> 
     </span>
     <span class='ocr_line' id='line_1_26' title="bbox 87 2676 282 2742; baseline -0.01 0"><span class='ocrx_word' id='word_1_214' title='bbox 87 2676 282 2742; x_wconf 90' lang='lat' dir='ltr'><strong>concedere.</strong></span> 
     </span>
    </p>
   </div>
   <div class='ocr_carea' id='block_1_6' title="bbox 207 2865 1305 3058">
    <p class='ocr_par' dir='ltr' id='par_1_6' title="bbox 207 2865 1305 3058">
     <span class='ocr_line' id='line_1_27' title="bbox 207 2865 1305 2935; baseline 0 -4"><span class='ocrx_word' id='word_1_215' title='bbox 207 2865 332 2932; x_wconf 82' lang='lat' dir='ltr'><strong>Nova</strong></span> <span class='ocrx_word' id='word_1_216' title='bbox 357 2865 592 2934; x_wconf 84' lang='lat' dir='ltr'><strong>CONFESSIO</strong></span> <span class='ocrx_word' id='word_1_217' title='bbox 617 2868 718 2935; x_wconf 83' lang='lat' dir='ltr'>SINE</span> <span class='ocrx_word' id='word_1_218' title='bbox 741 2867 866 2933; x_wconf 87' lang='lat' dir='ltr'>NOVA</span> <span class='ocrx_word' id='word_1_219' title='bbox 891 2867 1193 2934; x_wconf 77' lang='lat' dir='ltr'><strong>PAENITENTIA</strong></span> <span class='ocrx_word' id='word_1_220' title='bbox 1217 2867 1305 2932; x_wconf 84' lang='lat' dir='ltr'><strong>VEL</strong></span> 
     </span>
     <span class='ocr_line' id='line_1_28' title="bbox 596 2989 915 3058; baseline 0.006 -2"><span class='ocrx_word' id='word_1_221' title='bbox 596 2989 915 3058; x_wconf 82' lang='lat' dir='ltr'><strong>ABSOLUTIONE.</strong></span> 
     </span>
    </p>
   </div>
   <div class='ocr_carea' id='block_1_7' title="bbox 661 3131 867 3208">
    <p class='ocr_par' dir='ltr' id='par_1_7' title="bbox 661 3131 867 3208">
     <span class='ocr_line' id='line_1_29' title="bbox 661 3131 867 3208; baseline -0.015 -12"><span class='ocrx_word' id='word_1_222' title='bbox 661 3131 771 3199; x_wconf 82' lang='lat' dir='ltr'><strong>Casus.</strong></span> <span class='ocrx_word' id='word_1_223' title='bbox 791 3141 867 3208; x_wconf 84' lang='lat'>(117)</span> 
     </span>
    </p>
   </div>
   <div class='ocr_carea' id='block_1_8' title="bbox 84 3262 1420 4482">
    <p class='ocr_par' dir='ltr' id='par_1_8' title="bbox 84 3262 1420 3581">
     <span class='ocr_line' id='line_1_30' title="bbox 180 3262 1420 3337; baseline 0 -15"><span class='ocrx_word' id='word_1_224' title='bbox 180 3263 317 3335; x_wconf 77' lang='lat' dir='ltr'><strong>Tonsilla,</strong></span> <span class='ocrx_word' id='word_1_225' title='bbox 339 3263 444 3322; x_wconf 90' lang='lat' dir='ltr'><strong>mulier</strong></span> <span class='ocrx_word' id='word_1_226' title='bbox 458 3264 639 3337; x_wconf 91' lang='lat' dir='ltr'><strong>meticulosa,</strong></span> <span class='ocrx_word' id='word_1_227' title='bbox 661 3272 713 3322; x_wconf 87' lang='lat' dir='ltr'><strong>vix</strong></span> <span class='ocrx_word' id='word_1_228' title='bbox 727 3264 811 3323; x_wconf 89' lang='lat' dir='ltr'><strong>finita</strong></span> <span class='ocrx_word' id='word_1_229' title='bbox 834 3264 1030 3336; x_wconf 84' lang='lat' dir='ltr'><strong>confessione,</strong></span> <span class='ocrx_word' id='word_1_230' title='bbox 1052 3265 1089 3322; x_wconf 90' lang='lat' dir='ltr'><strong>ad</strong></span> <span class='ocrx_word' id='word_1_231' title='bbox 1105 3262 1322 3322; x_wconf 83' lang='lat' dir='ltr'><strong>confessionale</strong></span> <span class='ocrx_word' id='word_1_232' title='bbox 1343 3262 1420 3322; x_wconf 90' lang='lat' dir='ltr'><strong>redit</strong></span> 
     </span>
     <span class='ocr_line' id='line_1_31' title="bbox 84 3344 1419 3421; baseline -0.001 -16"><span class='ocrx_word' id='word_1_233' title='bbox 84 3366 124 3405; x_wconf 80' lang='lat' dir='ltr'><strong>ac</strong></span> <span class='ocrx_word' id='word_1_234' title='bbox 147 3346 222 3404; x_wconf 89' lang='lat' dir='ltr'><strong>dicit</strong></span> <span class='ocrx_word' id='word_1_235' title='bbox 249 3364 282 3402; x_wconf 91' lang='lat' dir='ltr'><strong>se</strong></span> <span class='ocrx_word' id='word_1_236' title='bbox 303 3345 424 3403; x_wconf 89' lang='lat' dir='ltr'><strong>oblitam</strong></span> <span class='ocrx_word' id='word_1_237' title='bbox 455 3364 521 3403; x_wconf 85' lang='lat' dir='ltr'><strong>esse</strong></span> <span class='ocrx_word' id='word_1_238' title='bbox 551 3345 761 3420; x_wconf 84' lang='lat' dir='ltr'><strong>cogitationem</strong></span> <span class='ocrx_word' id='word_1_239' title='bbox 790 3346 1009 3421; x_wconf 88' lang='lat' dir='ltr'><strong>blasphemam,</strong></span> <span class='ocrx_word' id='word_1_240' title='bbox 1038 3344 1085 3403; x_wconf 91' lang='lat' dir='ltr'><strong>cui</strong></span> <span class='ocrx_word' id='word_1_241' title='bbox 1106 3344 1298 3420; x_wconf 89' lang='lat' dir='ltr'><strong>probabiliter</strong></span> <span class='ocrx_word' id='word_1_242' title='bbox 1318 3344 1419 3403; x_wconf 89' lang='lat' dir='ltr'><strong>inhae-</strong></span> 
     </span>
     <span class='ocr_line' id='line_1_32' title="bbox 84 3423 1419 3502; baseline -0.003 -16"><span class='ocrx_word' id='word_1_243' title='bbox 84 3427 172 3486; x_wconf 85' lang='lat' dir='ltr'><strong>serit.</strong></span> <span class='ocrx_word' id='word_1_244' title='bbox 202 3425 297 3496; x_wconf 82' lang='lat' dir='ltr'><strong>Quam</strong></span> <span class='ocrx_word' id='word_1_245' title='bbox 319 3424 412 3496; x_wconf 89' lang='lat' dir='ltr'><strong>Titus,</strong></span> <span class='ocrx_word' id='word_1_246' title='bbox 435 3425 646 3497; x_wconf 79' lang='lat' dir='ltr'><strong>confessarius,</strong></span> <span class='ocrx_word' id='word_1_247' title='bbox 669 3427 769 3485; x_wconf 89' lang='lat' dir='ltr'><strong>statim</strong></span> <span class='ocrx_word' id='word_1_248' title='bbox 791 3431 930 3502; x_wconf 91' lang='lat' dir='ltr'><strong>repetens</strong></span> <span class='ocrx_word' id='word_1_249' title='bbox 945 3425 1170 3496; x_wconf 84' lang='lat' dir='ltr'><strong>absolutionem,</strong></span> <span class='ocrx_word' id='word_1_250' title='bbox 1193 3423 1322 3495; x_wconf 85' lang='lat' dir='ltr'><strong>dimittit,</strong></span> <span class='ocrx_word' id='word_1_251' title='bbox 1345 3423 1419 3482; x_wconf 91' lang='lat' dir='ltr'><strong>nihil</strong></span> 
     </span>
     <span class='ocr_line' id='line_1_33' title="bbox 86 3504 551 3581; baseline -0.002 -16"><span class='ocrx_word' id='word_1_252' title='bbox 86 3507 193 3566; x_wconf 87' lang='lat' dir='ltr'><strong>dicens</strong></span> <span class='ocrx_word' id='word_1_253' title='bbox 215 3504 289 3565; x_wconf 90' lang='lat' dir='ltr'><strong>nisi:</strong></span> <span class='ocrx_word' id='word_1_254' title='bbox 311 3504 396 3563; x_wconf 87' lang='lat' dir='ltr'><strong>Vade</strong></span> <span class='ocrx_word' id='word_1_255' title='bbox 416 3504 448 3562; x_wconf 89' lang='lat' dir='ltr'><strong>in</strong></span> <span class='ocrx_word' id='word_1_256' title='bbox 468 3524 551 3581; x_wconf 89' lang='lat' dir='ltr'><strong>pace.</strong></span> 
     </span>
    </p>

    <p class='ocr_par' dir='ltr' id='par_1_9' title="bbox 84 3583 1420 3888">
     <span class='ocr_line' id='line_1_34' title="bbox 181 3583 1418 3662; baseline -0.002 -17"><span class='ocrx_word' id='word_1_257' title='bbox 181 3587 230 3645; x_wconf 87' lang='lat' dir='ltr'><strong>Ad</strong></span> <span class='ocrx_word' id='word_1_258' title='bbox 252 3584 375 3644; x_wconf 89' lang='lat' dir='ltr'><strong>eundem</strong></span> <span class='ocrx_word' id='word_1_259' title='bbox 397 3585 558 3643; x_wconf 82' lang='lat' dir='ltr'><strong>revertitur</strong></span> <span class='ocrx_word' id='word_1_260' title='bbox 578 3591 646 3661; x_wconf 92' lang='lat' dir='ltr'><strong>post</strong></span> <span class='ocrx_word' id='word_1_261' title='bbox 667 3590 819 3662; x_wconf 89' lang='lat' dir='ltr'><strong>peractam</strong></span> <span class='ocrx_word' id='word_1_262' title='bbox 841 3586 1057 3645; x_wconf 83' lang='lat' dir='ltr'><strong>consessionem</strong></span> <span class='ocrx_word' id='word_1_263' title='bbox 1080 3583 1220 3645; x_wconf 86' lang='lat' dir='ltr'><strong>Claudius</strong></span> <span class='ocrx_word' id='word_1_264' title='bbox 1240 3584 1357 3644; x_wconf 88' lang='lat' dir='ltr'><strong>iuvenis</strong></span> <span class='ocrx_word' id='word_1_265' title='bbox 1379 3584 1418 3643; x_wconf 94' lang='lat' dir='ltr'><strong>di·</strong></span> 
     </span>
     <span class='ocr_line' id='line_1_35' title="bbox 86 3665 1418 3736; baseline -0.001 -10"><span class='ocrx_word' id='word_1_266' title='bbox 86 3686 163 3726; x_wconf 86' lang='lat' dir='ltr'><strong>cens</strong></span> <span class='ocrx_word' id='word_1_267' title='bbox 191 3686 225 3724; x_wconf 90' lang='lat' dir='ltr'><strong>se</strong></span> <span class='ocrx_word' id='word_1_268' title='bbox 247 3685 365 3724; x_wconf 87' lang='lat' dir='ltr'><strong>errasse</strong></span> <span class='ocrx_word' id='word_1_269' title='bbox 393 3665 559 3724; x_wconf 85' lang='lat' dir='ltr'><strong>confitendo</strong></span> <span class='ocrx_word' id='word_1_270' title='bbox 580 3666 733 3725; x_wconf 91' lang='lat' dir='ltr'><strong>mollitiem</strong></span> <span class='ocrx_word' id='word_1_271' title='bbox 761 3665 860 3725; x_wconf 83' lang='lat' dir='ltr'><strong>sexies</strong></span> <span class='ocrx_word' id='word_1_272' title='bbox 892 3666 1095 3736; x_wconf 85' lang='lat' dir='ltr'><strong>commissam,</strong></span> <span class='ocrx_word' id='word_1_273' title='bbox 1123 3665 1234 3724; x_wconf 91' lang='lat' dir='ltr'><strong>factam</strong></span> <span class='ocrx_word' id='word_1_274' title='bbox 1265 3684 1329 3723; x_wconf 88' lang='lat' dir='ltr'><strong>eam</strong></span> <span class='ocrx_word' id='word_1_275' title='bbox 1351 3685 1418 3725; x_wconf 88' lang='lat' dir='ltr'><strong>esse</strong></span> 
     </span>
     <span class='ocr_line' id='line_1_36' title="bbox 88 3745 1420 3823; baseline -0.002 -17"><span class='ocrx_word' id='word_1_276' title='bbox 88 3747 208 3806; x_wconf 88' lang='lat' dir='ltr'><strong>decies:</strong></span> <span class='ocrx_word' id='word_1_277' title='bbox 237 3745 285 3804; x_wconf 93' lang='lat' dir='ltr'><strong>cui</strong></span> <span class='ocrx_word' id='word_1_278' title='bbox 304 3745 472 3822; x_wconf 90' lang='lat' dir='ltr'><strong>respondit:</strong></span> <span class='ocrx_word' id='word_1_279' title='bbox 502 3745 633 3817; x_wconf 85' lang='lat' dir='ltr'><strong>Sufficit,</strong></span> <span class='ocrx_word' id='word_1_280' title='bbox 664 3746 738 3804; x_wconf 90' lang='lat' dir='ltr'><strong>adde</strong></span> <span class='ocrx_word' id='word_1_281' title='bbox 759 3746 805 3806; x_wconf 90' lang='lat' dir='ltr'><strong>bis</strong></span> <span class='ocrx_word' id='word_1_282' title='bbox 826 3746 972 3804; x_wconf 89' lang='lat' dir='ltr'><strong>rosarium</strong></span> <span class='ocrx_word' id='word_1_283' title='bbox 993 3766 1046 3823; x_wconf 92' lang='lat' dir='ltr'><strong>pro</strong></span> <span class='ocrx_word' id='word_1_284' title='bbox 1068 3745 1266 3823; x_wconf 89' lang='lat' dir='ltr'><strong>paenitentia,</strong></span> <span class='ocrx_word' id='word_1_285' title='bbox 1287 3746 1347 3804; x_wconf 90' lang='lat' dir='ltr'><strong>iam</strong></span> <span class='ocrx_word' id='word_1_286' title='bbox 1368 3747 1420 3804; x_wconf 90' lang='lat' dir='ltr'><strong>ab·</strong></span> 
     </span>
     <span class='ocr_line' id='line_1_37' title="bbox 84 3828 269 3888; baseline -0.022 0"><span class='ocrx_word' id='word_1_287' title='bbox 84 3828 207 3888; x_wconf 88' lang='lat' dir='ltr'><strong>solutus</strong></span> <span class='ocrx_word' id='word_1_288' title='bbox 228 3844 269 3885; x_wconf 86' lang='lat' dir='ltr'><strong>es.</strong></span> 
     </span>
    </p>

    <p class='ocr_par' dir='ltr' id='par_1_10' title="bbox 87 3903 1419 4306">
     <span class='ocr_line' id='line_1_38' title="bbox 180 3903 1419 3983; baseline -0.002 -17"><span class='ocrx_word' id='word_1_289' title='bbox 180 3906 252 3966; x_wconf 79' lang='lat' dir='ltr'><strong>Alia</strong></span> <span class='ocrx_word' id='word_1_290' title='bbox 273 3904 338 3964; x_wconf 88' lang='lat' dir='ltr'><strong>vice</strong></span> <span class='ocrx_word' id='word_1_291' title='bbox 359 3906 396 3963; x_wconf 93' lang='lat' dir='ltr'><strong>ad</strong></span> <span class='ocrx_word' id='word_1_292' title='bbox 419 3924 483 3964; x_wconf 90' lang='lat' dir='ltr'><strong>eum</strong></span> <span class='ocrx_word' id='word_1_293' title='bbox 505 3903 588 3967; x_wconf 82' lang='lat' dir='ltr'><strong>venit</strong></span> <span class='ocrx_word' id='word_1_294' title='bbox 610 3905 722 3978; x_wconf 85' lang='lat' dir='ltr'><strong>Guido,</strong></span> <span class='ocrx_word' id='word_1_295' title='bbox 750 3906 799 3981; x_wconf 91' lang='lat' dir='ltr'><strong>qui</strong></span> <span class='ocrx_word' id='word_1_296' title='bbox 821 3911 889 3983; x_wconf 92' lang='lat' dir='ltr'><strong>post</strong></span> <span class='ocrx_word' id='word_1_297' title='bbox 909 3907 1009 3981; x_wconf 91' lang='lat' dir='ltr'><strong>plures</strong></span> <span class='ocrx_word' id='word_1_298' title='bbox 1031 3925 1125 3965; x_wconf 88' lang='lat' dir='ltr'><strong>annos</strong></span> <span class='ocrx_word' id='word_1_299' title='bbox 1147 3905 1211 3965; x_wconf 89' lang='lat' dir='ltr'><strong>sine</strong></span> <span class='ocrx_word' id='word_1_300' title='bbox 1233 3905 1419 3964; x_wconf 83' lang='lat' dir='ltr'><strong>confessione</strong></span> 
     </span>
     <span class='ocr_line' id='line_1_39' title="bbox 88 3985 1418 4065; baseline -0.002 -18"><span class='ocrx_word' id='word_1_301' title='bbox 88 3992 230 4065; x_wconf 89' lang='lat' dir='ltr'><strong>peractos</strong></span> <span class='ocrx_word' id='word_1_302' title='bbox 251 4005 321 4045; x_wconf 84' lang='lat' dir='ltr'><strong>mox</strong></span> <span class='ocrx_word' id='word_1_303' title='bbox 342 3985 420 4061; x_wconf 87' lang='lat' dir='ltr'><strong>apud</strong></span> <span class='ocrx_word' id='word_1_304' title='bbox 448 3985 539 4045; x_wconf 84' lang='lat' dir='ltr'><strong>alium</strong></span> <span class='ocrx_word' id='word_1_305' title='bbox 566 3987 750 4045; x_wconf 88' lang='lat' dir='ltr'><strong>sacerdotem</strong></span> <span class='ocrx_word' id='word_1_306' title='bbox 779 3987 934 4046; x_wconf 86' lang='lat' dir='ltr'><strong>confessus</strong></span> <span class='ocrx_word' id='word_1_307' title='bbox 964 3992 1043 4058; x_wconf 88' lang='lat' dir='ltr'><strong>erat,</strong></span> <span class='ocrx_word' id='word_1_308' title='bbox 1072 4006 1151 4046; x_wconf 92' lang='lat' dir='ltr'><strong>nunc</strong></span> <span class='ocrx_word' id='word_1_309' title='bbox 1178 3986 1266 4046; x_wconf 74' lang='lat' dir='ltr'><strong>valde</strong></span> <span class='ocrx_word' id='word_1_310' title='bbox 1295 3986 1418 4057; x_wconf 88' lang='lat' dir='ltr'><strong>dubitat,</strong></span> 
     </span>
     <span class='ocr_line' id='line_1_40' title="bbox 88 4065 1419 4143; baseline -0.005 -15"><span class='ocrx_word' id='word_1_311' title='bbox 88 4089 159 4128; x_wconf 90' lang='lat' dir='ltr'><strong>num</strong></span> <span class='ocrx_word' id='word_1_312' title='bbox 182 4067 381 4126; x_wconf 87' lang='lat' dir='ltr'><strong>declaraverit</strong></span> <span class='ocrx_word' id='word_1_313' title='bbox 400 4065 540 4136; x_wconf 89' lang='lat' dir='ltr'><strong>insidias,</strong></span> <span class='ocrx_word' id='word_1_314' title='bbox 570 4085 643 4142; x_wconf 88' lang='lat' dir='ltr'><strong>quas</strong></span> <span class='ocrx_word' id='word_1_315' title='bbox 665 4067 754 4126; x_wconf 89' lang='lat' dir='ltr'><strong>alicui</strong></span> <span class='ocrx_word' id='word_1_316' title='bbox 775 4067 891 4143; x_wconf 87' lang='lat' dir='ltr'><strong>puellae</strong></span> <span class='ocrx_word' id='word_1_317' title='bbox 919 4075 1033 4125; x_wconf 89' lang='lat' dir='ltr'><strong>struere</strong></span> <span class='ocrx_word' id='word_1_318' title='bbox 1054 4068 1190 4137; x_wconf 89' lang='lat' dir='ltr'><strong>volebat,</strong></span> <span class='ocrx_word' id='word_1_319' title='bbox 1219 4085 1290 4124; x_wconf 89' lang='lat' dir='ltr'><strong>casu</strong></span> <span class='ocrx_word' id='word_1_320' title='bbox 1320 4071 1419 4123; x_wconf 86' lang='lat' dir='ltr'><strong>tamen</strong></span> 
     </span>
     <span class='ocr_line' id='line_1_41' title="bbox 88 4144 1417 4224; baseline -0.003 -16"><span class='ocrx_word' id='word_1_321' title='bbox 88 4148 199 4208; x_wconf 88' lang='lat' dir='ltr'><strong>omisit.</strong></span> <span class='ocrx_word' id='word_1_322' title='bbox 235 4147 321 4205; x_wconf 85' lang='lat' dir='ltr'><strong>Titus</strong></span> <span class='ocrx_word' id='word_1_323' title='bbox 342 4145 510 4221; x_wconf 86' lang='lat' dir='ltr'><strong>respondit:</strong></span> <span class='ocrx_word' id='word_1_324' title='bbox 533 4146 593 4204; x_wconf 89' lang='lat' dir='ltr'><strong>sint</strong></span> <span class='ocrx_word' id='word_1_325' title='bbox 614 4147 668 4205; x_wconf 90' lang='lat' dir='ltr'><strong>tibi</strong></span> <span class='ocrx_word' id='word_1_326' title='bbox 688 4167 741 4224; x_wconf 91' lang='lat' dir='ltr'><strong>pro</strong></span> <span class='ocrx_word' id='word_1_327' title='bbox 762 4147 947 4223; x_wconf 87' lang='lat' dir='ltr'><strong>paenitentia</strong></span> <span class='ocrx_word' id='word_1_328' title='bbox 962 4166 1053 4224; x_wconf 85' lang='lat' dir='ltr'><strong>opera</strong></span> <span class='ocrx_word' id='word_1_329' title='bbox 1074 4167 1092 4204; x_wconf 90' lang='lat' dir='ltr'><strong>a</strong></span> <span class='ocrx_word' id='word_1_330' title='bbox 1113 4148 1212 4223; x_wconf 90' lang='lat' dir='ltr'><strong>priore</strong></span> <span class='ocrx_word' id='word_1_331' title='bbox 1234 4144 1417 4204; x_wconf 85' lang='lat' dir='ltr'><strong>confessario</strong></span> 
     </span>
     <span class='ocr_line' id='line_1_42' title="bbox 87 4227 495 4306; baseline -0.007 -17"><span class='ocrx_word' id='word_1_332' title='bbox 87 4228 246 4306; x_wconf 85' lang='lat' dir='ltr'><strong>imposita;</strong></span> <span class='ocrx_word' id='word_1_333' title='bbox 270 4227 338 4286; x_wconf 91' lang='lat' dir='ltr'><strong>dein</strong></span> <span class='ocrx_word' id='word_1_334' title='bbox 358 4227 495 4286; x_wconf 88' lang='lat' dir='ltr'><strong>absolvit.</strong></span> 
     </span>
    </p>

    <p class='ocr_par' dir='ltr' id='par_1_11' title="bbox 84 4321 1418 4482">
     <span class='ocr_line' id='line_1_43' title="bbox 84 4321 1418 4400; baseline -0.005 -13"><span class='ocrx_word' id='word_1_335' title='bbox 84 4328 269 4399; x_wconf 82' lang='lat' dir='ltr'><strong>Quaamrua</strong></span> <span class='ocrx_word' id='word_1_336' title='bbox 292 4327 320 4383; x_wconf 78' lang='grc' dir='ltr'><strong>1ο</strong></span> <span class='ocrx_word' id='word_1_337' title='bbox 341 4324 469 4383; x_wconf 91' lang='lat' dir='ltr'><strong>liceatne</strong></span> <span class='ocrx_word' id='word_1_338' title='bbox 489 4344 597 4382; x_wconf 88' lang='lat' dir='ltr'><strong>novam</strong></span> <span class='ocrx_word' id='word_1_339' title='bbox 620 4325 835 4384; x_wconf 87' lang='lat' dir='ltr'><strong>absolutionem</strong></span> <span class='ocrx_word' id='word_1_340' title='bbox 864 4324 934 4384; x_wconf 87' lang='lat' dir='ltr'><strong>dare</strong></span> <span class='ocrx_word' id='word_1_341' title='bbox 965 4324 1029 4383; x_wconf 90' lang='lat' dir='ltr'><strong>sine</strong></span> <span class='ocrx_word' id='word_1_342' title='bbox 1059 4323 1242 4400; x_wconf 89' lang='lat' dir='ltr'><strong>paenitentia</strong></span> <span class='ocrx_word' id='word_1_343' title='bbox 1270 4321 1418 4400; x_wconf 89' lang='lat' dir='ltr'><strong>imposita,</strong></span> 
     </span>
     <span class='ocr_line' id='line_1_44' title="bbox 347 4403 1418 4482; baseline 0.001 -20"><span class='ocrx_word' id='word_1_344' title='bbox 347 4405 394 4463; x_wconf 86' lang='lat' dir='ltr'><strong>vel</strong></span> <span class='ocrx_word' id='word_1_345' title='bbox 415 4405 543 4481; x_wconf 86' lang='lat' dir='ltr'><strong>priorem</strong></span> <span class='ocrx_word' id='word_1_346' title='bbox 571 4406 784 4481; x_wconf 87' lang='lat' dir='ltr'><strong>paenitentiam</strong></span> <span class='ocrx_word' id='word_1_347' title='bbox 813 4406 940 4465; x_wconf 91' lang='lat' dir='ltr'><strong>nondum</strong></span> <span class='ocrx_word' id='word_1_348' title='bbox 970 4411 1120 4482; x_wconf 89' lang='lat' dir='ltr'><strong>peractam</strong></span> <span class='ocrx_word' id='word_1_349' title='bbox 1143 4404 1238 4462; x_wconf 87' lang='lat' dir='ltr'><strong>denuo</strong></span> <span class='ocrx_word' id='word_1_350' title='bbox 1260 4403 1418 4480; x_wconf 91' lang='lat' dir='ltr'><strong>imponere.</strong></span> 
     </span>
    </p>
   </div>
   <div class='ocr_carea' id='block_1_9' title="bbox 293 4492 1418 4633">
    <p class='ocr_par' dir='ltr' id='par_1_12' title="bbox 293 4492 1418 4633">
     <span class='ocr_line' id='line_1_45' title="bbox 293 4492 1418 4633; baseline -0.001 -81"><span class='ocrx_word' id='word_1_351' title='bbox 293 4496 323 4552; x_wconf 78' lang='lat'><strong>‘2⁰</strong></span> <span class='ocrx_word' id='word_1_352' title='bbox 344 4494 488 4633; x_wconf 60' lang='lat' dir='ltr'><strong>gebeatpe</strong></span> <span class='ocrx_word' id='word_1_353' title='bbox 504 4494 685 4631; x_wconf 45' lang='grc' dir='ltr'><strong>1ιιιῐιιθοιιιιιι</strong></span> <span class='ocrx_word' id='word_1_354' title='bbox 707 4494 809 4553; x_wconf 88' lang='lat' dir='ltr'><strong>statim</strong></span> <span class='ocrx_word' id='word_1_355' title='bbox 829 4500 898 4572; x_wconf 90' lang='lat' dir='ltr'><strong>post</strong></span> <span class='ocrx_word' id='word_1_356' title='bbox 917 4495 1133 4553; x_wconf 86' lang='lat' dir='ltr'><strong>confessionem</strong></span> <span class='ocrx_word' id='word_1_357' title='bbox 1148 4493 1300 4550; x_wconf 87' lang='lat' dir='ltr'><strong>declarata</strong></span> <span class='ocrx_word' id='word_1_358' title='bbox 1322 4492 1418 4551; x_wconf 91' lang='lat' dir='ltr'><strong>denuo</strong></span> 
     </span>
     <span class='ocr_line' id='line_1_46' title="bbox 366 4593 585 4632; baseline 0 0"><span class='ocrx_word' id='word_1_359' title='bbox 366 4594 410 4632; x_wconf 82' lang='lat' dir='ltr'><strong>arr</strong></span> <span class='ocrx_word' id='word_1_360' title='bbox 430 4594 448 4632; x_wconf 84' lang='lat' dir='ltr'><strong>a</strong></span> <span class='ocrx_word' id='word_1_361' title='bbox 469 4593 502 4632; x_wconf 92' lang='lat' dir='ltr'><strong>so</strong></span> <span class='ocrx_word' id='word_1_362' title='bbox 517 4594 533 4632; x_wconf 95' lang='lat' dir='ltr'><strong>u</strong></span> <span class='ocrx_word' id='word_1_363' title='bbox 550 4594 585 4632; x_wconf 90' lang='lat'><strong>10.</strong></span> 
     </span>
    </p>
   </div>
   <div class='ocr_carea' id='block_1_10' title="bbox 292 4663 931 4739">
    <p class='ocr_par' dir='ltr' id='par_1_13' title="bbox 292 4663 931 4739">
     <span class='ocr_line' id='line_1_47' title="bbox 292 4663 931 4739; baseline 0.002 -17"><span class='ocrx_word' id='word_1_364' title='bbox 292 4665 323 4722; x_wconf 87' lang='lat'><strong>3⁰</strong></span> <span class='ocrx_word' id='word_1_365' title='bbox 344 4668 463 4722; x_wconf 87' lang='lat' dir='ltr'><strong>rectene</strong></span> <span class='ocrx_word' id='word_1_366' title='bbox 485 4682 523 4721; x_wconf 88' lang='lat' dir='ltr'><strong>an</strong></span> <span class='ocrx_word' id='word_1_367' title='bbox 545 4683 700 4739; x_wconf 88' lang='lat' dir='ltr'><strong>perperam</strong></span> <span class='ocrx_word' id='word_1_368' title='bbox 722 4664 817 4738; x_wconf 80' lang='lat' dir='ltr'><strong>egerit</strong></span> <span class='ocrx_word' id='word_1_369' title='bbox 838 4663 931 4723; x_wconf 87' lang='lat' dir='ltr'><strong>Titus.</strong></span> 
     </span>
    </p>
   </div>
   <div class='ocr_carea' id='block_1_11' title="bbox 0 0 1526 5174">
    <p class='ocr_par' dir='ltr' id='par_1_14' title="bbox 0 0 1526 5174">
     <span class='ocr_line' id='line_1_48' title="bbox 0 0 1526 5174; baseline 0 7"><span class='ocrx_word' id='word_1_370' title='bbox 0 0 1526 5174; x_wconf 95' lang='lat' dir='ltr'><strong> </strong></span> 
     </span>
    </p>
   </div>
  </div>
 </body>
</html>
