3044 5174
282 290 447 345 Matrimonii
467 290 659 361 impedimenta
678 290 852 360 impedientia
870 308 919 345 seu
938 289 1114 360 prohibentia.
1296 293 1358 354 527

35 473 168 552 ternpus
192 466 338 533 clausum
363 468 504 533 noudum
528 472 579 533 est
601 468 737 535 finitum.
785 470 1007 551 Quapropter,
1038 466 1065 531 si
1095 467 1129 531 in
1158 467 1229 531 looo
1253 466 1360 531 Adolfi

35 556 90 622 lex
114 557 173 624 illa
196 556 389 641 simpliciter
411 555 651 622 matrimonium
668 556 843 642 prohibens
860 556 959 640 viget,
984 555 1138 622 ordinarii
1161 554 1361 639 dispensatio

36 645 226 712 necessaria
248 649 309 723 est,
334 649 371 711 ut
392 645 426 711 in
451 666 529 711 casu
545 645 652 711 Adolfi
668 646 910 712 matrimonium
927 644 1083 711 celebrari
1099 644 1207 710 liceat.
1244 645 1273 710 Α
1288 644 1363 728 lege

34 739 148 801 autern
174 734 428 802 sollemnitatem
452 734 689 818 profanamque
716 734 930 802 festivitatem
962 733 1154 819 prohibente
1183 754 1247 798 non
1278 733 1363 799 solet

35 823 237 909 dispensari,
267 844 373 906 neque
396 824 494 890 facile
517 823 699 908 excogitari
721 828 832 909 potest
855 844 971 900 causa,
1003 843 1067 906 qua
1097 822 1267 888 deficiente
1294 823 1362 906 epi·

36 934 157 997 scopus
180 913 213 978 in
236 913 298 979 hac
322 914 395 995 lege
425 913 602 979 universali
633 918 723 978 certo
753 934 817 979 non
846 917 955 997 potest
979 911 1176 996 dispensare.
1223 911 1270 977 Cf.
1296 912 1362 977 Be·

36 1003 123 1069 ned.
149 1002 237 1078 XIV,
262 1001 366 1069 lnsru.
389 1004 441 1079 80,
466 1005 574 1079 n.15;
599 1002 768 1079 Rosset,
793 1003 843 1067 De
867 1005 1004 1068 urutrhu.
1029 1006 1053 1067 t.
1071 1001 1113 1078 ll,
1137 1024 1168 1067 u.
1189 1003 1283 1077 1221,
1308 1000 1361 1066 ubi

36 1093 176 1157 affertur
200 1092 310 1158 decret.
336 1091 365 1156 d.
383 1092 413 1160 d.
439 1095 480 1157 26
497 1091 608 1158 Martii
627 1093 722 1169 1859,
746 1091 931 1176 episcopum
956 1112 1019 1156 non
1044 1111 1140 1174 posse
1164 1090 1361 1174 dispensare,

35 1185 73 1247 ut
96 1186 247 1265 tempore
270 1180 381 1246 clauso
405 1180 502 1247 detur
523 1180 707 1246 benedictio
730 1179 927 1248 matrimonii
951 1179 1126 1246 sollemnis.

129 1295 168 1362 R.
192 1300 223 1362 3.
268 1297 321 1361 Ex
346 1296 461 1378 quibus
487 1301 581 1380 patet
605 1296 759 1362 Adolfum
783 1299 872 1362 recte
896 1316 959 1360 non
983 1294 1107 1377 egisse,
1139 1316 1211 1359 oum
1235 1300 1423 1361 cantamen

37 1385 213 1468 profanam
242 1383 422 1452 instituerit
451 1384 598 1451 laetitiae
628 1384 907 1468 significationem.
958 1384 1079 1448 Verum
1110 1383 1222 1466 gravis
1249 1384 1363 1469 culpae

36 1495 102 1539 non
127 1472 259 1540 videtur
281 1475 467 1557 arguendus
490 1494 573 1552 esse,
597 1475 657 1539 uisi
682 1474 767 1541 ratio
786 1473 931 1540 scandali
955 1494 1014 1557 pro
1031 1471 1158 1539 ratione
1174 1473 1236 1537 loci
1253 1494 1362 1539 acces·

37 1563 129 1630 serit.
186 1562 363 1630 Videlicet:
400 1563 432 1643 1)
463 1563 581 1629 Gravis
612 1564 741 1646 quidem
773 1562 947 1648 prohibitio
979 1566 1030 1628 ost
1060 1561 1226 1627 sollemnis
1249 1562 1362 1628 matri-

37 1652 189 1718 monialis
212 1651 461 1728 benedictionis;
487 1653 544 1718 sed
568 1653 651 1718 hanc
667 1653 788 1719 factam
812 1674 885 1718 esse
908 1672 972 1716 non
991 1654 1156 1728 narratur,
1180 1654 1279 1733 atque
1303 1652 1364 1717 hac
1437 1730 1441 1737 ¹

38 1742 69 1806 in
94 1762 147 1817 re,
179 1741 206 1806 si
241 1741 414 1808 commissa
437 1748 540 1818 esset,
571 1742 680 1826 potius
711 1741 872 1826 parochus
902 1761 999 1824 quam
1024 1740 1162 1805 Adolfus
1193 1745 1280 1807 esset
1311 1762 1363 1806 ar-

38 1832 197 1912 guendus.
246 1829 280 1912 2)
304 1831 461 1898 Convivia
491 1831 648 1905 lautiora,
680 1832 706 1896 si
738 1833 826 1897 intra
856 1831 976 1896 limites
1008 1828 1189 1895 modestiae
1218 1835 1362 1904 manent,

39 1919 228 1986 nullatenus
251 1920 480 2004 prohibentur:
512 1941 611 2002 quae,
636 1921 662 1985 si
688 1941 728 1985 ue
751 1927 899 2004 tempore
923 1918 1050 2001 quidem
1076 1918 1361 2001 Quadragesimae.

39 2009 100 2074 nisi
124 2013 287 2091 quatenus
311 2010 421 2076 obstet
444 2009 608 2076 ieiunium.
633 2010 747 2076 stricte
770 2010 998 2093 prohibentur.
1030 2007 1133 2075 multo
1163 2008 1269 2073 minus
1293 2009 1363 2092 ipso

39 2098 125 2164 festo
150 2097 322 2163 Paschatis
351 2104 428 2164 suut
450 2098 623 2183 prohibita.
671 2099 705 2180 3)
730 2099 866 2181 Reliqua
890 2117 1026 2182 pompa,
1054 2098 1081 2162 si
1112 2119 1171 2182 pro
1202 2097 1363 2164 adiunctis

38 2188 135 2254 nimis
159 2186 375 2254 immoderata
398 2193 432 2254 et
455 2188 626 2254 excessivo
656 2192 723 2264 est,
754 2188 814 2254 sub
845 2189 941 2270 gravi
973 2185 1101 2269 quidem
1125 2186 1289 2271 prohibita
1313 2194 1363 2253 est

37 2284 187 2361 tempore
218 2277 346 2352 claus0;
378 2298 489 2343 verum
513 2278 634 2343 festum
658 2276 830 2343 Paschatis
856 2277 919 2343 hac
947 2277 979 2342 in
1010 2297 1045 2341 re
1075 2297 1156 2343 sane
1186 2276 1259 2359 plus
1290 2298 1362 2360 por-

38 2366 142 2432 mittit
173 2386 268 2446 quam
293 2370 423 2450 tenipus
446 2366 745 2449 quadragesimale,
774 2366 917 2433 maxime
952 2366 1005 2433 ubi
1036 2365 1181 2448 reliquae
1205 2365 1363 2450 profanae

38 2455 241 2524 festivitates
272 2459 371 2536 atque
401 2456 548 2523 laetitiae
578 2455 832 2538 significationes
856 2456 1037 2540 prohibitae
1068 2460 1263 2523 censeantur
1286 2455 1363 2521 solis

38 2543 241 2631 temporibus
263 2542 502 2628 paenitentiae,
526 2546 546 2612 i.
572 2566 599 2614 e.
624 2544 656 2610 iu
682 2545 834 2612 Adventu
859 2545 946 2613 etin
972 2546 1238 2628 Quadragesima.
1264 2582 1306 2590 —-
1331 2545 1361 2611 Si

39 2657 117 2702 vero
150 2633 237 2698 infra
269 2634 504 2700 hebdomadam
538 2635 725 2719 paschalem
759 2634 917 2719 profanae
951 2633 1172 2703 festivitates,
1207 2633 1364 2718 imprimis

37 2726 178 2793 choreae
203 2723 360 2807 publicae,
385 2745 405 2789 a
428 2723 661 2790 consuetudine
686 2724 747 2790 loci
772 2724 901 2789 omnino
921 2746 984 2790 non
1001 2724 1229 2801 admittantur,
1254 2725 1313 2790 has
1336 2724 1362 2788 si

39 2813 180 2881 Adolfus
211 2811 407 2891 instituerit,
438 2813 567 2880 etiamsi
601 2812 743 2896 alioquin
767 2813 938 2888 honestas,
971 2835 1041 2879 meo
1072 2813 1189 2878 iudicio
1220 2836 1240 2878 a
1269 2813 1363 2895 gravi

39 2907 176 2989 peceato
200 2902 325 2968 alienus
348 2924 413 2967 non
429 2907 497 2977 est;
522 2902 633 2969 mitius
649 2902 785 2968 dixerim
803 2902 843 2967 de
859 2901 995 2979 choreis,
1020 2923 1104 2985 quae
1120 2907 1261 2985 agantur
1277 2902 1364 2966 iutra

39 2994 184 3079 parietes
215 2991 419 3058 domesticos.
467 2992 514 3058 Cf.
540 2993 571 3058 S.
596 2991 711 3075 Alph.
737 2992 799 3067 Vl,
829 2994 909 3057 938:
942 2993 1069 3066 Marc,
1101 2993 1178 3056 Irrst.
1212 2992 1360 3074 Alpheus.

39 3106 69 3150 n.
98 3081 422 3150 19912R0sset1.
448 3103 475 3147 c.
501 3103 531 3147 n.
560 3085 654 3146 1214.

390 3292 509 3358 VOTA
534 3291 845 3356 PRRFRCTIORIS
870 3289 1012 3358 VITAE.

611 3468 720 3533 Casus.
740 3474 815 3541 (265)

131 3621 273 3681 Romulus
293 3619 409 3678 iuvenis
430 3618 529 3678 emisit
550 3623 650 3677 votum
672 3617 836 3675 servandae
865 3616 1014 3676 castitatis
1036 3624 1066 3674 et
1086 3616 1151 3675 loco
1172 3615 1363 3674 ineundarum

40 3703 211 3782 nuptiarum
232 3700 330 3779 potius
352 3698 531 3776 suscipiendi
553 3717 656 3757 sacros
678 3696 796 3756 ordines
817 3698 864 3755 vel
886 3697 916 3755 iu
938 3697 1057 3756 saeculo
1080 3697 1126 3754 rel
1148 3697 1177 3755 in
1200 3696 1301 3755 ordine
1323 3716 1364 3754 re·

41 3787 163 3861 ligioso:
186 3801 251 3841 oum
273 3781 303 3838 in
324 3780 478 3856 inopinata
498 3779 654 3838 occasione
676 3777 849 3836 chorearum
864 3778 1023 3836 infeliciter
1045 3796 1110 3836 curu
1132 3777 1230 3854 puella
1251 3782 1363 3853 peccat.

42 3865 126 3935 Quae
147 3882 213 3921 oum
234 3880 267 3920 se
288 3863 326 3920 ab
347 3861 413 3936 ipso
433 3859 586 3935 gravidam
608 3858 719 3917 factam
741 3876 824 3927 essa,
852 3858 928 3916 falso
949 3857 1081 3934 quidem,
1111 3856 1206 3924 dicat,
1237 3874 1301 3915 eum
1323 3855 1363 3913 in-

42 3945 139 4016 ducit,
167 3949 306 4018 utquam
327 3941 451 4018 primum
480 3939 596 3999 ineatur
617 3938 842 3997 matrimonium.
884 3938 1091 3998 Confessarius
1120 3937 1286 3997 consultus.
1316 3936 1364 4010 qui

41 4026 203 4085 facultates
224 4023 347 4099 papales
368 4021 554 4087 nonhabet,
587 4025 689 4079 censet
710 4019 740 4078 in
764 4020 819 4078 hoc
844 4038 916 4077 casu
938 4038 1012 4094 opus
1034 4037 1092 4076 non
1121 4037 1187 4076 esse
1215 4016 1363 4093 dispensa·

42 4107 124 4167 tione
145 4103 307 4178 suadetque
328 4101 552 4161 matrimonium.
596 4100 660 4171 Quo
681 4099 772 4168 inito,
796 4100 935 4157 Romulus
957 4098 1101 4174 comperit
1121 4117 1154 4156 ae
1176 4116 1241 4155 esse
1262 4096 1365 4171 decep·

42 4194 120 4255 tum;
146 4184 261 4261 quaerit
282 4202 360 4242 nuno
375 4201 443 4240 nuur
459 4181 537 4240 votis
559 4181 654 4239 adhuc
669 4186 807 4239 teneatur
825 4187 913 4254 atque
928 4179 1099 4253 religiosum
1115 4177 1243 4235 ordinem
1260 4175 1365 4234 debeat

43 4265 165 4343 ingredi.

42 4393 220 4463 Quaumrun
242 4391 271 4447 1⁰
292 4408 367 4463 quae
388 4388 449 4446 siut
469 4391 549 4451 vota,
571 4402 645 4461 quae
660 4384 845 4443 constituant
863 4381 1041 4440 matrimonii
1056 4380 1293 4458 impedimentum
1315 4380 1364 4438 irn-

297 4468 418 4545 pediens
439 4472 469 4525 et
489 4484 639 4541 quousque
659 4464 829 4540 impediant.

244 4570 273 4626 2⁰
294 4586 369 4642 quae
390 4565 430 4624 sit
452 4563 593 4638 obligatio
614 4563 678 4622 eius
699 4562 747 4638 qui
763 4560 953 4620 nihilomiuus
975 4559 1193 4618 matrimonium
1207 4557 1357 4617 contraxit

244 4668 274 4725 3⁰
296 4664 363 4740 quid
385 4663 422 4722 ad
444 4681 545 4721 cusum
568 4668 598 4720 et
618 4661 654 4720 ad
677 4660 765 4719 dubia
786 4657 901 4718 Romuli
921 4658 962 4718 sit
982 4658 1225 4733 respondendum.
