3044 5174
653 297 855 351 Saoramontum
875 297 984 351 ordinis.

403 519 592 587 voolrro
616 521 785 602 orvrul,
810 521 971 589 nrusvn
995 489 1230 587 ornamus

715 677 827 745 dasne.
846 686 936 780 (202)ι

245 819 406 879 Dositbeus
427 839 446 879 a
466 820 578 879 teneris
599 820 687 879 aunis
708 819 930 880 inclinationem
952 820 1102 880 sentiebat
1122 820 1160 879 ad
1181 824 1293 879 statum
1314 819 1481 879 clericalem

158 906 188 959 et
209 900 438 971 sacerdotalem
467 920 524 976 quo
554 900 592 959 ad
613 900 752 959 maiorem
774 901 863 959 etiam
893 901 1033 976 pietatem
1062 900 1255 960 excolendam
1286 901 1481 961 excitabatur.

161 982 266 1039 Verum
288 980 319 1038 in
340 979 465 1038 decursu
486 981 649 1039 studiorum
677 981 816 1039 seductus
846 1000 970 1057 pravum
1000 981 1142 1057 peccandi
1170 980 1304 1039 habitum
1333 982 1481 1039 contraxit

158 1067 189 1120 et
209 1079 262 1137 per
282 1059 394 1135 aliquot
421 1079 516 1119 annos
542 1060 627 1119 fovit.
667 1060 790 1119 Revixit
816 1069 915 1119 tamen
936 1062 1075 1119 voluntas
1103 1060 1284 1136 suscipiendi
1314 1060 1481 1119 sacerdotii.

158 1140 344 1217 Quapropter
364 1139 553 1199 seminarium
568 1140 677 1211 intrat;
700 1142 802 1200 sedeo
824 1141 912 1199 etiam
926 1147 1059 1217 tempore
1074 1160 1183 1218 pravos
1198 1159 1296 1199 mores
1310 1147 1481 1199 contractos

157 1240 260 1297 parum
282 1219 465 1291 emendavit;
486 1239 643 1296 numquam
664 1221 743 1279 ultra
762 1240 891 1280 mensem
914 1240 947 1280 se
961 1221 1114 1281 cont-inuit.
1142 1222 1222 1279 Ante
1236 1220 1481 1280 subdiaconatum

158 1300 359 1359 confessarius
386 1299 524 1360 inductus
544 1300 701 1360 vocatione
722 1320 740 1358 a
760 1301 854 1377 prima
883 1306 982 1360 aetate
1013 1300 1204 1360 manifestata
1225 1306 1257 1359 et
1277 1301 1482 1360 emendatione

158 1400 211 1457 per
240 1399 371 1439 mensem
397 1380 459 1439 fere
486 1385 638 1457 protracta
663 1380 798 1457 permisit
823 1400 980 1439 ascensum
1005 1381 1042 1440 ad
1070 1398 1187 1440 sacrum
1214 1380 1357 1440 ordinem.
1399 1379 1482 1440 Nunc

158 1480 238 1530 vero,
261 1480 327 1520 curn
348 1459 440 1518 maior
460 1461 625 1520 emendatio
647 1467 749 1520 secuta
763 1479 823 1519 non
844 1461 893 1533 sit,
915 1467 983 1520 anto
998 1462 1233 1538 presbyteratum
1248 1459 1280 1519 in
1294 1459 1482 1536 gravioribus

159 1546 296 1600 versatur
316 1534 548 1600 difficultatibus.

160 1648 336 1719 Quanarrua
358 1648 387 1705 1ο
408 1666 483 1723 quae
505 1647 545 1705 sit
565 1646 683 1706 vocatio
706 1646 814 1717 divina,
837 1667 911 1723 quae
933 1648 997 1707 eius
1018 1647 1113 1723 signa.

359 1736 390 1794 2ο
410 1755 485 1812 quae
512 1737 615 1811 regula
642 1736 673 1794 in
700 1736 865 1795 tractandis
894 1737 1059 1796 habituatie
1087 1735 1119 1796 in
1147 1741 1271 1814 peccato
1300 1735 1383 1815 turpi
1415 1741 1482 1794 ante

412 1815 616 1893 suscipiendos
636 1815 763 1875 ordines.

359 1907 389 1964 3⁰
410 1905 479 1982 quid
500 1905 644 1964 Dositheo
666 1906 877 1964 consulendum
897 1906 946 1963 vel
967 1903 1235 1981 praescribendum.

754 2086 889 2170 solutio.

99 2254 150 2307 696
247 2231 301 2295 An
324 2249 514 2305 ounnsmuu
541 2233 577 2293 1¹⁰
600 2230 640 2296 u.
668 2233 696 2298 1.
743 2230 826 2295 Esse
856 2229 1031 2313 specialem
1054 2227 1260 2294 vocationem
1291 2228 1334 2293 ad
1358 2232 1482 2294 statum

26 2328 29 2334 '
160 2320 398 2384 sacerdotalem
421 2318 586 2400 colligitur
607 2323 678 2386 turn
702 2340 744 2384 ex
760 2318 939 2384 communis
955 2317 1181 2402 providentiae
1197 2316 1328 2382 divinae
1344 2318 1482 2400 legibue,

83 2422 88 2435 '
159 2413 229 2474 tum
253 2428 295 2473 ex
319 2408 351 2474 S.
375 2407 546 2491 Scriptura
575 2408 664 2473 clare
695 2412 797 2491 patet.
848 2408 937 2485 ,Neo
962 2406 1132 2490 quisquam
1163 2406 1264 2472 sumit
1294 2406 1357 2471 sibi
1382 2407 1483 2473 hono·

160 2517 238 2571 rem,
263 2496 321 2562 sed
344 2496 397 2579 qui
422 2502 560 2563 vocatur
582 2517 603 2562 a
625 2497 695 2562 Deo
718 2502 886 2579 tamquam
910 2497 1052 2562 Aaron.“
1102 2495 1201 2561 Hebr.
1226 2499 1257 2572 5,
1283 2499 1314 2562 4.

248 2602 287 2669 lt.
312 2605 343 2668 2.
375 2602 448 2668 Nisi
470 2603 628 2687 impulsus
651 2602 769 2669 fortior
791 2603 947 2669 divinitus
963 2603 1060 2668 datus
1075 2601 1171 2678 adsit,
1195 2601 1288 2683 isque
1303 2602 1483 2668 secundum

160 2712 306 2757 normam
331 2692 371 2756 de
394 2692 589 2758 discretione
612 2692 784 2776 spirituum
807 2693 974 2776 probatus,
999 2691 1129 2757 vocatio
1146 2689 1311 2756 ordinaria
1331 2693 1484 2758 consistit

160 2781 192 2845 in
217 2780 381 2846 constanti
403 2780 612 2848 inclinatione
635 2780 803 2858 rationali,
835 2781 1008 2846 coniuncta
1031 2802 1102 2845 cum
1134 2779 1316 2864 aptitudine
1339 2783 1411 2846 turn
1433 2781 1484 2846 in·

159 2875 254 2935 terna
277 2874 346 2936 tum
370 2875 518 2935 externa.

250 2958 421 3024 Inclinatio
445 2958 616 3025 rationalis
639 2958 855 3042 proficiscitur
877 2958 1007 3041 quidem
1032 2958 1073 3022 ab
1090 2960 1236 3023 attractu
1260 2957 1401 3040 gratiae,
1426 2958 1483 3024 sed

160 3068 224 3111 non
248 3046 393 3112 excludit
416 3047 666 3131 repugnantiam
699 3068 741 3112 ex
771 3052 866 3132 parte
895 3047 1062 3131 appetitus
1091 3044 1271 3123 inferioris;
1302 3067 1378 3110 nam
1411 3068 1482 3112 cum

160 3157 281 3217 magna
311 3135 380 3201 eius
410 3136 625 3220 repugnantia
658 3140 749 3201 stare
775 3145 876 3222 potest
898 3135 1050 3201 iudicium
1080 3135 1283 3212 intellectus,
1315 3155 1379 3218 quo
1412 3137 1483 3219 quie

160 3225 292 3303 iudicat,
317 3226 484 3310 perpensis
500 3225 680 3291 rationibus
696 3230 731 3292 et
746 3225 987 3291 attrahentibus
1003 3229 1037 3290 et
1052 3223 1305 3300 retrahentibus,
1329 3224 1392 3289 sibi
1409 3247 1483 3290 con·

161 3315 273 3379 venire
296 3319 418 3379 statum
443 3314 627 3379 clericalem
652 3335 828 3380 assumere.
874 3314 1049 3391 Attamen,
1074 3314 1102 3378 si
1124 3333 1246 3395 magna
1269 3318 1304 3380 et
1327 3319 1483 3380 constans

160 3403 377 3486 repugnantia
401 3404 512 3481 adest,
543 3425 581 3468 eo
611 3403 715 3468 maior
743 3405 803 3468 fiat
832 3407 963 3487 oportet
994 3403 1027 3468 in
1051 3423 1164 3468 veram
1194 3401 1403 3468 vocationem
1433 3404 1483 3468 in-

161 3492 347 3574 vestigatio.

248 3581 408 3665 Aptitudo
432 3580 550 3647 dicitur
572 3586 643 3646 tum
658 3580 788 3646 interna
803 3585 873 3646 tum
890 3585 1036 3646 externa.
1069 3580 1204 3645 Interna
1226 3578 1361 3663 respicit
1376 3578 1482 3662 ipsum

160 3671 322 3736 hominem
346 3672 386 3735 de
410 3669 500 3734 cuius
516 3669 687 3735 vocatione
710 3670 895 3752 quaeritur;
920 3675 1057 3735 externa
1073 3668 1207 3752 respicit
1222 3669 1407 3735 absentiam
1426 3669 1483 3733 ob·

160 3760 370 3828 stabulorum.

249 3849 382 3913 interna
405 3847 554 3931 aptitudo
578 3847 683 3929 exigit
708 3845 740 3929 1)
765 3869 822 3912 eas
845 3847 933 3912 vires
963 3846 1107 3930 corporis
1137 3866 1220 3929 quae
1250 3844 1418 3912 sufficiant
1441 3847 1482 3911 ad

162 3958 242 4002 onus
264 3937 467 4003 sacerdotale
487 3937 696 4020 implendum,
721 3941 854 4019 atquae
870 3936 1108 4001 immunitatem
1124 3937 1165 4001 ab
1182 3934 1482 4016 irregularitatibus

162 4048 203 4090 ex
221 4025 350 4091 defectu
373 4026 517 4110 corporis
534 4025 708 4101 denotant;
735 4027 768 4108 2)
792 4027 880 4092 vires
896 4024 1135 4090 intellectuales
1151 4044 1235 4106 quac
1251 4022 1418 4089 sufficiant
1441 4025 1482 4089 ad

161 4115 391 4197 acquirendam
415 4114 632 4180 necessariam
655 4115 825 4182 seientiam
849 4115 938 4181 etad
956 4113 1134 4198 practicam
1152 4112 1305 4178 iudicium
1320 4113 1480 4196 prudens;

162 4205 248 4269 vires
272 4205 412 4268 morales
443 4204 557 4286 quibus
581 4204 733 4270 ostendat
756 4204 993 4270 immunitatem
1018 4225 1038 4267 a
1060 4203 1149 4268 vitiis
1171 4223 1229 4267 seu
1252 4201 1366 4285 pravis
1388 4201 1479 4267 habi-

161 4294 267 4369 tibus,
302 4297 336 4358 et
359 4292 476 4374 quibus
499 4292 558 4358 sibi
583 4293 780 4376 persuadeat
811 4298 905 4360 tanta
928 4293 1108 4358 voluntatis
1138 4292 1294 4356 firmitate
1317 4311 1354 4355 se
1377 4291 1426 4357 uti
1450 4297 1484 4357 et

162 4387 273 4447 tantas
296 4382 355 4446 sibi
380 4383 486 4447 aDeo
509 4383 655 4466 promitti
679 4384 804 4466 gratias
827 4386 865 4447 ut
888 4381 989 4447 vitam
1014 4382 1088 4446 boni
1112 4381 1220 4446 cleriei
1244 4384 1278 4446 et
1301 4380 1482 4447 sacerdotis

162 4477 315 4553 gesturus
338 4471 390 4536 sit.

250 4561 400 4626 Externa
423 4559 571 4642 aptitudo
595 4559 838 4643 comprehendit
863 4581 926 4623 non
950 4560 1051 4624 solum
1081 4557 1262 4624 absentiam
1291 4557 1483 4640 irregulari·

162 4653 284 4726 tatum,
315 4649 495 4714 sedetiam
520 4647 700 4713 officiorum
723 4650 776 4713 vel
800 4649 1051 4731 obligationum,
1086 4669 1169 4730 quae
1199 4646 1381 4731 impediunt
1403 4670 1482 4731 quo-
