3044 5174
133 294 197 358 236
586 289 792 345 Sacramentum
810 289 1001 360 paenitentiae.

727 464 862 533 Salutio.

70 619 122 673 406
220 607 274 674 An
297 628 488 684 uunnsrrun
515 611 552 670 1¹¹
575 606 613 673 R.
634 611 662 673 l.
695 607 732 672 ln
755 628 843 673 nova
866 606 1071 673 absolutione
1087 628 1174 674 nova
1189 607 1330 676 habetur·
1344 630 1459 676 sacra·

132 698 235 765 menti
257 697 480 782 paenitentiae
496 696 755 773 administrati03
780 717 891 779 quare,
916 697 942 762 si
968 697 1123 781 possibile
1140 701 1201 776 est,
1226 698 1336 764 omnia
1353 699 1459 765 denuo

132 789 202 854 fieri
226 788 363 865 debent,
389 807 472 868 quae
496 785 538 851 ad
562 787 738 852 essentiam
763 793 797 852 et
820 786 1045 869 integritatem
1069 786 1270 854 sacramenti
1292 792 1458 872 spectant.

132 879 255 944 Verum
279 876 321 942 ad
342 875 569 958 integritatem
592 879 722 959 spectat
744 875 948 959 paenitentia
969 875 1165 958 imponenda
1189 880 1223 942 et
1241 878 1457 961 acceptanda.

133 967 221 1050 Ergo
246 965 285 1030 de
308 985 394 1031 novo
417 964 622 1049 paenitentia
651 965 772 1048 imponi
796 964 903 1030 debet.
950 965 1108 1030 Attamen
1132 965 1261 1046 quando
1284 971 1458 1050 peccatum

133 1077 217 1121 nunc
240 1059 429 1120 accusatum
453 1052 605 1119 iudicium
630 1052 670 1118 de
693 1057 785 1119 statu
807 1052 1006 1138 paenitentis
1022 1054 1191 1120 moraliter
1213 1055 1377 1138 loquendo
1401 1056 1459 1120 vix

132 1149 249 1223 mutat,
272 1145 305 1208 in
329 1143 389 1209 hoc
413 1163 491 1209 casu
514 1141 667 1218 sufficiat,
692 1163 750 1226 pro
767 1147 902 1226 peccato
926 1143 1026 1208 etiarn
1042 1143 1138 1225 gravi
1161 1144 1266 1209 levem
1289 1144 1459 1229 imponere

133 1233 379 1318 paenitentiam.
430 1233 526 1310 ,Cum
550 1231 594 1298 sit
616 1252 738 1296 novum
761 1231 924 1310 iudicium,
949 1232 1069 1298 saltem
1092 1232 1214 1315 aliquid
1237 1233 1312 1300 leve
1335 1234 1460 1300 adden·

135 1322 249 1389 dum“:
274 1321 456 1387 Lacroix
478 1321 499 1387 l.
525 1322 556 1397 6,
580 1341 612 1404 p.
637 1323 666 1397 2,
690 1342 722 1387 n.
751 1323 845 1387 1239.

222 1430 260 1494 R.
286 1431 317 1494 2.
363 1427 473 1509 Aliqui
502 1426 655 1493 videntur
684 1427 850 1492 affirmare
879 1426 1115 1511 paenitentiam
1145 1428 1239 1494 modo
1269 1428 1457 1514 impositam

134 1518 191 1584 sed
215 1517 358 1583 nondum
382 1520 549 1601 peractam
579 1537 676 1600 posse
706 1516 820 1581 eadem
843 1515 971 1582 ratione
994 1536 1053 1600 pro
1083 1518 1227 1583 secunda
1250 1519 1458 1585 absolutione

134 1607 265 1692 imponi,
290 1606 376 1672 sicut
399 1606 464 1671 alia
487 1626 588 1689 opera
611 1604 742 1670 aliunde
757 1604 822 1670 iam
839 1604 958 1672 debita.
991 1606 1055 1672 Sed
1078 1606 1139 1671 hoc
1163 1606 1278 1674 merito
1303 1608 1372 1674 aS.
1389 1609 1456 1674 Al-

133 1697 293 1781 phonso
309 1695 329 1760 l.
348 1717 374 1760 c.
392 1717 422 1761 n.
441 1696 505 1759 513
522 1698 556 1759 et
573 1694 700 1777 Gury,
725 1694 826 1760 Casus
842 1694 883 1771 Il,
909 1716 939 1761 n.
957 1697 1018 1759 511
1044 1694 1250 1779 reprobatur,
1274 1718 1348 1762 cum
1372 1697 1457 1764 idem

135 1807 216 1871 opus
247 1784 351 1870 possit
384 1783 470 1849 affici
503 1783 675 1866 multiplici
708 1783 908 1866 obligatione
939 1786 1058 1850 diuersi
1088 1783 1219 1866 quidem
1250 1785 1359 1865 tituli,
1393 1808 1457 1853 non

133 1879 246 1942 tamen
270 1874 408 1939 eiusdem
432 1875 526 1955 tituli,
551 1872 682 1954 quando
705 1893 786 1956 opus
810 1871 915 1957 repeti
939 1875 990 1938 est
1013 1873 1176 1957 possibile.

223 1964 346 2029 Verum
377 1963 430 2044 qui
462 1960 581 2028 docent
610 1961 760 2027 sufficere
791 1961 928 2028 eandem
957 1962 1194 2045 paenitentiam
1224 1984 1283 2048 pro
1316 1967 1458 2046 utraque

135 2053 339 2121 absolutione
363 2050 414 2132 (ut
437 2050 632 2127 Lacruix,
657 2051 756 2133 quil.
782 2072 808 2116 c.
833 2050 926 2116 addit
953 2050 1024 2129 ,vel
1049 2051 1184 2117 eandem
1208 2051 1456 2136 paenitentiam,

134 2164 218 2227 quae
242 2146 341 2208 antea
364 2140 443 2206 data
467 2145 555 2219 erat,
587 2161 672 2204 nune
695 2140 928 2222 iniungendum
957 2161 1017 2224 pru
1040 2145 1181 2222 utraque
1204 2141 1456 2224 absolutione“),

134 2254 198 2297 non
222 2231 375 2297 videntur
405 2251 475 2295 rem
498 2230 547 2295 ita
570 2228 773 2312 concepisse,
804 2232 841 2294 ut
863 2229 1092 2295 existimarent
1120 2230 1208 2295 idern
1231 2251 1313 2314 opus
1335 2231 1457 2316 imponi

135 2323 254 2405 daaeplici
277 2321 484 2403 obliquationem
505 2319 563 2384 sed
585 2318 695 2401 potius
710 2319 768 2396 ita,
793 2324 830 2385 ut
846 2318 1065 2384 confessarius
1080 2327 1204 2386 ructare
1219 2320 1324 2404 possit
1345 2321 1458 2403 paeni·

134 2409 272 2476 tentiam
296 2406 499 2491 impositam,
533 2407 626 2489 quasi
649 2413 777 2490 partem
801 2407 945 2490 aliquam
968 2408 1146 2474 resecando
1170 2430 1229 2493 pro
1253 2409 1458 2476 absolutione

134 2497 199 2564 iarn
224 2498 318 2573 data,
350 2516 486 2579 eamque
509 2517 594 2561 nunc
617 2495 811 2581 imponendo
835 2502 869 2563 et
892 2497 1110 2581 computando
1134 2519 1192 2582 pro
1216 2518 1303 2563 nova
1327 2499 1456 2565 absolu·

135 2587 235 2653 tione.
282 2586 373 2663 Quod
396 2606 476 2651 sane
499 2586 570 2650 fieri
593 2590 705 2670 potest
727 2590 762 2652 et
784 2585 910 2663 valide,
935 2591 969 2652 et
991 2587 1025 2651 in
1049 2607 1137 2662 casu,
1162 2587 1216 2652 ubi
1239 2587 1396 2654 iudicium
1419 2588 1457 2654 de

134 2681 225 2831 {tatlu
248 2674 639 2830 palenitentis49m40raliter
660 2695 725 2740 non
749 2680 912 2754 mutatur,
944 2676 1043 2742 etiam
1068 2676 1166 2742 licite.
1213 2676 1261 2742 cf.
1286 2677 1456 2745 Ballen-

169 2786 189 2830 a
216 2787 258 2831 m.
297 2786 356 2832 .c.
380 2787 411 2830 n.
504 2817 511 2830 .

72 2901 123 2956 407
225 2889 276 2952 An
300 2907 490 2963 qunnsrruu
515 2891 554 2952 2“ι
577 2888 616 2955 R.
644 2890 672 2953 1.
713 2888 764 2952 Ex
789 2888 975 2970 dogmatica
999 2888 1148 2955 doctrina
1171 2888 1211 2954 de
1235 2890 1457 2973 paenitentiae

134 2981 340 3043 sacramento
364 2981 399 3043 et
422 2976 624 3042 confessione
657 2978 804 3059 sequitur
828 2986 908 3043 certo
938 2977 1057 3043 debere
1087 2979 1255 3060 quodlibet
1287 2985 1455 3062 peccatum

134 3087 236 3149 grave
261 3068 377 3131 directe
410 3067 547 3147 ubsolui;
575 3067 768 3132 indirectam
800 3065 1036 3132 absolutionem
1067 3069 1218 3133 sufficere
1247 3073 1378 3135 tantum
1402 3091 1459 3154 per

135 3156 301 3232 accidens,
334 3154 436 3220 donec
459 3155 585 3220 directa
614 3157 673 3221 fiat
703 3155 876 3238 possibilis.
923 3155 1129 3240 Quapropter
1152 3156 1283 3222 dubium
1309 3164 1457 3236 nonest,

135 3245 211 3327 quin
244 3245 419 3326 aliquando
453 3245 521 3309 dari
555 3245 674 3310 debeat
704 3244 785 3310 haec
820 3245 854 3309 in
888 3251 1059 3328 peccatum
1094 3246 1224 3314 noviter
1256 3247 1458 3315 declaratum

135 3334 306 3400 absolutio

224 3440 263 3504 R.
282 3441 312 3505 2.
345 3439 464 3506 Statim
489 3444 599 3506 autem
617 3440 687 3505 dari
704 3461 777 3506 earn
794 3440 1042 3517 absolutionem,
1067 3441 1283 3507 communiter
1298 3442 1460 3525 loquendo

135 3551 199 3595 non
223 3529 328 3593 solum
351 3530 525 3606 suadetur,
556 3530 612 3594 sed
643 3530 713 3594 fieri
737 3530 851 3596 debet:
882 3529 1026 3612 alioquin
1050 3530 1179 3612 cogitur
1201 3532 1391 3615 paenitens,
1423 3538 1460 3598 ut

135 3622 194 3684 aut
217 3617 453 3683 confessionem
477 3622 593 3703 postea
616 3618 720 3702 primo
744 3624 935 3701 sequentem
959 3619 1046 3704 apud
1063 3619 1201 3685 eundem
1225 3621 1460 3687 confessarium

136 3707 252 3786 saciat,
285 3710 344 3773 aut
372 3707 458 3772 idern
481 3711 653 3793 peccatum
683 3707 734 3772 bis
757 3709 963 3775 confiteatur.
1009 3709 1061 3774 Ad
1086 3709 1173 3791 quod
1205 3730 1323 3791 cogere
1346 3711 1460 3795 paeni·

83 3817 86 3823 ·
135 3801 260 3863 tentem
284 3795 502 3861 confessarius
526 3818 590 3862 non
613 3800 734 3880 potest.
786 3798 842 3863 Tb.
873 3821 912 3862 m.
938 3797 979 3875 ll,
1003 3800 1077 3864 325.

73 3938 125 3993 403
224 3919 278 3984 An
302 3940 492 3996 qunnsrruu
517 3923 556 3984 3¹²¹
579 3920 618 3984 R.
646 3924 674 3985 1.
722 3920 864 3985 Dubium
894 3920 1019 3986 moveri
1049 3925 1160 4004 potest
1189 3921 1297 4002 quoad
1317 3926 1462 4008 primum

137 4030 266 4086 casum,
297 4029 374 4074 num
398 4009 537 4074 Tersilla
561 4008 710 4076 debuerit
733 4008 857 4073 muneri
881 4008 921 4074 de
944 4008 1096 4074 iteranda
1119 4009 1332 4088 contritione,
1365 4017 1460 4079 ante·

135 4120 232 4181 quam
256 4097 296 4163 de
319 4118 405 4162 novo
435 4099 671 4164 absolveretur.
719 4097 810 4175 Quod
840 4098 1060 4163 necessarium
1091 4119 1155 4163 nun
1186 4120 1276 4177 esse,
1308 4099 1337 4165 si
1367 4100 1461 4167 dolor

135 4195 234 4255 antea
258 4187 422 4253 excitatus
446 4187 610 4341 filipriggegr
634 4187 757 4254 motivo
774 4187 960 4267 universali,
986 4194 1022 4255 ut
1038 4188 1253 4254 communiter
1268 4187 1340 4255 fieri
1363 4192 1460 4268 solet,

136 4278 223 4343 disce
248 4299 289 4342 ex
319 4279 372 4342 lb.
397 4299 438 4342 nc.
497 4327 504 4353 ,
598 4329 604 4341 .

225 4384 263 4450 R.
289 4386 318 4448 2.
366 4384 457 4461 Quod
481 4383 646 4449 abstinere
670 4384 814 4467 potuerit
837 4383 930 4450 Titus
954 4383 995 4448 ab
1018 4383 1214 4468 imponenda
1238 4406 1324 4451 nova
1348 4388 1461 4470 paeni-

135 4472 241 4538 tentia
264 4473 347 4539 satis
371 4473 549 4538 communis
574 4477 625 4538 est
648 4473 875 4553 theologorum
899 4474 1073 4540 sententia.
1115 4473 1169 4538 Lu
1177 4495 1243 4556 go,
1268 4475 1458 4562 Deposuit.

136 4563 165 4628 d.
192 4566 233 4625 25
258 4585 288 4628 n.
315 4565 357 4627 50
381 4584 439 4645 pro
464 4583 503 4627 ea
527 4561 644 4644 agendi
668 4561 796 4627 ratione
819 4584 911 4625 usum
936 4582 993 4625 seu
1024 4563 1291 4628 consuetudinem
1315 4564 1459 4645 invocat,

136 4657 235 4734 atque
257 4651 358 4717 infert
382 4651 616 4717 confessarium
639 4650 814 4733 aliquando
831 4651 981 4714 excusari
999 4651 1190 4734 simpliciter
1206 4651 1247 4716 ab
1263 4653 1462 4738 imponenda
