3044 5174
490 265 607 319 Materia
626 263 764 334 proxima:
785 291 818 300 —
838 261 986 316 Confessio.

400 492 448 557 IN
473 491 772 558 CONFESSIONE
795 490 1072 557 MENDACIUM.

630 656 740 722 Casus.
762 664 838 732 (103)

159 799 312 859 Veronioa
344 797 527 857 confessario
555 797 649 856 invito
682 796 840 871 aliquando
873 797 948 856 alios
977 798 1176 857 confessarios
1206 797 1285 863 adit,
1316 815 1398 856 vere·

10 878 15 955 l
70 880 197 940 candiae
221 898 326 947 causa,
350 884 383 937 ut
403 877 555 952 incognita
576 877 888 952 incognitograviora
910 881 1049 938 fateatur.
1092 876 1172 946 Quas
1195 877 1398 936 confessiones

70 960 223 1020 ordinario
246 959 429 1018 confessario
451 958 583 1017 studiose
605 958 695 1032 tegit,
718 957 841 1016 dicendo
863 977 895 1016 se
917 977 935 1016 a
958 960 994 1016 15
1017 959 1119 1017 diebus
1140 978 1200 1016 non
1221 958 1340 1017 venisse
1361 957 1399 1015 ad

10 966 22 1133 l
71 1039 289 1107 confitendum,
319 1039 376 1097 etsi
404 1037 498 1115 pridie
520 1040 556 1097 ab
585 1038 643 1096 alio
666 1038 849 1096 confessario
871 1039 1008 1096 absoluta
1029 1039 1085 1108 sit,
1114 1045 1202 1114 atque
1231 1038 1398 1096 confitendo

71 1140 148 1180 nunc
170 1121 287 1181 leviora
308 1117 478 1196 praeteritis
500 1117 690 1176 hebdomadis
706 1118 870 1177 commissa.
899 1119 1135 1187 Aconfeasario,
1158 1118 1284 1195 quirem
1305 1118 1398 1194 suspi-

10 1140 20 1265 l
72 1207 175 1271 catur,
203 1200 391 1274 interrogata
412 1216 480 1256 uum
503 1197 562 1256 alio
583 1198 747 1274 perrexerit
768 1199 816 1256 vel
838 1200 875 1256 ab
897 1198 955 1256 alio
977 1199 1160 1257 confessario
1182 1198 1398 1257 absolutionem

10 1278 27 1373 ὲ,
72 1280 232 1358 acceperit,
253 1280 391 1371 ambigue
412 1277 537 1355 primum
551 1277 718 1369 respondet,
742 1278 808 1336 dein
824 1283 925 1354 aperte
944 1285 1043 1354 negat,
1065 1298 1102 1337 ne
1117 1299 1149 1338 se
1164 1278 1398 1355 reprehensioni·

10 1388 18 1433 3
73 1363 125 1421 bus
147 1361 327 1421 confessarii
348 1362 488 1435 exponat.
529 1357 578 1416 lta
599 1377 629 1415 ιιι
652 1356 769 1433 Gury,
791 1359 883 1418 Cae-aa
904 1379 991 1418 coneo.
1013 1359 1052 1427 Il,
1075 1361 1134 1418 443
1148 1378 1190 1434 aq.

74 1475 251 1545 Quaeramus
273 1476 303 1532 1ο
324 1473 402 1532 sitne
414 1472 564 1531 Veronica
583 1472 614 1531 in
629 1472 687 1531 illis
702 1472 933 1532 circumstantiis
948 1472 1073 1532 mentita
1086 1474 1133 1532 vel
1153 1474 1191 1532 ob
1214 1493 1305 1549 grave
1320 1493 1397 1533 men-

327 1553 443 1613 dacium
464 1552 609 1627 sacrilega
631 1554 776 1612 confessa.

275 1653 305 1711 2⁰
327 1651 395 1727 quid
416 1650 601 1710 sentiendum
623 1650 658 1709 de
680 1650 881 1722 confessariis‚
904 1651 952 1726 qui
971 1669 1060 1726 aegre
1081 1652 1180 1710 ferant
1201 1652 1277 1727 quod
1298 1652 1399 1729 paeni-

327 1737 424 1790 tentes
446 1731 521 1790 alios
544 1730 741 1789 confessarios
763 1732 882 1800 adeunt,
903 1731 989 1807 idque
1010 1732 1048 1789 iis
1069 1730 1256 1791 interdicant.

667 1930 802 1998 Salutio.

10 2148 12 2150 ¹
162 2074 217 2139 Ar>
241 2092 432 2148 euaasrrun
459 2075 496 2137 1¹²²
519 2071 558 2138 R.
585 2075 613 2138 1.
661 2072 806 2156 Supponi
835 2073 887 2138 hic
917 2076 1027 2157 potest
1056 2109 1101 2118 —
1130 2073 1163 2137 id
1193 2073 1279 2156 quod
1309 2093 1460 2148 com-354

10 2165 12 2169 ’
72 2162 217 2228 maniter
240 2160 426 2227 admittitur
448 2199 491 2208 —
515 2161 629 2238 iudici,
660 2162 877 2242 interroganti
901 2182 965 2226 non
989 2162 1135 2244 legitime
1159 2184 1216 2228 seu
1240 2185 1304 2228 non
1327 2163 1398 2230 iure

72 2273 141 2328 suo,
166 2271 258 2316 mere
282 2271 403 2333 negare
426 2249 561 2324 factum,
586 2272 649 2315 non
674 2251 797 2315 censeri
813 2251 1027 2326 mendacium,
1052 2251 1110 2316 sed
1125 2251 1248 2318 licitam
1265 2253 1397 2318 restric-

70 2341 194 2407 tionem
219 2360 284 2405 ιιοιι
307 2360 387 2422 pure
410 2340 596 2406 mentalem.
644 2339 750 2417 Quare
780 2339 823 2405 ad
846 2341 1036 2405 solvendam
1061 2344 1208 2406 nostram
1232 2343 1397 2424 quaestio-

70 2450 145 2495 uem
170 2427 276 2493 videri
300 2429 413 2506 debet,
444 2450 521 2493 num
545 2428 764 2494 confessarius
788 2429 970 2495 ordinarius
994 2429 1140 2511 legitime
1164 2452 1221 2495 seu
1245 2431 1314 2496 iure
1337 2453 1396 2497 suo

69 2516 269 2585 Veronicam
292 2516 557 2599 interrogaverit.

160 2633 201 2699 R.
227 2636 257 2698 2.
298 2632 438 2697 Dubium
461 2654 526 2698 non
550 2637 602 2699 est
625 2632 701 2715 quin
721 2654 833 2698 omnes
854 2633 939 2699 istae
961 2634 1237 2717 interrogationes
1252 2635 1396 2702 sincera·

72 2742 134 2806 que
157 2742 318 2805 responsa
341 2721 512 2788 conferant
535 2723 577 2787 ad
592 2722 770 2806 pleniorem
788 2722 1005 2789 conscientiae
1022 2723 1249 2806 cognitionem.
1290 2724 1396 2802 Quare

10 2827 12 2830 ’
73 2811 100 2878 si
122 2811 238 2894 agitur
260 2810 300 2877 de
322 2831 473 2894 persona,
498 2832 582 2893 quae
598 2831 671 2876 sese
695 2811 754 2876 sub
769 2815 867 2896 plena
883 2811 1019 2877 alicuius
1036 2812 1227 2878 confessarii
1244 2814 1396 2879 obedien·

10 2984 15 2989 Ι
74 2901 119 2966 tia
150 2899 340 2975 constituit,
372 2899 529 2984 eiusmodi
557 2921 715 2984 responsa
745 2901 909 2967 declinare
939 2906 991 2968 est
1014 2901 1163 2967 defectus
1186 2902 1395 2979 sinceritatis,

10 2992 16 3006 ⁸
74 2988 164 3073 isque
189 3010 249 3074 pro
272 2987 373 3053 variis
397 2988 652 3055 circumstantiis
676 2989 893 3055 diversimode
916 2989 1037 3072 gravis.
1080 2991 1181 3056 Immo
1206 2991 1396 3074 cuicumque

75 3080 240 3161 profectus
262 3077 443 3162 spiritualis
473 3079 558 3144 serio
589 3078 677 3143 cordi
701 3084 768 3155 est,
799 3079 957 3145 eiusmodi
987 3081 1106 3162 effugia
1137 3101 1209 3145 cum
1235 3081 1396 3146 Veronica

77 3189 135 3234 uon
161 3173 316 3251 quaeret,
341 3167 408 3244 vel,
433 3166 460 3232 si
485 3168 684 3233 confessario
708 3168 741 3232 in
764 3167 814 3232 his
838 3170 936 3234 rebus
959 3190 1023 3234 non
1046 3169 1136 3246 fidit,
1161 3169 1396 3236 confessarium

76 3256 223 3324 nutabit.
256 3257 379 3322 Verum
403 3256 443 3322 de
466 3256 589 3322 maiore
612 3256 812 3340 perfectione
835 3278 920 3322 nunc
936 3259 1084 3341 quaestio
1107 3279 1170 3323 non
1188 3264 1248 3324 est.
1281 3259 1396 3341 Neque

77 3344 263 3430 negaverim
292 3365 389 3429 posse
419 3344 603 3428 singulares
631 3367 725 3410 casus
756 3346 903 3424 evenire,
934 3346 967 3411 in
999 3346 1114 3428 quibus
1145 3347 1243 3412 etiam
1275 3349 1396 3415 homini

10 3488 18 3497 .
77 3433 306 3517 perfectionem
330 3434 470 3500 sectanti
494 3435 677 3500 consultum
700 3435 744 3501 sit
774 3440 899 3500 certum
923 3435 1055 3518 aliquod
1084 3437 1208 3502 factum
1233 3438 1397 3503 ordinario

10 3546 25 3586 r
77 3523 273 3590 confessario
297 3523 471 3592 occultare.
503 3524 622 3590 Restat
644 3524 745 3607 igitur
760 3523 872 3589 videre
896 3524 973 3607 quid
996 3548 1116 3590 mmmo
1136 3530 1208 3591 iure
1231 3528 1397 3593 confessa·

77 3612 138 3679 rius
162 3613 298 3696 exigere
321 3612 433 3696 possit.

160 3728 201 3795 R.
221 3729 251 3794 3.
287 3727 342 3793 Ius
366 3726 584 3793 confessarius
608 3742 672 3792 non
695 3728 795 3794 habet
817 3729 1013 3812 impediendi
1038 3729 1243 3813 paenitentes
1267 3732 1307 3796 ab
1324 3731 1457 3797 aliisess

10 3831 24 3871 τ’
76 3816 300 3892 confessariis3
331 3837 436 3899 neque
464 3817 516 3882 ius
545 3817 646 3882 habet
669 3817 819 3900 exigendi
844 3819 998 3884 iteratam
1023 3820 1259 3885 confessionem
1285 3841 1395 3885 eorum

76 3913 292 3989 peccatorum.
318 3925 402 3987 quae
425 3905 487 3972 rite
511 3906 662 3972 absoluta
686 3912 771 3972 sunt.
811 3907 897 3972 Nam
922 3908 992 3972 iuro
1016 3909 1126 3973 divino
1150 3909 1272 3974 sufficit
1295 3910 1395 3974 semel

10 4014 23 4049 r
75 3995 134 4063 rite
150 3994 298 4061 confiteri
314 3998 452 4078 peccata
467 3995 629 4072 mortalia,
654 3995 750 4076 idque
767 3996 912 4077 legitimo
929 3997 1088 4081 superiori
1105 3998 1215 4063 eiusve
1233 3998 1396 4080 delegato.

10 4101 21 4141 ῑ
76 4083 122 4151 bx
146 4106 211 4167 quo
236 4088 346 4149 autem
370 4104 481 4149 omnes
504 4085 535 4148 in
561 4084 699 4149 dioecesi
723 4085 914 4150 confessarii
938 4109 996 4171 pro
1013 4091 1083 4152 tota
1107 4087 1246 4152 dioecesi
1269 4089 1397 4152 soleant

10 4222 20 4229 s-
75 4173 223 4258 accipere
253 4173 521 4256 approbationem
553 4178 587 4240 et
609 4173 879 4250 iurisdictionem,
912 4177 1044 4242 cuilibet
1067 4177 1230 4258 integrum
1255 4181 1321 4253 est,
1354 4197 1395 4240 ex

10 4310 20 4319 -
76 4264 222 4329 omnibus
251 4261 302 4327 his
332 4262 374 4327 ab
406 4261 557 4346 episcopo
591 4263 751 4344 delegatis
785 4264 963 4344 quemlibet
995 4267 1228 4331 confessarium
1263 4265 1393 4346 eligere,

10 4372 19 4411 ι
75 4353 157 4437 apud
182 4372 279 4434 quem
303 4350 534 4416 conscientiam
558 4372 650 4416 suam
669 4352 820 4435 deponat.
846 4390 887 4397 —
914 4354 946 4419 Si
963 4354 1063 4437 igitur
1086 4354 1270 4419 ordinarius
1294 4354 1394 4419 Vero-

10 4432 43 4499 =r
75 4442 164 4508 aicae
188 4439 409 4506 confessarius
433 4440 502 4505 eius
525 4440 686 4524 parochus
710 4447 777 4517 est,
802 4442 985 4508 Veronicae
1010 4444 1137 4524 quidem
1162 4443 1310 4524 superior
1334 4448 1394 4516 est,

10 4552 20 4589 r
74 4536 106 4598 at
128 4552 202 4598 eam
227 4550 345 4611 cogere
368 4529 491 4611 nequit,
516 4530 608 4595 utin
632 4529 837 4595 confessione
861 4553 971 4597 eoram
995 4554 1030 4596 se
1054 4537 1222 4615 appareat,
1248 4532 1323 4613 quia
1346 4533 1395 4597 al·

73 4620 134 4687 tior
157 4618 308 4703 superior
331 4639 427 4700 quam
451 4619 607 4702 plurimos
631 4619 800 4700 delegatos
824 4622 994 4687 constituit
1024 4621 1066 4685 ad
1089 4621 1258 4686 arbitrium
1283 4621 1395 4705 paeni·
