3044 5174
142 313 206 377 468
640 309 844 364 Sacramentum
864 309 973 364 ordinis.

141 506 213 552 esse
235 486 473 552 incommodum
497 486 595 551 valde
617 507 737 569 grave,
769 487 854 569 quod
885 488 926 552 ab
950 485 1116 552 ordinaria
1138 487 1213 569 lege
1243 484 1465 553 ecclesiastica

140 575 323 656 (innostro
347 597 425 642 casu
455 574 617 641 recitandi
640 575 796 658 obligatio
827 575 953 659 aliquot
982 577 1081 641 horas
1105 573 1295 658 canonicas)
1320 580 1463 642 exuisset

229 681 267 749 R.
294 684 323 749 2.
370 680 461 746 Idem
492 684 607 747 auctor
630 680 709 747 dicit
733 684 773 747 2⁰.
820 681 936 763 Neque
965 679 1127 746 interesse
1150 681 1329 763 quidquam
1359 686 1463 747 utrum

140 771 280 853 negotiis
304 791 348 836 cx
370 769 479 835 officio
502 770 698 853 peragendis
716 769 892 853 impeditus
908 770 1049 834 officium
1064 769 1209 834 divinum
1234 775 1305 836 tam
1322 770 1379 835 diu
1402 771 1464 835 dis·

139 861 262 938 tulerit,
287 881 330 925 au
353 859 424 924 sine
447 859 634 925 rationabili
658 879 759 926 causa
781 880 840 924 seu
864 860 995 944 propria
1018 860 1125 943 culpa.
1172 859 1258 925 Nam
1284 859 1464 926 exsistente

138 970 224 1015 nuuc
246 948 303 1014 illo
326 948 421 1031 gravi
443 947 685 1032 impedimento,
709 948 795 1030 quud
818 949 1016 1014 recitaturus
1033 947 1230 1014 breviarium
1247 948 1372 1016 debeat
1395 953 1464 1015 utut

139 1037 343 1120 defatigatus
365 1037 493 1102 ieiunus
515 1058 650 1104 manere
679 1059 738 1121 per
760 1039 877 1120 longas
900 1038 1016 1115 horas,
1047 1037 1281 1119 obligationem
1304 1038 1462 1104 recitandi

137 1127 212 1192 illas
235 1127 333 1192 horas
357 1125 520 1210 suspendi.

227 1234 267 1300 R.
291 1236 322 1298 3.
369 1232 453 1298 Dein
476 1233 585 1315 pergit
608 1231 693 1297 idem
717 1235 759 1298 3⁰.
802 1232 909 1298 Aliter
931 1253 1013 1309 esse,
1038 1232 1066 1297 si
1090 1232 1222 1314 Sergius
1247 1253 1290 1297 ex
1313 1233 1462 1298 solede

137 1322 270 1388 votione
293 1321 338 1386 sit
361 1322 584 1387 celebraturus
608 1320 660 1386 die
675 1321 822 1386 Veneris.
855 1321 932 1387 Cum
958 1321 1042 1386 enim
1067 1320 1149 1386 haec
1172 1343 1237 1386 non
1253 1320 1462 1404 obligationis

138 1410 195 1476 sed
219 1411 341 1476 liberae
365 1410 534 1476 electionis
557 1415 592 1476 et
615 1409 740 1475 consilii
763 1430 817 1474 res
840 1411 893 1485 sit,
918 1410 1070 1475 breviarii
1095 1410 1246 1476 recitatio
1270 1431 1313 1475 ex
1338 1411 1461 1494 obliga·

137 1500 227 1567 tione
249 1500 428 1577 incumbat,
452 1500 651 1582 sequendam
674 1520 746 1565 esse
763 1499 959 1565 ordinariam
976 1499 1142 1583 regulam:
1166 1521 1234 1564 rem
1251 1505 1460 1584 praeceptam

137 1589 386 1673 praeferendam
410 1609 482 1654 esse
505 1588 552 1653 rei
576 1588 710 1654 consilii.
757 1589 842 1654 Hinc
866 1589 1015 1671 Sergium
1047 1588 1164 1654 debere
1187 1587 1293 1673 primo
1322 1591 1461 1656 recitare

137 1679 235 1744 horas
259 1681 293 1743 et
316 1677 404 1756 dein,
430 1677 543 1761 elapsa
565 1678 672 1743 medic
695 1683 801 1755 nocte,
826 1678 888 1743 nisi
910 1677 1017 1762 possit
1040 1681 1074 1743 et
1096 1678 1178 1744 velit
1200 1678 1375 1745 incenatus
1397 1700 1461 1744 ma·

137 1787 225 1846 uere,
249 1788 362 1832 cenam
386 1787 515 1832 sumere
539 1787 558 1831 e
580 1766 660 1832 cibis
684 1766 876 1832 esurialibus
899 1772 999 1850 atquc
1022 1766 1156 1833 missam
1179 1766 1345 1833 omittere.

225 1873 264 1940 R.
289 1877 320 1941 4.
367 1872 556 1938 Tamburiui
579 1872 709 1956 quidem
739 1877 773 1939 et
797 1873 904 1939 (lohet
932 1875 1110 1956 loquuntur
1139 1873 1179 1938 de
1208 1873 1364 1956 parocho.
1411 1873 1461 1938 Li·

138 1967 212 2030 ceat
235 1965 345 2029 autem
369 1961 447 2027 mihi
470 1961 608 2046 primum
633 1983 762 2027 sumere
786 1962 935 2045 Sergium
959 1983 1032 2028 esse
1055 1963 1161 2027 virum
1185 1963 1386 2044 religiosum.
1429 1963 1460 2029 Si

136 2052 238 2118 fuerit
260 2051 423 2136 superior,
448 2051 545 2135 plane
568 2050 718 2116 indubius
741 2072 814 2116 sum
837 2073 910 2116 eum
934 2051 1005 2118 sine
1029 2052 1095 2116 ullo
1119 2051 1270 2136 scrupulo
1295 2072 1410 2135 posse,
1434 2053 1461 2116 si

137 2141 218 2207 velit
249 2144 343 2206 etium
373 2161 415 2206 ex
442 2162 534 2205 mera
557 2139 731 2206 devotione
761 2161 890 2206 sacrum
914 2139 1041 2217 facere,
1075 2140 1189 2207 statim
1213 2140 1324 2206 ceneri
1350 2146 1403 2218 et,
1433 2141 1459 2206 si

136 2230 277 2295 defuerit
300 2235 429 2313 tempus
452 2229 635 2311 legitimum
658 2250 717 2312 pro
741 2229 918 2295 recitandis
948 2229 1052 2308 horis,
1084 2251 1140 2295 eas
1164 2229 1327 2297 omittere.
1376 2231 1460 2295 Nam

136 2318 197 2384 nisi
221 2318 343 2384 habeas
373 2339 415 2382 ex
445 2340 518 2383 sese
547 2317 814 2400 impedimentum
846 2318 1027 2401 legitimum
1059 2319 1145 2401 quod
1174 2323 1312 2386 excuset
1335 2340 1357 2384 a
1380 2319 1460 2384 reci·

136 2407 246 2474 tandis
261 2407 359 2481 heria,
376 2408 477 2472 habes
493 2412 614 2484 tamen,
632 2407 674 2472 ob
690 2408 919 2474 excellentiam
935 2407 1074 2474 actionis
1091 2408 1273 2490 liturgieae,
1298 2430 1324 2474 s.
1341 2409 1460 2474 missae

135 2496 302 2573 sacrificii,
334 2496 419 2578 quod
444 2495 541 2561 aliter
564 2495 777 2562 omittendum
802 2496 918 2575 fuerit,
949 2497 1110 2562 rationem
1134 2519 1218 2579 quae
1247 2497 1395 2563 sufficiat
1418 2501 1460 2562 cd

76 2647 78 2653 .
137 2586 402 2670 dispensationem
433 2585 466 2648 in
495 2585 570 2666 lege
602 2585 824 2651 ecclesiastica
848 2585 1001 2651 horarum
1033 2585 1278 2663 canonicarum;
1312 2587 1460 2669 superior

135 2680 244 2740 autem
269 2673 429 2756 regularis
452 2695 562 2738 secum
593 2673 663 2758 ipse
693 2674 883 2758 dispensare
913 2679 1039 2759 potest,
1070 2679 1107 2741 ut
1136 2678 1246 2758 potest
1277 2676 1457 2760 episcopus.

225 2782 263 2847 R.
290 2785 319 2847 5.
367 2780 456 2845 idem
487 2780 584 2862 plane
614 2780 783 2845 dicendum
815 2784 882 2860 est,
914 2781 940 2845 si
966 2781 1099 2863 Sergius
1130 2781 1278 2846 subditus
1309 2787 1377 2859 est,
1411 2783 1459 2847 cui

135 2870 283 2954 superior
306 2869 580 2953 dispensationem
604 2870 688 2934 hanc
712 2871 884 2936 concessit.
931 2869 1021 2946 Quod
1044 2874 1139 2935 'certe
1163 2871 1253 2935 valet
1284 2872 1386 2936 etiam
1420 2873 1458 2936 de

135 2961 288 3044 parocho,
306 2960 360 3041 qui
377 2958 579 3024 occasionem
595 2959 747 3024 habuerit
759 2959 964 3044 recipiendae
977 2959 1228 3042 dispensationis
1241 2960 1282 3025 ab
1295 2961 1457 3045 episcopo.

73 3082 126 3136 814
224 3067 262 3130 R.
289 3069 318 3131 6.
365 3067 484 3132 Restat
506 3065 617 3130 videre
647 3086 724 3129 num
755 3087 790 3130 re
813 3087 893 3131 vera
915 3085 1038 3148 negare
1061 3066 1237 3130 debeamus
1260 3065 1394 3131 missam
1419 3089 1459 3132 ex

135 3156 206 3220 sola
237 3155 410 3220 devotione
440 3155 669 3220 celebrandam
699 3176 773 3219 esse
802 3155 963 3220 rationem
994 3159 1205 3221 excusantem
1237 3176 1295 3220 cur
1325 3155 1459 3238 Sergius

135 3244 243 3327 potius
259 3248 403 3321 canetur,
416 3264 523 3325 ¹quam
547 3244 664 3310 recitet
678 3244 776 3309 heras
799 3244 982 3311 canonicas.
1013 3244 1050 3308 ld
1067 3245 1207 3326 negandi
1223 3244 1306 3309 satis
1322 3266 1458 3327 gravem

135 3354 208 3398 osse
231 3332 390 3398 rationem
416 3353 456 3397 ex
481 3333 551 3397 sola
574 3332 631 3398 illa
655 3333 783 3399 Gobatii
815 3333 1013 3398 auctoritate
1042 3334 1151 3398 fateor
1174 3333 1245 3416 qui,
1279 3354 1353 3398 cum
1378 3336 1458 3400 alias

135 3425 249 3487 auctor
272 3421 315 3487 sit
338 3420 419 3487 setis
443 3421 619 3503 benignuS,
643 3422 695 3486 hic
718 3443 782 3487 uon
806 3421 927 3487 audeat
949 3424 981 3485 in
1006 3422 1229 3504 benigniorem
1252 3426 1381 3505 partem
1407 3445 1458 3488 ce-

135 3510 221 3576 dere.
255 3509 442 3575 Tamburini
465 3531 534 3575 rem
557 3532 622 3576 non
646 3512 787 3576 solutam
812 3511 982 3593 relinquit;
1007 3512 1065 3575 sed
1081 3511 1360 3592 interrogationes
1384 3518 1457 3578 tan·

133 3604 203 3666 tum
228 3603 355 3677 movet,
380 3600 495 3682 quibus
519 3599 673 3666 solutioni
696 3600 784 3664 viam
811 3605 956 3666 sternat:
992 3600 1107 3678 ,Side
1131 3600 1265 3666 consilio
1290 3606 1456 3683 ageretur.

133 3689 230 3754 facile
254 3688 300 3752 illi
325 3688 494 3753 consilium
518 3688 632 3766 dares,
665 3693 701 3754 ut
727 3689 853 3754 ieiunus
876 3695 910 3754 et
934 3688 1106 3754 incenatus
1129 3690 1228 3754 horas
1251 3689 1334 3754 alias
1360 3692 1455 3757 solito

134 3779 203 3843 Deo
227 3776 390 3859 gratiores
413 3779 633 3860 persolveret;
657 3778 714 3842 sed
739 3779 778 3842 de
795 3777 994 3860 obligatione
1011 3779 1148 3860 agimus,
1173 3778 1295 3843 nonde
1312 3781 1456 3846 consilio.

134 3866 388 3948 Obstringamue
411 3867 495 3931 hunc
517 3867 662 3932 ieiunare
685 3867 872 3932 nolentem?
912 3868 967 3932 lus
991 3867 1138 3944 cenandi,
1163 3888 1226 3949 quc
1249 3868 1346 3933 homo
1371 3870 1457 3935 fame

134 3960 168 4021 et
191 3955 331 4037 negotiis
348 3976 522 4038 oppressus
539 3957 671 4038 gaudet,
697 3956 876 4020 dixerimne
892 3956 1122 4022 necessitatem
1138 3957 1256 4033 levem,
1280 3977 1323 4021 an
1347 3957 1457 4041 potius

133 4049 293 4127 gravem?
339 4044 480 4120 Deinde,
512 4045 589 4127 quid
619 4044 750 4109 melius:
782 4044 932 4111 recitatio
956 4046 1037 4110 haec
1060 4045 1158 4110 oflicii
1189 4067 1231 4111 an
1261 4047 1456 4113 sacrificium

134 4134 195 4198 diei
213 4133 389 4215 sequentis,
414 4134 499 4215 quod
516 4134 667 4199 omittere
684 4135 805 4216 absque
822 4135 918 4199 dubic
935 4136 1069 4200 deberet
1083 4135 1254 4218 parochus,
1278 4135 1305 4200 si
1323 4142 1458 4221 propter

134 4223 360 4288 recitationem
384 4223 553 4288 comedere
577 4245 641 4288 non
665 4227 742 4288 ante
765 4224 904 4288 mediam
928 4228 1057 4289 noctem
1081 4226 1234 4306 posset?“

221 4312 303 4376 Rern
329 4315 501 4393 meliorem,
534 4313 632 4377 immo
654 4312 954 4395 incomparabiliter
977 4312 1144 4378 meliorem
1168 4334 1239 4378 esse
1262 4313 1455 4380 sacrificium

134 4400 251 4466 missae
276 4421 370 4482 quam
388 4401 614 4466 recitationem
637 4401 791 4466 horarum
814 4403 1042 4466 canonicarum
1065 4402 1173 4467 media
1188 4403 1268 4467 hora
1285 4404 1457 4470 continua·

132 4494 201 4555 tam
218 4489 353 4570 quilibet
369 4490 438 4553 sine
454 4491 520 4555 ullo
537 4490 632 4555 dubio
649 4491 816 4556 fatebitur.
849 4490 913 4555 Sed
930 4492 1099 4572 quaeritur
1114 4513 1190 4555 num
1207 4491 1307 4557 liceat
1324 4496 1457 4578 propris

133 4580 304 4644 voluntate
334 4583 469 4661 propter
500 4600 568 4643 rem
602 4580 767 4644 meliorem
800 4601 864 4646 nou
897 4587 1109 4663 praeceptam
1141 4601 1209 4645 rem
1243 4590 1458 4667 praeceptam

134 4667 294 4733 omittere.
327 4669 449 4733 Censeo
472 4669 640 4751 probabile
664 4689 736 4734 esse
760 4690 855 4754 posse
873 4669 1020 4751 Sergium
1038 4668 1271 4750 obligationem
1286 4671 1335 4736 rei
1351 4673 1459 4738 minus
