3044 5174
502 256 599 312 Forma
617 257 780 312 sacramenti
799 273 848 312 seu
867 256 1007 313 absolutio.
1356 262 1418 327 173

96 435 258 503 absolutio
282 434 449 518 dirigitur,
481 456 546 500 non
570 440 621 502 est-
643 454 836 517 expressum
859 433 978 512 verbis,
1003 433 1135 499 dubium
1159 435 1198 499 de
1222 435 1335 501 valore
1358 436 1418 501 ali·

95 525 181 608 quod
204 528 320 591 restat.
371 525 428 591 lb.
453 547 495 592 or.
520 524 562 601 ll,
587 526 668 601 270;
693 523 900 605 Aertnijs,
929 525 986 591 Tb.
1010 547 1051 591 m.
1075 523 1116 600 II,
1141 526 1216 589 215.

183 631 224 698 R.
249 634 279 698 2.
326 629 484 708 Quoniam
507 630 649 696 Manlius
671 630 881 712 neglegentia
903 651 964 696 sua
986 630 1169 714 complures
1193 631 1287 697 dubie
1311 631 1419 697 absol·

96 720 200 799 verit,
226 725 316 787 recte
339 720 497 786 iudicavit
520 741 576 785 eos
599 720 704 786 denuo
728 719 953 785 condicionate
976 739 1049 785 esse
1072 719 1302 797 absolvendum
1334 722 1420 803 quod

93 810 212 875 melius
228 809 363 877 fecisset
376 810 491 876 statim
506 813 583 893 post
598 809 836 874 absolutionem
853 808 948 873 dubie
965 809 1088 885 datam,
1113 813 1291 892 antequam
1306 810 1419 895 paeni-

94 905 169 965 tens
194 920 213 964 e
237 902 414 983 conspectu
438 898 630 965 confessarii
654 897 835 964 evanuerit.
875 896 967 975 Quod
991 919 1076 962 nunc
1100 902 1209 963 autem
1235 920 1294 982 per
1317 900 1419 965 verba

94 988 326 1073 deprecatoria
351 987 627 1073 ,Indutpentiom“
653 990 716 1053 etc.
740 986 850 1053 valide
874 987 1045 1052 absolvere
1069 987 1168 1064 velit,
1199 987 1332 1053 dubium
1354 1010 1420 1054 non

94 1079 190 1162 plene
215 1077 335 1143 aufert.
382 1076 564 1143 Probabilis
593 1075 722 1159 quidem
753 1081 804 1142 est
828 1097 868 1141 ea
890 1075 1069 1154 absolutio;
1101 1076 1159 1141 sed
1189 1080 1298 1143 utrum
1329 1084 1420 1145 certa

94 1167 151 1244 sit,
183 1167 307 1250 pendet
330 1167 372 1231 ab
402 1187 442 1232 ea
466 1165 658 1248 quaestione
687 1187 763 1230 num
788 1163 893 1250 possit
916 1164 1066 1230 Ecclesia
1089 1166 1192 1230 verba
1223 1164 1349 1232 formae
1372 1167 1420 1234 ita

94 1254 338 1340 praescribere,
362 1259 399 1322 ut
423 1254 504 1332 alia,
529 1275 571 1320 ex
595 1276 631 1321 se
655 1253 804 1321 absolute
827 1253 1041 1331 sufficientia,
1066 1254 1184 1321 reddat
1206 1254 1361 1332 invalida,
1386 1261 1421 1323 et

95 1367 172 1411 num
197 1365 238 1410 ea
260 1344 309 1411 ita
330 1343 589 1429 praescripserit.
636 1343 818 1409 Ecclesiam
840 1343 873 1408 id
896 1342 929 1408 in
959 1347 1165 1410 sacramento
1188 1344 1420 1428 paenitentiae,

96 1455 136 1500 ex
160 1455 201 1500 eo
227 1434 313 1516 quod
336 1433 380 1501 sit
402 1434 574 1511 iudicium,
598 1454 635 1499 re
658 1452 738 1498 vera
762 1453 859 1517 posse
881 1433 979 1516 plane
1003 1432 1126 1510 senti03
1151 1453 1223 1498 earn
1247 1433 1280 1499 id
1303 1435 1421 1500 fecisse

95 1545 158 1589 non
184 1526 326 1590 constat.

454 1669 699 1736 ABSOLUTIO
724 1669 1063 1736 CONDICIONATA.

666 1836 777 1902 Casus.
796 1843 855 1911 (88)

186 1985 309 2044 Marcus
329 1984 360 2044 in
388 1985 572 2044 conferentia
600 1984 787 2044 sacerdotum
815 1985 1005 2043 vehementer
1025 1989 1182 2044 aversatur
1207 1984 1421 2045 absolutionem

97 2065 335 2125 condicionatam
356 2083 443 2140 quam
465 2064 536 2124 dicit
556 2065 667 2124 nullius
688 2084 754 2124 esse
775 2065 902 2135 valoris;
933 2084 1028 2141 neque
1049 2064 1214 2124 Ecclesiam
1235 2084 1301 2125 eam
1321 2085 1421 2137 nosse,

97 2165 162 2204 curn
191 2145 297 2204 nullibi
316 2145 459 2220 'loquatur
480 2145 516 2203 de
537 2145 708 2205 condicione
729 2145 905 2222 apponenda
932 2145 963 2203 in
983 2144 1184 2217 absolutione,
1213 2145 1265 2204 sed
1286 2146 1423 2222 loquatur

97 2228 131 2286 de
154 2245 192 2284 ea
213 2224 244 2284 in
265 2225 411 2303 baptismo
432 2230 462 2283 ct
476 2230 609 2284 extrema
623 2225 778 2296 unctione;
799 2225 888 2285 immo
903 2245 968 2284 eam
989 2244 1154 2302 repugnare
1176 2224 1289 2284 notioni
1312 2225 1422 2297 iudicii,

98 2326 132 2365 ac
153 2305 241 2383 proin
263 2311 315 2365 aut
343 2324 410 2365 esse
438 2305 650 2365 absolvendum
680 2305 853 2383 simpliciter
881 2311 933 2364 aut
953 2305 1168 2365 absolutionem
1190 2325 1257 2364 esse
1278 2306 1423 2382 denegan-

98 2387 164 2446 dam
186 2386 236 2445 vel
258 2385 457 2457 differendam,
479 2391 568 2461 atque
588 2385 732 2463 imprimis
754 2386 871 2444 dubium
894 2384 929 2443 de
951 2385 1145 2462 dispositione
1160 2406 1227 2446 esse
1251 2386 1359 2445 sivein
1382 2387 1423 2445 af·

97 2466 278 2525 firmativam
300 2465 415 2525 sivein
435 2466 605 2541 negativam
627 2471 742 2543 partem
763 2466 953 2536 solvendum,
984 2486 1044 2525 non
1073 2465 1280 2526 condicionata
1308 2466 1422 2526 absolu-

97 2548 187 2607 tione.
234 2546 322 2605 Alter
350 2546 551 2606 confessarius
579 2567 595 2606 e
624 2546 773 2606 contrario
800 2545 832 2605 in
860 2545 1067 2606 conditionata
1094 2547 1281 2607 absolutione
1308 2547 1423 2606 invenit

96 2627 240 2705 optimum
254 2626 381 2685 medium
394 2625 425 2685 in
440 2626 529 2686 dubia
544 2627 737 2704 dispositione
752 2625 932 2704 paenitentis
946 2627 1121 2703 modumque
1136 2627 1297 2686 salutarem
1311 2626 1423 2686 nullum

96 2708 160 2766 fere
174 2707 240 2766 sine
255 2706 442 2765 absolutione
454 2706 628 2777 dimittendi,
644 2726 710 2766 cum
721 2708 777 2766 hac
787 2706 836 2766 via
846 2707 1019 2767 consulatur
1029 2712 1059 2766 et
1068 2707 1248 2785 paenitentis
1259 2707 1422 2784 tranquilli·

95 2786 153 2847 tati
175 2792 206 2847 et
227 2785 414 2846 reverentiae
436 2786 622 2846 sacramenti.

96 2910 277 2980 Qunnmrna
306 2911 335 2969 1ο
363 2912 499 2969 obstetne
527 2910 735 2969 condicionata
763 2910 910 2970 absolutio
938 2910 1033 2970 valeri
1064 2916 1094 2970 et
1122 2916 1246 2970 naturae
1276 2911 1422 2971 iudicialis

367 3007 543 3067 sententiae.

307 3090 338 3146 2⁰
366 3087 493 3147 liceatne
515 3088 671 3164 aliquando
693 3089 748 3147 sub
770 3088 942 3149 condicione
964 3088 1127 3149 absolvere.

308 3188 338 3244 3⁰
365 3192 431 3244 uter
451 3192 532 3245 recte
553 3186 690 3257 senserit,
712 3187 832 3246 Marcus
853 3206 890 3245 an
914 3187 977 3246 eius
998 3187 1196 3246 adversarius.

698 3378 834 3445 Salutio.

189 3532 244 3597 An
267 3549 458 3606 onnasmuu
484 3531 521 3592 1ω
537 3529 576 3596 R.
602 3533 630 3594 l.
662 3527 826 3593 ludicialis
840 3529 1002 3594 absolutio
1026 3527 1058 3592 in
1082 3533 1288 3594 sacramento
1311 3529 1485 3613 paeni-roo

95 3621 225 3686 tentiae
249 3640 291 3684 ex
315 3624 434 3684 natura
457 3639 517 3683 sua
540 3638 669 3701 semper
692 3617 801 3697 aliquo
825 3618 920 3682 modo
951 3616 1178 3684 condicionata
1208 3623 1276 3685 cst:
1307 3617 1425 3685 nit'tur

96 3709 185 3776 enim
210 3729 340 3791 semper
363 3729 403 3773 ea
426 3707 629 3785 condicione,
662 3707 747 3789 quod
778 3706 950 3787 paenitens
980 3727 1119 3772 revera
1150 3728 1188 3772 ea
1220 3728 1330 3772 coram
1353 3709 1423 3773 Deo

96 3798 304 3884 praestiterit
327 3817 412 3879 quae
435 3796 477 3860 ab
499 3795 628 3861 homine
652 3796 694 3861 ad
724 3796 933 3862 obtinendam
956 3795 1179 3861 remissionem
1204 3796 1423 3878 requiruntur,

97 3894 132 3955 et
156 3908 243 3970 quae
266 3908 302 3952 re
325 3886 398 3969 ipsa
420 3886 536 3951 adesse
555 3906 612 3950 seu
629 3885 773 3950 adfuisse
790 3884 1009 3950 confessarius
1029 3906 1091 3950 non
1109 3885 1325 3952 infallibiliter
1340 3886 1424 3952 scire

96 3977 194 4054 solet,
220 3977 278 4041 sed
301 3974 483 4057 generatim
507 3975 577 4039 sola
600 3974 743 4040 humana
766 3974 828 4041 etsi
852 3975 1005 4058 prudenti
1028 3975 1225 4040 coniectura.

190 4082 229 4148 R.
256 4085 285 4148 2.
333 4080 463 4147 Natura
486 4080 596 4144 iudicii
619 4080 646 4144 si
670 4080 799 4162 quaudo
823 4081 969 4147 excludit
992 4081 1132 4146 formam
1156 4080 1422 4159 condicionalem,

97 4173 160 4238 hoc
184 4171 257 4236 ideo
281 4175 333 4236 est
357 4170 442 4251 quia,
467 4169 494 4235 si
518 4170 682 4236 sententia
705 4175 816 4236 manet
839 4192 1012 4254 suspensa,
1037 4171 1187 4236 nesciunt
1211 4169 1265 4250 qui
1290 4170 1424 4251 exsequi

98 4261 222 4327 debent
245 4259 321 4341 quid
345 4259 480 4325 faciant.
517 4260 639 4325 Verum
664 4259 696 4322 in
720 4261 775 4324 boc
797 4259 915 4325 iudicio
939 4259 1107 4325 exsecutio
1130 4261 1168 4325 fit
1191 4260 1296 4324 aDeo
1321 4258 1423 4322 omni·

98 4350 184 4426 sci03
211 4370 290 4432 ergo
313 4370 378 4413 non
403 4353 454 4414 est
478 4369 535 4413 cur
557 4350 614 4413 boc
629 4348 781 4413 iudicium
805 4349 1026 4414 condicionem
1051 4352 1186 4431 respuat
1209 4357 1329 4412 notura
1353 4369 1423 4415 stou.

97 4440 204 4505 Immo
228 4459 269 4503 ne
294 4438 325 4501 in
349 4437 490 4502 humano
515 4437 643 4519 quidem
659 4438 777 4502 iudicio
794 4459 923 4520 semper
939 4437 1044 4502 omnis
1060 4437 1205 4501 condicio
1222 4436 1424 4502 excluditur:

97 4551 134 4594 re
158 4549 241 4594 vera
264 4527 350 4591 enim
374 4527 537 4592 sententia
568 4527 803 4592 adiudicatoria
834 4528 881 4591 rei
911 4527 989 4590 ferri
1019 4529 1130 4609 potest
1161 4525 1424 4608 dependentera

98 4619 271 4684 verificata
302 4615 505 4694 condicione,
537 4637 633 4697 quam
665 4615 763 4680 iudex
794 4616 906 4682 statim
937 4615 1047 4681 iubeat
1078 4614 1196 4696 inquiri
1227 4620 1260 4680 et
1291 4615 1330 4679 de
1360 4636 1424 4696 qna
