3044 5174
339 264 465 319 Minister
482 264 583 336 paenit.
603 295 636 302 -
656 272 715 319 elus
734 263 892 336 approbatio
912 267 940 319 et
957 265 1115 320 iurisdictio.
1325 270 1413 360 247·

55 441 247 528 approbati,
272 463 336 524 quo
356 446 480 530 possint
501 447 684 529 paropinos
707 445 849 529 undique
872 444 1060 527 centimeter
1085 445 1250 510 absoluere.
1298 443 1390 520 Quod

55 554 97 599 eo
122 531 232 615 magis
255 532 526 598 considerandum
558 537 625 610 est,
657 532 733 614 quia
756 532 920 616 peregrini
951 532 1103 616 episcopo
1134 532 1213 608 loci,
1246 532 1298 597 ubi
1332 554 1390 598 ex-

55 622 228 706 cipiuntur
251 621 490 701 confessiones,
515 642 579 686 non
603 622 733 706 proprie
756 622 936 699 subiacent,
961 621 1018 686 sed
1042 621 1083 686 R⁰
1106 620 1251 705 pontifici
1276 627 1309 687 et
1332 644 1390 688 suo

57 709 237 776 ordinario.

151 798 386 877 Nihilominus,
417 799 444 864 si
469 799 641 884 episcopus
664 800 880 884 approbasset
903 799 976 863 illos
1001 798 1218 864 confessarios
1239 822 1299 886 pro
1322 802 1390 866 solo

58 893 192 956 ecclesio
215 897 383 954 conoe-ntus
413 910 465 954 seu
496 892 661 972 rolipiosoo
693 892 820 971 (locarius,
852 910 892 954 ea
914 888 1042 954 ratione
1066 889 1200 967 ductus,
1231 889 1317 970 quod
1348 889 1390 954 ad

59 1000 135 1044 eam
157 977 325 1062 peregrini
348 998 412 1042 uon
436 979 647 1056 confluerent,
671 978 727 1042 sed
753 978 927 1044 devotulae
949 982 1079 1044 tantum
1104 999 1146 1042 ex
1169 976 1314 1055 civitate,
1336 979 1390 1043 vel

59 1068 126 1132 alio
157 1068 300 1134 motivo:
331 1067 495 1133 restrictio
526 1071 657 1152 aratores,
689 1067 847 1150 siquidem
879 1066 1049 1150 episcopus
1080 1067 1287 1132 confessariis
1310 1067 1391 1151 ipsis

60 1157 224 1222 rationem
247 1156 384 1221 reddere
407 1177 471 1221 non
495 1161 642 1222 tenetur:
675 1157 788 1238 quodsi
819 1156 867 1221 illi
896 1154 1047 1222 iniuriam
1078 1155 1139 1221 sibi
1170 1156 1292 1223 factam
1318 1177 1391 1222 esse

60 1251 189 1330 putent,
214 1245 270 1311 via
292 1250 387 1330 patet
409 1245 549 1310 habendi
573 1267 726 1311 recursus
749 1245 790 1312 ad
816 1246 847 1311 S.
873 1245 1000 1313 Sedem.

489 1436 714 1515 „ECOLESIA
739 1437 964 1504 SUPPLET“.

621 1575 732 1642 Casus.
750 1583 827 1652 (123)

151 1707 348 1779 Gaudentius,
370 1708 510 1767 sacerdos
531 1727 636 1783 vagus,
659 1709 794 1768 confictis
815 1707 924 1768 littoris
946 1709 1194 1769 commendatitiis
1214 1710 1243 1769 id
1266 1710 1389 1784 obtinet,

63 1794 94 1847 ut
114 1787 228 1847 diutius
248 1788 411 1865 recipiatur
432 1808 450 1846 a
472 1788 550 1847 clero
573 1789 698 1847 celebris
719 1788 899 1860 sanctuarii,
928 1789 978 1848 ubi
1000 1808 1065 1848 cum
1087 1789 1154 1848 aliis
1186 1791 1390 1852 confessiones

63 1870 171 1928 multas
193 1869 313 1946 excipit.
354 1869 464 1927 Verum
487 1874 590 1945 postea
612 1875 769 1944 suspectus
795 1869 930 1928 redditus
950 1874 981 1927 et
1008 1870 1176 1945 profectus,
1205 1871 1321 1946 publice
1343 1873 1389 1930 de·

64 1950 218 2008 nuntiatur
238 1949 269 2007 in
290 1949 541 2026 ephemeridibus3
563 1949 755 2009 nihilominus
776 1950 806 2008 in
827 1949 933 2008 itinere
947 1949 1045 2026 potuit
1059 1950 1214 2025 aliquoties
1229 1952 1305 2009 clam
1321 1972 1391 2011 con-

64 2109 283 2169 inAmericam
304 2111 455 2186 profectus
477 2109 573 2185 potuit
594 2110 765 2169 adulatione
787 2115 817 2169 et
839 2109 1026 2186 corruptione
1046 2110 1235 2170 familiarium
1258 2112 1390 2189 episcopi

66 2191 120 2249 sibi
141 2190 224 2249 viam
245 2190 365 2267 planam
385 2191 509 2249 reddere
531 2190 568 2248 ad
589 2190 778 2249 obtinendam
799 2191 986 2267 parochiam:
1008 2191 1038 2249 in
1061 2210 1118 2266 qua
1139 2211 1192 2267 per
1213 2212 1307 2251 annos
1328 2212 1388 2251 mu·

65 2289 131 2329 aare
153 2271 296 2346 fungitur.
325 2270 383 2329 Sed
403 2290 482 2329 nuno
504 2270 567 2329 cius
589 2272 799 2330 conscientiam
814 2276 951 2347 premunt
965 2275 1011 2330 tot
1025 2272 1229 2331 confessiones
1244 2279 1388 2349 exceptae

66 2358 92 2409 et
110 2350 315 2410 absolutiones
335 2349 494 2409 invalidae.

66 2463 239 2534 Quarnrrua
262 2467 291 2523 1ο
312 2464 381 2541 quid
402 2465 457 2523 sit:
480 2464 644 2523 Ecclesiam
666 2465 804 2541 supplere
825 2464 1066 2526 iurisdictionem.

262 2556 293 2613 2⁰
313 2555 498 2630 quandonam
520 2554 655 2613 Ecclesia
676 2555 822 2631 suppleat

262 2645 292 2703 3⁰
313 2643 498 2702 Gaudentius
520 2642 656 2702 validene
677 2644 841 2703 absolverit
862 2649 892 2703 ct
914 2644 1072 2721 aliquando
1093 2645 1183 2704 licite.

656 2825 793 2894 Salutio.

151 2960 203 3026 Au
227 2961 482 3037 consensum
506 2959 545 3024 R
571 2961 600 3025 1.
634 2959 703 3024 Iam
728 2959 923 3044 compluries
947 2981 1053 3026 sermo
1078 2964 1150 3026 erat
1135 2961 1214 3026 tde
1237 2983 1275 3026 eo
1300 2961 1452 3044 quod4‘29

63 3050 210 3116 Ecclesia
233 3050 385 3134 suppleat
408 3048 662 3113 iurisdictionem
687 3070 744 3113 seu
768 3049 908 3115 facultat
857 3054 961 3115 ttem
984 3050 1093 3116 valide
1117 3050 1245 3131 agendi.
1280 3051 1314 3116 si
1338 3050 1387 3115 di-

62 3141 86 3205 ci
90 3145 144 3206 tur
90 3141 343 3206 tEcolcsiom
366 3140 528 3239 supplere,
553 3137 658 3202 idt
609 3160 641 3202 m
644 3138 772 3220 tellegit
774 3159 813 3202 ur
836 3138 876 3203 de
896 3139 1065 3204 Ecclesiae
1088 3139 1309 3223 superioribus
1332 3140 1386 3205 vel

61 3250 185 3294 summo
202 3234 277 3313 past
280 3249 345 3305 ore,
370 3249 424 3310 qu1
416 3227 543 3293 facult
545 3231 632 3293 atem
649 3228 870 3292 conferret
813 3232 870 3311 pot
873 3232 932 3293 est.
965 3230 1117 3314 Suppleri
1130 3229 1387 3294 iurisdictionem

60 3339 115 3383 seu
139 3319 282 3384 facultat
230 3324 334 3383 tem
359 3316 438 3382 dicit
423 3319 478 3381 tur
501 3317 540 3381 de
563 3337 611 3393 eo,
637 3316 690 3398 qui
715 3317 804 3382 illam
828 3317 920 3382 habit
923 3318 1004 3383 ualit
989 3322 1042 3383 er
1057 3339 1121 3383 non
1137 3317 1292 3401 possidet
1268 3319 1386 3397 tsed,

60 3408 188 3491 quoties
212 3428 345 3472 causam
368 3409 464 3488 agat,
488 3405 522 3470 in
546 3426 610 3487 qua
633 3407 781 3487 requirat
782 3428 821 3470 ur
766 3406 979 3471 tiuridica
1002 3410 1167 3490 potestas,
1192 3407 1225 3471 in
1249 3407 1387 3491 siugulis

60 3497 225 3563 casibus'
212 3519 248 3562 m
271 3499 338 3582 ipso
362 3504 432 3560 actii
458 3516 531 3559 eam
554 3495 728 3578 suppedita
729 3499 798 3560 tam
822 3495 940 3579 accipit
964 3516 1070 3579 neque
1093 3495 1230 3562 ulterius
1253 3498 1385 3576 retinet,

59 3587 114 3652 sed
138 3589 312 3651 transacta
335 3605 434 3649 causa
459 3605 498 3648 ea
519 3583 638 3650 iterum
664 3584 843 3650 desitutus
866 3585 1161 3665 est.tLessiuS‚
1186 3587 1272 3652 De
1259 3595 1332 3653 rust.
1359 3595 1387 3652 et

58 3676 173 3743 inrel.
199 3678 229 3751 2,
255 3695 281 3740 c.
307 3677 359 3751 29,
384 3695 415 3739 n.
441 3676 542 3739 eset
566 3675 624 3746 68:
655 3675 710 3739 'lle
735 3697 776 3742 in.
800 3673 841 3751 ΙΙ,
867 3675 941 3740 387

147 3780 187 3847 R.
213 3783 242 3846 2.
287 3781 426 3863 Exque
451 3779 668 3864 explicatione
693 3781 800 3846 elucet
822 3779 902 3845 illud
931 3779 1130 3858 „Ecclesiam
1153 3780 1361 3864 supplere“
1351 3803 1385 3846 m

57 3871 208 3938 omnibus
231 3870 353 3935 illist
319 3874 353 3935 et
376 3869 416 3934 de
439 3870 517 3934 solis
540 3868 604 3933 illis
628 3874 682 3934 aot
668 3870 756 3934 tibus
772 3870 841 3935 fieri
865 3890 971 3953 posse,
996 3891 1133 3951 quorum
1154 3871 1249 3937 valor
1264 3871 1386 3954 pendet

57 3985 77 4026 o
106 3963 324 4027 commissione
353 3979 411 4023 seu
442 3961 643 4043 deputatione
666 3960 826 4024 Ecclesiae
849 3959 901 4024 vel
932 3981 952 4025 a
983 3959 1097 4024 volunt
1083 3965 1154 4025 tate
1184 3959 1385 4025 ecclesiasti

56 4071 169 4116 corum
193 4048 413 4132 superiorum
438 4069 502 4112 non
526 4068 605 4112 vero
629 4046 735 4124 iniis,
760 4070 896 4130 quorum
914 4048 1007 4113 valor
1030 4049 1187 4132 pendete
1211 4070 1383 4114 consecra·

55 4141 163 4214 tione,
195 4139 265 4202 iure
296 4137 406 4202 divino
436 4136 632 4202 necessaria.
686 4136 768 4202 Aliis
799 4137 925 4202 verbis:
960 4137 1068 4204 defect
1053 4143 1123 4204 tum
1151 4138 1383 4204 iurisdictionis

54 4227 255 4310 moralisque
285 4226 424 4291 facult
374 4225 453 4291 tatis
476 4226 624 4290 Ecclesia
656 4228 808 4310 supplere
838 4233 896 4311 pot
882 4231 965 4305 t‚est
996 4249 1059 4292 non
1090 4230 1201 4312 potest
1230 4227 1383 4311 supplere

53 4321 167 4386 defect
169 4338 223 4382 um
247 4315 380 4381 charact
368 4317 447 4381 teris
471 4319 657 4381 sacrament
643 4316 730 4381 talis.

145 4441 199 4506 Au
216 4459 407 4515 ouaasrruu
425 4441 463 4502 2¹¹²
480 4439 518 4504 R.
540 4442 567 4505 l.
600 4439 678 4503 Cum
703 4438 783 4502 illud
803 4438 1005 4516 „Ecclesiam
1029 4439 1198 4523 supplere“
1220 4459 1263 4503 ex
1286 4436 1445 4503 diensi-ao

49 4536 111 4600 fiat
136 4550 197 4615 per
218 4529 424 4594 voluntatem
448 4528 660 4594 ecclesiastici
684 4527 876 4611 superioris,
902 4528 1073 4609 signanter
1094 4548 1153 4610 per
1175 4527 1381 4592 voluntatem

47 4618 199 4708 supremi
216 4617 344 4702 capitis,
370 4617 507 4682 Romani
531 4616 702 4700 pontificis,
728 4637 859 4682 necesse
883 4620 934 4681 est
950 4617 1071 4696 videre,
1094 4638 1172 4681 num
1196 4622 1230 4684 et
1253 4617 1382 4699 quando
