3044 5174
436 296 562 350 Minister
581 297 680 366 poenit.
701 329 734 338 -
754 313 864 351 casuum
883 296 1042 351 reservatio.
1335 301 1399 364 273

164 474 218 538 An
242 493 434 548 quaasrrmn
458 477 497 538 2m
520 473 558 538 R.
586 477 613 539 l.
661 474 709 540 Ut
732 473 849 556 aliquis
873 494 969 538 casus
992 494 1049 539 seu
1074 473 1205 556 aliquod
1228 480 1462 558 peccatum479

67 562 116 627 sit
140 566 365 639 reservatum,
397 562 573 645 requiritur
596 568 674 628 ante
698 563 806 629 omnia
830 566 882 640 ut,
914 562 969 645 qui
991 568 1160 642 reservat,
1186 564 1230 628 sit
1253 564 1401 647 superior

67 652 243 735 peccantis
267 672 324 716 seu
348 652 417 716 eius
442 652 496 733 qui
520 672 540 718 a
563 657 700 735 peccato
723 673 781 716 suo
798 653 871 716 vult
894 652 1030 718 absolvi.
1063 652 1100 718 ld
1123 653 1209 736 quod
1224 653 1257 718 in
1273 675 1400 718 summo

69 741 229 824 pontifice
245 761 421 823 numquam
437 741 664 806 difficultatem
682 762 813 806 movere
829 742 950 825 potest,
976 746 1089 824 utpote
1106 742 1160 824 qui
1177 741 1220 808 sit
1236 763 1257 808 a
1272 742 1401 807 Christo

69 830 275 896 constitutus
305 850 475 913 supremus
506 831 647 895 omnium
680 830 822 895 fidelium
855 835 971 914 pastor
1002 835 1036 895 et
1069 837 1168 913 caput
1191 830 1334 908 visibile;
1367 832 1401 896 in

70 919 149 985 aliis
173 924 283 984 autem
307 918 528 1001 superioribus
551 919 583 984 id
608 920 779 985 attendere
802 919 978 1000 aliquando
1002 941 1066 984 nnn
1091 924 1142 986 est
1165 921 1224 985 abs
1247 942 1291 988 re.

165 1008 204 1073 R.
231 1012 260 1074 2.
308 1008 360 1073 Ex
383 1013 478 1091 parte
501 1009 628 1091 peccati
653 1009 830 1090 requiritur
862 1010 893 1090 1)
918 1011 954 1072 ut
977 1007 1020 1074 sit
1050 1014 1219 1092 peccatum
1244 1009 1401 1087 mortale3

70 1118 151 1161 nam
181 1097 310 1162 veniale
342 1098 427 1180 quod
457 1098 605 1164 confiteri
638 1119 701 1162 nnn
734 1097 923 1163 tenemur
914 1103 986 1163 mut
972 1097 1076 1163 tiliter
1104 1103 1254 1163 reservat
1256 1120 1303 1164 ur.
1357 1099 1403 1164 Et

71 1207 274 1268 quamquam
297 1186 478 1252 theoretice
501 1208 565 1252 non
589 1192 641 1253 est
663 1187 760 1271 plane
783 1186 982 1271 impossibile
1002 1187 1129 1253 veniale
1152 1193 1270 1271 peccat
1272 1209 1325 1252 nm
1349 1209 1402 1252 re·

71 1275 213 1377 servari,
239 1274 315 1356 quia
338 1275 399 1341 hcc
423 1276 519 1341 modo
542 1298 607 1341 non
632 1276 736 1341 omnis
753 1275 883 1358 quidem
901 1275 1102 1342 remissionis
1125 1278 1250 1355 modus,
1275 1277 1333 1342 sed
1349 1297 1402 1341 re·

71 1364 187 1429 missin
211 1386 270 1448 per
292 1367 563 1432 sacramentalem
589 1365 826 1432 absolutionem
855 1365 1083 1448 restringitur,
1114 1369 1225 1432 tamen
1248 1366 1325 1432 talis
1348 1387 1401 1431 re·

71 1452 222 1519 servatio
246 1454 391 1537 practice
413 1458 465 1520 est
488 1460 603 1521 contra
627 1475 755 1519 omnem
777 1455 947 1520 Ecclesiae
970 1476 1074 1523 usum.

168 1543 202 1625 2)
227 1543 404 1624 requiritur
426 1548 464 1610 ut
487 1549 656 1626 peccatum
674 1543 718 1610 sit
733 1548 905 1609 externum
929 1543 1026 1627 idque
1049 1547 1186 1610 externe
1209 1564 1328 1625 grave:
1354 1543 1402 1609 ita

72 1653 141 1696 nnn
165 1653 207 1696 ex
231 1637 351 1698 natura
374 1633 503 1715 quidem
527 1633 584 1710 rei,
608 1633 672 1698 sed'
690 1653 731 1697 ex
756 1633 963 1699 convenienti
986 1632 1154 1698 Ecclesiae
1178 1632 1282 1716 praxi.
1322 1633 1401 1697 Cum

73 1721 162 1785 enim
187 1722 258 1786 sola
281 1721 437 1802 graviora
460 1722 596 1787 crimina
619 1722 820 1787 reservanda
843 1721 910 1788 sint
933 1742 1036 1804 eaque
1060 1743 1196 1804 quorum
1220 1721 1401 1787 reservatio

73 1810 118 1875 ad
143 1809 398 1876 ecelesiasticam
423 1810 625 1894 disciplinam
650 1811 846 1876 servandam
871 1811 1041 1888 conducat,
1065 1812 1097 1876 id
1114 1811 1147 1876 in
1170 1811 1248 1876 solis
1264 1815 1403 1876 externis

74 1899 222 1981 peccatis
245 1900 449 1966 verificatur:
480 1920 557 1965 nam
579 1900 622 1965 ad
652 1899 907 1966 ecclesiasticam
938 1900 1140 1984 disciplinam
1164 1921 1204 1966 ea
1233 1901 1304 1965 sola
1328 1921 1402 1984 per·

72 1987 182 2054 tinere
206 1993 342 2072 possunt
365 2009 449 2070 quae
472 2010 507 2054 se
531 1993 667 2054 externe
690 1990 841 2072 produnt.

169 2078 203 2159 3)
227 2078 405 2160 requiritur
429 2082 465 2143 ut
488 2084 659 2161 peccatum
691 2080 786 2162 pleno
816 2081 1106 2161 consummatoque
1136 2078 1230 2142 modo
1254 2077 1335 2143 illud
1358 2077 1403 2143 sit

74 2166 163 2248 quod
187 2167 221 2231 iu
244 2167 469 2233 reservatione
492 2166 695 2251 exprimitur.
743 2167 938 2234 Reservatio
969 2166 1054 2232 enim
1084 2170 1136 2232 est
1158 2166 1281 2250 aliquid
1310 2167 1401 2232 odio-

74 2277 166 2332 sum3
198 2256 311 2321 odiosa
334 2261 444 2343 autem
468 2277 510 2321 ex
533 2255 690 2340 principio
714 2257 860 2339 generali
883 2256 1114 2339 restringenda
1135 2261 1228 2334 sunt,
1262 2277 1336 2320 seu:
1368 2255 1402 2321 in

75 2344 199 2409 odiosis
223 2345 389 2411 minimum
413 2344 489 2427 quid
513 2346 689 2412 tenendum
714 2353 774 2412 est.
821 2348 871 2412 De
894 2346 945 2411 his
968 2367 998 2412 r.
1024 2345 1056 2412 S.
1081 2345 1197 2429 Alph.
1223 2345 1285 2423 VI,
1319 2347 1401 2424 5823

80 2434 140 2500 Tu.
164 2457 204 2500 rn.
230 2434 271 2512 ΙΙ,
296 2437 361 2499 402
377 2456 425 2517 sq.

168 2548 221 2612 An
244 2570 436 2625 Qunusmuu
460 2552 498 2614 3¹²
522 2549 560 2616 R.
588 2552 617 2617 1.
662 2549 799 2616 Rufinus
829 2571 940 2616 coram
963 2550 1033 2615 Deo
1062 2549 1175 2632 gravis
1199 2547 1328 2631 quidem
1351 2546 1401 2611 in·
1410 2559 1465 2615 480

77 2636 184 2701 cendii
207 2637 350 2703 criminis
374 2660 449 2703 rcus
473 2643 542 2715 est;
573 2643 610 2705 at
640 2637 822 2704 incendium
853 2661 956 2723 grave
986 2643 1160 2705 externum
1183 2658 1218 2703 re
1241 2637 1314 2720 ipsa
1336 2657 1401 2701 non

76 2732 130 2792 est
154 2731 310 2804 creatum,
336 2749 409 2792 cum
432 2729 527 2793 valor
550 2731 569 2792 3
594 2749 778 2793 marcarum
801 2729 913 2812 gravis
937 2728 1076 2794 materia
1100 2727 1314 2793 communiter
1337 2746 1401 2790 non

76 2820 262 2893 censeatur,
286 2815 349 2881 nisi
373 2817 600 2883 damnificatus
623 2818 669 2883 sit
691 2818 874 2903 pauperior.
910 2819 1013 2883 Casus
1035 2821 1235 2892 reservatus,
1261 2837 1334 2880 cum
1357 2815 1402 2881 sit

76 2907 279 2988 incendium,
304 2927 368 2971 non
391 2906 531 2971 incendii
556 2907 750 2984 attentatio,
775 2929 839 2972 non
863 2907 1014 2984 exsistit,
1039 2905 1099 2971 nisi
1124 2903 1308 2970 incendium
1332 2904 1402 2968 fac·

75 2997 147 3058 tum
172 2994 217 3060 sit
238 2995 272 3059 in
295 2995 435 3060 materia
458 2995 562 3076 gravi.
610 2996 817 3081 Quapropter
839 2995 1058 3062 confessarius
1090 2995 1133 3060 ad
1156 2994 1250 3059 huius
1274 2992 1401 3077 peccati

76 3082 315 3149 absolutionem
339 3106 403 3149 nou
428 3085 596 3166 indigebat
619 3107 704 3150 nova
728 3086 897 3152 facultate.

167 3171 206 3239 R.
232 3177 260 3238 2.
292 3174 329 3238 Iu
353 3175 494 3239 secundo
518 3173 651 3239 crimine
674 3196 741 3239 vox
764 3175 821 3240 illa
848 3179 1015 3258 ,stuprum
1038 3173 1237 3238 violentnm‘
1264 3171 1401 3235 strictae

10 3284 15 3293 ·
75 3260 360 3345 interpretationis
383 3268 443 3332 est.
491 3263 612 3327 Verum
640 3267 826 3348 ,stuprum“
853 3285 918 3329 non
941 3264 1059 3345 ubique
1082 3263 1196 3327 eodem
1225 3261 1321 3325 modo
1345 3281 1401 3323 su-

76 3351 194 3417 mitur:
218 3352 392 3434 aliquando
415 3374 474 3436 pro
498 3353 708 3435 oppressione
725 3354 870 3419 violenta
892 3352 1035 3418 cuiusvis
1050 3350 1201 3427 feminae,
1226 3349 1400 3432 aliquando

76 3461 136 3523 pro
161 3440 339 3506 violatione
363 3440 509 3523 virginis.
556 3442 603 3507 At
632 3442 718 3523 quod
748 3443 880 3507 additur
908 3441 1136 3519 ,violentum“,
1167 3439 1249 3504 satis
1277 3438 1402 3505 indicat

75 3530 212 3595 verbum
229 3530 309 3595 illud
325 3539 470 3616 stuprum
486 3530 632 3595 insensu
648 3552 711 3614 quo
727 3530 780 3596 hic
796 3531 944 3608 sumitur,
968 3531 1110 3595 nondum
1127 3528 1402 3613 comprehendere

76 3639 206 3683 omnem
236 3619 413 3685 violentam
445 3620 704 3703 oppressionem
742 3621 828 3703 quod
858 3620 885 3685 si
916 3642 980 3685 non
1010 3618 1273 3703 comprehendit,
1305 3617 1403 3682 debet

76 3708 263 3790 significare
279 3712 414 3794 cirpinia
429 3712 637 3776 ¹rn'olatinuun.
669 3709 732 3776 Sed
748 3711 774 3774 si
792 3708 929 3791 virginis
945 3709 1080 3774 violatio
1096 3707 1308 3789 intellegitur,
1333 3707 1401 3771 Ru-

75 3798 180 3868 finus,
206 3798 260 3880 qui
284 3799 438 3864 feminam
463 3799 672 3881 coniugatam
697 3799 757 3863 sibi
782 3798 912 3881 quidem
936 3798 1068 3863 affinem
1092 3797 1241 3873 violavit,
1266 3796 1401 3878 gravius

76 3887 208 3969 quidem
223 3893 393 3971 peccatum
411 3887 581 3964 commisit,
606 3909 670 3952 non
694 3888 855 3954 commisit
873 3893 1087 3954 reservatum.
1120 3887 1227 3963 Quare
1243 3885 1341 3951 etiam
1359 3886 1401 3949 ab

75 3976 136 4042 hoc
161 3976 294 4042 crimine
318 3977 536 4043 confessarius
560 3978 731 4043 absolvere
753 3979 861 4062 potuit
884 3978 953 4042 sine
969 3998 1102 4042 resursu
1126 3976 1167 4041 ad
1191 3974 1400 4058 superiorem.

263 4152 507 4219 ABSOLUTIO
532 4154 560 4218 Α
585 4153 870 4221 RESERVATIS.
897 4193 936 4201 —
962 4150 1215 4218 Panaenum.

634 4293 745 4359 Casus.
765 4301 841 4369 (138)

166 4416 293 4475 Terillus
318 4415 507 4474 infeliciter
499 4435 529 4473 m
551 4434 651 4474 casum
673 4421 857 4476 reservatum
879 4414 989 4474 incidit.
1031 4413 1189 4472 Declinare
1212 4412 1310 4470 studet
1298 4417 1398 4471 tcon-

76 4498 236 4558 sessionem
259 4497 335 4574 apud
357 4496 533 4572 parochum,
562 4497 630 4571 quin
652 4497 737 4555 novit
758 4516 773 4555 e
796 4516 865 4554 casu
889 4495 976 4553 simili
998 4495 1061 4553 eius
1083 4493 1227 4552 severitat
1196 4513 1272 4551 aem
1295 4493 1358 4551 int
1346 4493 1400 4553 tali

76 4599 184 4648 causa;
214 4581 393 4669 quapropter
420 4595 453 4634 se
475 4576 619 4635 confert
578 4582 641 4635 tm
663 4577 759 4635 locum
790 4575 1037 4653 peregrinationis
1066 4575 1095 4632 in
1122 4573 1209 4631 aliam
1232 4573 1399 4646 dioecesim,

75 4660 124 4718 ubi
146 4658 337 4717 faciliorem
330 4657 460 4716 mveniet
449 4656 706 4716 tnbsolutionem.

126 4759 294 4808 Lehmkulrl,
309 4759 380 4801 Casus
394 4760 553 4802 eonscientiae.
571 4760 599 4801 11.
1160 4749 1193 4805 18
