3044 5174
334 245 373 299 Ss
395 243 575 299 eucharistiae
594 243 793 298 consecrandae
811 244 906 299 forma.
926 273 961 283 -
979 245 1117 300 Defectus.
1343 252 1384 315 75

147 424 201 488 An
224 442 417 499 quaasrrnu
441 425 480 485 2³
503 421 542 488 R.
579 421 613 487 Si
629 421 785 486 ciborium
801 442 822 487 a
837 421 985 488 ministro
1009 422 1220 506 incorporali
1243 426 1384 509 positum

56 511 173 590 fuerit,
203 510 383 577 eommunis
406 510 570 577 sententia
594 515 645 577 est
667 510 845 594 particulas
869 511 901 575 in
925 511 1045 576 ciborio
1069 532 1141 578 esse
1164 520 1384 582 consecratas.

57 602 144 667 Nam
168 622 212 666 ex
235 622 302 666 una
324 604 419 684 parte
442 600 595 666 sacerdos
619 599 660 665 ab
689 600 782 666 initio
806 599 920 666 habuit
943 600 1147 668 voluntatem
1172 605 1385 671 consecrandi

57 711 196 773 eamque
218 689 307 757 intra
330 691 434 774 ipsam
462 689 649 771 liturgicam
672 688 832 755 actionem
857 711 921 754 non
951 691 1059 774 potuit
1082 711 1146 756 non
1169 712 1384 773 reassumere,

57 801 130 845 cum
153 780 188 845 in
212 780 378 845 offertorio
396 778 579 862 (explicans
601 778 752 845 totaliter
774 779 956 862 corporale)
973 779 1089 844 aliisve
1105 780 1287 847 actionibus
1303 784 1385 849 satis

56 889 221 953 superque
236 868 403 946 ciborium,
427 867 454 933 si
473 867 580 933 minus
595 868 729 944 reflexo,
754 872 865 934 tamen
889 867 1012 934 directe
1028 869 1202 935 advertere
1225 871 1385 940 debuerit.

56 957 208 1025 Practice
231 957 333 1041 igitur
355 957 537 1042 particulae
561 961 598 1022 ut
621 960 833 1022 consecratae
856 961 953 1022 erunt
976 957 1228 1026 distribuendae.

145 1081 200 1148 An
224 1102 416 1158 qnansrrun
440 1084 479 1146 3¹²
502 1080 541 1148 R.
561 1084 590 1146 l.
625 1080 662 1145 In
678 1084 791 1146 nostro
808 1101 886 1146 casu
910 1071 1039 1147 omnino
1056 1104 1120 1147 nou
1144 1083 1236 1149 licuit
1258 1085 1448 1154 missio-130

55 1172 149 1238 uario
179 1170 361 1256 particulas
390 1169 595 1236 distribuere.
641 1169 865 1236 Prohibeudus
888 1173 961 1237 erat
983 1192 1005 1237 a
1027 1171 1157 1250 Public,
1189 1173 1307 1258 quippe
1331 1175 1385 1257 qui

56 1282 112 1327 eas
136 1260 236 1326 dubie
258 1265 388 1328 tantum
412 1258 681 1326 consecravisset.

145 1349 265 1432 Neque
293 1349 386 1415 licuit
416 1347 640 1415 condicionate
670 1346 783 1414 statim
812 1353 962 1432 repetere
989 1349 1091 1415 verba
1120 1351 1384 1430 consecrationis,

56 1439 141 1506 sicut
164 1438 321 1518 licuisset,
346 1438 373 1504 si
397 1437 491 1523 panis
507 1436 710 1504 consecratio
726 1436 918 1521 simpliciter
933 1444 967 1504 et
990 1437 1177 1517 universim,
1201 1440 1221 1506 i.
1239 1460 1267 1508 e.
1285 1440 1384 1508 etiarn

57 1528 262 1595 consecratio
283 1527 412 1594 hostiae
435 1526 583 1601 maioris,
607 1525 725 1593 fuisset
748 1526 855 1592 dubia.
902 1527 981 1592 Cum
1005 1527 1147 1593 enimin
1169 1534 1283 1596 nostro
1307 1551 1385 1597 casu

56 1618 200 1683 formula
223 1617 328 1684 maior
349 1638 409 1702 pro
432 1615 613 1682 sacerdotis
637 1615 860 1681 communione
882 1616 946 1682 rite
970 1621 1162 1683 consecrata
1177 1621 1274 1696 esset,
1299 1640 1386 1686 nova

58 1706 263 1773 consecratio
284 1727 405 1772 novum
429 1705 623 1771 sacrificium
645 1704 889 1771 inchoasset-
907 1706 993 1787 quod
1016 1705 1127 1771 facere
1150 1711 1202 1774 est
1224 1707 1404 1776 illicitum'

146 1813 187 1880 R.
212 1815 242 1879 2.
279 1812 342 1880 Sed
365 1833 480 1895 neque,
505 1812 634 1893 quando
657 1811 839 1895 particulae
861 1833 921 1895 pro
945 1811 1169 1879 communione
1192 1815 1302 1898 populi
1321 1814 1385 1882 rite

57 1906 271 1969 consecratae
292 1905 386 1978 sunt,
417 1899 528 1968 licebit
550 1922 607 1967 eas
629 1901 743 1966 statim
772 1903 848 1985 post
871 1900 1149 1967 consecrationem
1180 1902 1383 1971 distribuere.

56 1993 108 2057 Ex
125 1990 242 2057 eodem
258 1990 416 2057 sacrificio
432 1990 519 2056 enim
542 1989 631 2074 prior
647 1989 776 2055 omnino
792 1990 945 2056 sacerdos
961 1990 1130 2056 celebrans
1146 1993 1385 2060 communicare

57 2081 172 2159 debet,
206 2079 281 2147 dein
310 2079 437 2163 reliqui.
491 2079 699 2145 Sclummcdo
728 2078 911 2163 particulae
939 2088 1219 2167 praeconaeerctce
1247 2090 1386 2166 possunt

56 2170 143 2237 intra
168 2168 302 2236 missam
326 2169 368 2236 ab
397 2168 462 2234 alio
485 2168 673 2241 sacerdote,
705 2169 733 2233 si
757 2189 810 2234 res
833 2173 947 2252 urget,
978 2189 996 2234 e
1019 2170 1231 2236 tabernaculo
1255 2171 1385 2238 extrahi

58 2263 91 2326 et
119 2259 271 2326 fidelibus
301 2279 360 2343 pro
390 2257 616 2324 communione
646 2256 805 2323 distribui.
853 2259 900 2323 At
929 2257 956 2322 si
987 2258 1028 2322 de
1051 2258 1249 2325 necessitate
1272 2260 1385 2327 viatici

10 2368 13 2383 ’
58 2351 230 2432 ageretur,
264 2368 380 2414 censeo
409 2346 525 2425 licere,
558 2345 781 2413 deficientibus
813 2346 982 2430 particulis
1013 2349 1309 2431 praecousecratis,
1343 2371 1385 2416 ex

58 2437 229 2522 particulis
261 2458 347 2502 nuuc
379 2435 580 2502 consecratis
614 2439 691 2502 ante
723 2436 920 2503 celebrantis
952 2437 1209 2503 communionem
1242 2439 1385 2521 aliquam

58 2526 253 2611 particulam
278 2526 320 2592 ab
350 2524 414 2591 alio
444 2524 616 2592 sacerdote
646 2524 688 2591 ad
717 2525 945 2592 moribundum
968 2525 1105 2604 deferri,
1136 2527 1255 2593 saltem
1285 2529 1312 2594 si
1344 2528 1384 2594 de

58 2616 250 2683 moribundo
273 2614 393 2699 agitur,
418 2614 468 2681 cui
493 2613 592 2681 aliter
614 2612 696 2681 satis
719 2635 834 2680 secure
857 2613 1020 2699 provideri
1044 2636 1108 2681 non
1131 2616 1245 2699 possit.

209 2823 363 2892 FORMA
387 2823 760 2892 CONSECRATIONIS
784 2823 974 2900 EIUSQUE
997 2823 1232 2892 DEFECTUS.

10 2800 16 2860 l

10 2882 18 3140 Ι
668 2989 849 3066 casusne)

147 3132 309 3194 Severinus
324 3131 473 3203 sacerdos,
493 3151 599 3208 parum
612 3135 751 3190 versatus
772 3129 803 3189 in
823 3130 925 3205 lingua
938 3129 1056 3201 Latina,
1077 3129 1217 3191 informa
1232 3150 1385 3192 consecra·

59 3214 147 3273 tionis
169 3211 273 3272 calicis
293 3231 397 3272 vocem
415 3210 496 3284 ,hic‘
520 3214 646 3289 putabat
666 3211 775 3270 habere
789 3230 907 3269 sensum
930 3209 1137 3283 adverbialem,
1160 3216 1248 3287 atque
1268 3212 1312 3271 ita
1333 3232 1386 3289 per

60 3314 152 3354 annos
174 3293 330 3353 celebrans
350 3290 569 3369 pronuntiavit:
592 3292 660 3351 dum
680 3291 712 3350 in
733 3291 808 3350 libro
829 3290 903 3365 legit
922 3290 981 3349 isto
1003 3309 1094 3350 sensu
1117 3293 1209 3350 verba
1231 3311 1384 3352 consecra·

10 3410 14 3437 ι
60 3374 148 3434 tionis
169 3373 341 3433 nullatenus
363 3391 429 3431 esse
451 3372 593 3432 sumenda
614 3372 661 3430 vel
682 3371 910 3449 pronuntianda,
933 3374 1021 3446 atque
1042 3390 1120 3429 nunc
1142 3371 1258 3432 dubitat
1278 3373 1315 3431 de
1334 3392 1384 3432 va·

60 3454 120 3514 lore
138 3453 299 3514 missarum
321 3453 365 3511 sic
387 3452 602 3512 celebratarum
623 3457 654 3511 et
674 3451 710 3510 de
732 3451 912 3527 obligatione
927 3469 978 3509 eas
992 3470 1046 3527 pro
1061 3451 1209 3528 stipendio
1224 3453 1384 3528 repetendi.

146 3533 268 3594 Accidit
288 3533 316 3592 ei
337 3533 426 3591 etiam
448 3532 547 3609 aliqua
567 3533 633 3591 vice
654 3537 688 3591 ut
708 3532 739 3591 in
760 3531 985 3590 consecratione
1008 3531 1094 3606 panis
1109 3531 1221 3590 diceret
1239 3533 1303 3604 ,hic
1318 3535 1381 3592 est¹‘

10 3570 15 3671 l
61 3614 123 3674 loco
144 3616 246 3692 ,too“,
269 3613 369 3686 ,meu“
394 3613 460 3673 loco
484 3613 627 3685 ,meum“,
648 3613 696 3672 vel
714 3613 839 3688 ,copus“
857 3613 922 3671 loco
940 3614 1094 3687 ,comus“;
1115 3618 1203 3688 atque
1223 3612 1312 3673 etiam
1334 3613 1385 3672 ali·

10 3698 22 3733 ⁵
62 3695 175 3770 quoties
196 3693 297 3754 omisit
316 3694 409 3752 verba
433 3693 621 3769 ,mysterium
642 3692 726 3751 fidei“
751 3692 800 3750 vel
825 3691 911 3763 ,novi
933 3697 963 3750 et
984 3692 1098 3750 aeterni
1119 3694 1320 3753 testamenti“.

63 3809 238 3880 Quamrua
260 3810 289 3868 1ο
309 3828 385 3886 quae
406 3808 446 3867 sit
466 3809 563 3867 torma
584 3806 818 3866 consecrationis
839 3812 869 3866 et
890 3806 1032 3882 quomodo
1055 3806 1244 3867 enuntianda.

260 3899 291 3956 2⁰
311 3896 380 3974 quid
401 3895 438 3956 de
457 3896 551 3956 variis
572 3895 708 3955 Severini
728 3895 893 3954 defectibus
913 3894 1111 3955 iudicandum.

655 4095 789 4163 Salutio.

145 4241 201 4308 Ao
225 4260 416 4317 ecrasrrnu
434 4244 472 4305 1·
495 4238 534 4304 R.
555 4241 582 4305 1.
615 4239 725 4304 Verba
744 4237 986 4304 consecratoria
1001 4242 1079 4304 sunt
1101 4237 1172 4303 sola
1195 4239 1297 4303 verba
1312 4238 1384 4303 Sal·
1397 4261 1443 4314 131

62 4332 184 4400 vetoris
208 4329 326 4414 quibus
348 4328 419 4413 ipse
441 4329 474 4394 iu
496 4327 611 4394 ultima
632 4348 714 4394 cena
737 4349 815 4393 usus
839 4331 900 4404 est,
926 4333 959 4392 et
982 4327 1098 4408 quibus
1121 4348 1207 4391 nunc
1230 4327 1385 4392 sacerdos

61 4422 188 4489 nomine
223 4418 408 4487 Salvatcn's
445 4418 566 4485 utitur:
605 4417 654 4483 ita
692 4421 729 4483 ut
766 4437 871 4498 neque
907 4416 1009 4481 verba
1044 4416 1272 4481 antecedentia
1312 4416 1384 4496 ,qui

10 4556 16 4581 .;
60 4512 160 4596 pridie
199 4511 284 4576 etc‘
327 4528 432 4589 neque
470 4507 671 4588 subsequens
710 4507 762 4571 vel
805 4506 1002 4571 antecedens
1040 4504 1205 4570 invocatio
1243 4503 1385 4587 Spiritus

10 4614 17 4641 ⁸
60 4601 178 4679 Sancti,
204 4619 307 4683 quam
331 4599 477 4681 epicleein
494 4600 625 4674 vocant,
650 4596 715 4661 ullo
739 4596 834 4660 modo
851 4594 975 4660 virtute
999 4593 1208 4659 consecrandi
1233 4592 1384 4676 praedita
