3044 5174
153 260 215 324 122
668 257 709 313 De
727 275 765 314 ss.
783 258 955 314 eucharistia.

151 434 180 500 ei
204 435 260 501 det
282 434 477 520 stipendium
502 439 693 501 consuetum
716 435 867 501 manuale
890 438 924 500 et
947 433 1080 517 aliquod
1103 439 1315 516 augmentum
1339 456 1399 520 pro
1423 436 1473 500 la·

150 525 228 588 bore
258 545 315 589 seu
344 524 547 589 incommodo
577 525 716 601 maiore;
749 524 908 607 reliquum
940 544 1111 589 excessum
1143 527 1255 607 potest
1286 524 1348 589 sibi
1384 523 1473 602 ,iure

150 613 274 677 stolae“
294 614 452 680 retinere:
468 613 516 678 ita
533 613 693 680 Scaviui
710 613 760 679 ed.
781 616 831 691 10,
848 618 926 680 tom.
945 613 969 691 l,
986 634 1017 679 n.
1036 615 1109 679 692.
1139 612 1186 680 ef.
1205 613 1261 680 Tb.
1279 635 1318 680 m.
1336 612 1378 692 11,
1396 616 1472 680 204.

88 735 140 788 214
240 728 278 794 R.
304 731 333 794 3.
372 728 507 805 Quando
537 749 616 794 vero
639 729 776 794 heredes
798 727 868 794 sive
898 749 958 794 sua
981 733 1098 812 sponte
1121 728 1191 794 sive
1214 749 1257 794 ex
1280 730 1393 812 legato
1417 731 1473 797 de·

151 816 254 882 functi
286 839 454 882 nnmerum
485 815 657 883 missarum
688 818 917 883 celebrandurn
947 821 1082 896 curant,
1115 822 1216 900 atque
1239 818 1329 884 solae
1351 819 1473 886 missae

150 906 365 972 celebrandae
396 907 626 986 intenduntur,
660 907 901 974 distribuendae
931 928 990 991 pro
1020 905 1156 973 arbitrio
1188 906 1334 986 heredis,
1365 912 1472 975 totum

150 994 346 1078 stipendium
379 997 465 1078 quod
498 997 539 1060 ab
571 995 691 1061 herede
723 996 820 1063 datur
851 997 949 1062 vela
981 999 1143 1063 testatore
1166 994 1335 1063 definitum
1359 1002 1412 1064 est
1443 999 1472 1064 ei

151 1084 303 1162 debetur,
336 1084 390 1167 qui
413 1084 546 1150 missam
571 1085 734 1163 celebrat3
768 1105 892 1167 neque,
925 1084 952 1150 si
976 1084 1018 1150 ab
1041 1106 1105 1151 uno
1129 1085 1226 1152 alteri
1255 1086 1473 1153 committitur

151 1174 346 1239 celebranda
377 1173 496 1251 missa,
527 1195 604 1258 pars
634 1173 787 1258 stipendii
820 1173 955 1240 retineri
977 1178 1088 1258 potest
1111 1194 1150 1239 eo
1173 1175 1270 1241 titulo
1303 1176 1390 1257 qnod
1414 1178 1473 1242 sti·

151 1262 302 1345 pendium
326 1261 370 1328 eit
394 1267 549 1329 consueto
573 1262 687 1329 maius.
734 1264 807 1328 Hae
830 1263 914 1329 enim
939 1264 1058 1329 missae
1088 1263 1217 1329 omnino
1241 1268 1279 1330 ut
1301 1267 1472 1331 manuales

150 1351 408 1429 considerantur,
433 1373 472 1418 ac
495 1351 588 1436 proin
611 1351 847 1436 prohibitiones
863 1352 1021 1418 ecclesiae
1036 1373 1135 1436 super
1150 1356 1285 1419 notatae
1300 1352 1353 1419 his
1369 1355 1471 1439 appli-

150 1440 274 1506 candae
296 1444 383 1506 suut.

238 1538 290 1605 lta
313 1538 415 1603 habes
438 1559 480 1603 ex
503 1541 572 1605 Act.
597 1540 630 1604 S.
656 1540 751 1606 Sedis
773 1538 836 1616 IV,
862 1541 903 1604 39
927 1559 976 1621 sq.
1006 1538 1190 1616 ,Manualia
1212 1543 1323 1606 autem
1348 1541 1471 1607 censeri

150 1626 563 1783 gislildllllludstllendia
580 1648 664 1709 quae
679 1627 812 1713 ipsimet
826 1628 979 1710 legatarii
993 1632 1170 1695 teneantur
1185 1627 1317 1695 tradere
1336 1629 1380 1695 ad
1395 1629 1473 1696 mis·

88 1860 140 1914 215
238 1849 291 1913 An
314 1868 505 1922 ouansirun
530 1850 570 1911 2ΙΙΙ
593 1847 632 1913 R.
680 1847 732 1912 Ex
756 1846 851 1913 dictis
875 1846 971 1914 facile
995 1847 1136 1914 eruitur:

240 1952 272 2036 1)
296 1954 386 2031 Quae
410 1974 451 2020 ex
475 1954 590 2020 ultima
605 1954 777 2019 voluntate
793 1951 932 2018 Possidii
947 1953 1088 2038 parocho
1105 1955 1184 2021 data
1199 1959 1286 2033 sunt,
1311 1957 1474 2040 parochus

149 2064 213 2109 non
229 2044 404 2110 tenebatur
418 2043 547 2126 integre
571 2042 720 2108 conferre
735 2041 775 2107 iis
802 2042 918 2124 quibus
933 2043 1050 2109 missas
1066 2043 1278 2110 celebrandas
1294 2046 1472 2120 commisit;

239 2141 272 2222 2)
296 2141 381 2206 idom
413 2141 584 2206 dicendum
615 2145 666 2206 eet
696 2140 736 2205 de
765 2140 805 2205 iis
837 2161 922 2223 quae
945 2141 1079 2207 Publius
1108 2142 1142 2207 iu
1171 2144 1373 2209 testamento
1397 2144 1473 2209 reli·

149 2233 266 2313 querat
289 2251 348 2314 pro
373 2229 537 2312 exsequiis
561 2235 595 2297 et
619 2229 844 2306 aniversariis;

238 2324 272 2408 3)
297 2327 403 2411 quoad
436 2326 518 2393 alias
541 2327 659 2393 missas
689 2347 771 2409 quas
794 2326 889 2392 heres
914 2327 1090 2409 quotannis
1120 2328 1333 2394 celebrandas
1357 2350 1473 2396 curare

149 2415 305 2493 debebat,
337 2416 499 2501 parochus
529 2417 614 2482 male
644 2415 714 2499 egit
742 2415 913 2483 retinendo
943 2421 1071 2500 partem
1099 2416 1270 2502 stipendii,
1302 2439 1377 2484 cum
1402 2418 1474 2485 aliis

149 2503 266 2570 missas
288 2505 362 2570 illas
386 2507 624 2580 committeret;
653 2526 729 2571 nam
752 2505 833 2570 haec
856 2504 1020 2589 stipendia
1050 2528 1108 2591 pro
1131 2507 1337 2573 manualibus
1360 2508 1472 2574 haberi

150 2594 285 2667 debent,
316 2594 365 2659 ia
388 2598 425 2660 ut
448 2594 609 2678 parochus
632 2598 785 2661 teneatur
807 2594 1032 2661 sacerdotibus
1062 2595 1116 2677 qui
1141 2596 1393 2664 celebraverunt
1422 2619 1473 2664 re·

149 2686 243 2750 tenta
266 2683 450 2750 rest‘tuere.

591 2871 769 2939 DILATIO
793 2872 1030 2941 MISSARUM.

717 3038 828 3106 Casus.
847 3045 905 3115 (61)

237 3178 388 3238 Ausonius
409 3179 572 3255 parochus,
603 3178 632 3236 in
662 3179 745 3238 euius
767 3178 889 3237 civitate
911 3177 995 3237 multi
1023 3198 1114 3256 saepe
1134 3184 1294 3238 versantur
1314 3180 1473 3257 peregrini,

150 3261 242 3319 multa
264 3258 372 3336 accipit
393 3259 549 3318 missarum
571 3259 718 3335 stipendia
740 3278 832 3335 eaque
854 3265 997 3318 consueta
1019 3264 1090 3318 taxa
1107 3258 1234 3318 maiora:
1256 3279 1313 3335 quo
1335 3260 1369 3320 fit
1390 3267 1421 3320 ut
1442 3261 1472 3319 in

150 3342 207 3399 fine
229 3341 300 3398 anni
326 3343 440 3398 restent
462 3338 550 3397 etiarn
579 3339 727 3414 stipendia
754 3358 829 3415 quae
857 3339 1003 3414 prioribus
1032 3339 1102 3398 anni
1131 3340 1281 3399 mensibus
1303 3346 1470 3417 acceperat,

150 3420 254 3496 quibus
276 3439 335 3478 non
357 3420 397 3478 sit
417 3419 603 3478 satisfactum
625 3419 781 3478 missarum
812 3419 1019 3478 celebratione.
1061 3419 1201 3479 Graviter
1222 3420 1421 3496 reprehensus
1441 3421 1471 3479 in

26 3534 28 3536 ·
149 3499 320 3560 visitatione
342 3501 378 3558 ab
400 3499 548 3558 ordinario
570 3500 650 3558 facta

236 3613 371 3683 Quanam
392 3633 467 3689 quae
488 3614 549 3672 sint
569 3613 697 3673 tenenda
719 3613 799 3673 cirea
819 3614 978 3673 missarum
999 3614 1178 3674 dilationem.

741 3805 876 3872 solutio.

88 3978 139 4031 216
237 3953 290 4018 An
314 3975 400 4030 ouon
424 3974 614 4030 QUAESITL'M
638 3954 676 4020 R.
705 3957 732 4021 1.
784 3954 955 4031 Quaelibet
978 3953 1091 4021 dilatio
1122 3975 1205 4037 quae
1228 3957 1266 4021 fit
1290 3977 1332 4022 ex
1355 3960 1473 4026 voluu-

148 4047 219 4111 tate
246 4064 304 4108 seu
328 4064 486 4109 consensu
512 4042 581 4109 eins
606 4044 661 4126 qui
690 4043 887 4128 stipendium
917 4045 1007 4110 dedit
1036 4044 1089 4109 vel
1113 4044 1246 4110 missam
1277 4045 1430 4115 fundauit
1453 4071 1474 4115 a

148 4137 284 4217 peccato
308 4131 458 4197 immunis
482 4138 541 4199 est.

237 4248 276 4315 R.
294 4250 323 4315 2.
354 4247 389 4313 si
405 4268 488 4329 quae
504 4248 623 4313 missae
639 4253 795 4332 petuntur
810 4270 870 4333 pro
887 4249 1104 4316 determinata
1120 4249 1327 4329 necessitate,
1352 4252 1473 4319 missae

149 4336 279 4402 omnino
303 4336 365 4402 dici
389 4337 508 4402 debent
532 4338 619 4404 iutra
644 4341 772 4421 tempus
796 4342 925 4421 aptum:
957 4360 1057 4421 quare
1081 4339 1247 4420 quaelibet
1270 4340 1384 4407 dilatio
1409 4364 1473 4425 qua

149 4426 221 4491 finis
245 4425 391 4492 intentus
415 4426 604 4502 frustratur,
630 4426 692 4492 etsi
715 4428 747 4492 in
772 4449 806 4493 se
831 4428 956 4506 brevis,
981 4429 1206 4511 peccaminosa
1231 4435 1282 4496 est
1305 4435 1407 4513 atque
1430 4453 1472 4497 ex

149 4536 184 4579 se
208 4515 356 4597 graviter
379 4516 622 4598 peccaminosa,
653 4516 812 4598 siquidem
842 4517 881 4580 de
912 4538 947 4582 re
971 4521 1107 4599 agatur,
1141 4539 1224 4600 quae
1255 4520 1338 4586 satis
1361 4520 1473 4606 magni

128 4604 306 4690 ,momenti
329 4605 370 4668 ab
395 4626 433 4669 eo
458 4605 512 4687 qui
536 4605 732 4688 stipendium
758 4608 863 4683 offert,
888 4607 1035 4672 habetur.
