3044 5174
406 105 496 161 Onera
515 124 637 161 aunan:
655 136 690 145 -
710 105 795 160 officii
812 105 898 160 divini
916 106 1048 160 recitatio.
1329 111 1394 176 455

68 283 96 362 1)
121 283 217 347 certa
241 281 401 364 quaedam
425 281 566 348 attentio
590 285 625 348 et
647 282 805 361 intentio;
830 285 865 367 2)
888 283 1040 350 recitatio
1064 283 1097 366 a)
1120 283 1261 362 vocalis,
1287 285 1321 366 b)
1344 285 1395 350 in·

65 377 170 453 tegra.
196 368 228 451 c)
253 369 454 436 continuata.

153 481 194 547 R.
220 485 252 548 2.
289 481 342 546 Ab
365 482 482 549 ultima
505 482 694 549 condicione
718 483 912 568 incipiendo,
936 505 1002 566 qua
1026 484 1123 550 debet
1145 486 1297 551 recitatio
1322 509 1395 553 esse

66 575 269 653 continuato,
299 571 381 637 hacc
408 571 457 637 ita
486 571 690 655 intellegitur
719 578 757 639 ut
786 573 856 638 sine
886 573 1125 656 interruptione
1155 575 1324 642 moraliter
1345 577 1395 641 lo-

66 660 197 742 quendo
226 661 358 742 integra
389 661 471 726 hora
500 662 657 728 canonica
689 663 889 728 absolvatur.
943 662 1100 728 Attamen
1134 663 1215 728 haec
1249 665 1394 731 condicio

65 750 219 832 neglecta
244 770 308 814 non
331 749 504 817 constituit
525 756 698 834 peccatum
721 772 841 834 grave3
866 772 980 833 neque,
1006 752 1185 818 accedente
1209 753 1396 819 rationabili

66 859 175 916 causa,
200 839 341 906 veniale.
384 839 537 921 Singulas
562 841 660 906 horas
683 840 760 907 licet
783 841 954 907 interiecto
977 841 1137 924 temporis
1159 842 1266 926 spatio
1291 844 1332 908 ad
1356 843 1395 908 li-

64 928 168 994 bitum
194 947 368 1011 separare;
393 932 427 993 et
450 949 646 1011 quamquam
671 935 777 996 totum
802 930 943 995 officium
959 935 1156 996 nocturnum
1181 932 1397 998 communiter

65 1017 159 1100 quasi
183 1038 250 1083 una
272 1017 353 1082 hora
377 1017 534 1083 canonica
557 1018 710 1084 continue
725 1018 900 1085 recitatur:
926 1024 1036 1084 tamen
1057 1041 1185 1103 sempor
1202 1020 1300 1086 etiam
1325 1022 1396 1087 sine

66 1127 167 1172 causa
191 1105 303 1174 licebit
325 1106 464 1184 Laudes,
490 1106 589 1172 etiam
613 1107 785 1173 interiecta
808 1111 880 1173 tota
903 1111 1010 1186 nocte,
1034 1108 1195 1191 aroliquo
1212 1110 1319 1175 officio
1343 1131 1396 1176 se·

65 1216 203 1279 parare;
237 1199 338 1277 atque
368 1196 467 1262 etiam
498 1195 645 1278 singulos
668 1196 855 1262 Nocturnos
885 1197 926 1261 ab
953 1196 1110 1275 invicem,
1142 1199 1204 1263 etsi
1235 1221 1300 1264 non
1323 1204 1397 1266 tota

66 1291 174 1359 nocte,
200 1287 313 1350 tamen
336 1305 396 1368 per
417 1284 544 1366 aliquot
567 1284 675 1350 horas.
706 1285 829 1350 Verum
853 1285 965 1351 licebit
988 1286 1098 1370 plures
1121 1287 1220 1353 horas
1244 1289 1397 1355 continuo

65 1375 219 1450 recitare,
243 1393 351 1456 neque
367 1373 454 1439 aliud
471 1373 548 1456 quid
567 1373 755 1456 requiritur,
779 1374 841 1440 nisi
856 1378 894 1442 ut
908 1375 1099 1457 ceteroquin
1121 1380 1251 1460 tempus
1275 1378 1395 1445 iustum

65 1463 271 1529 observetur.

155 1577 195 1643 a.
221 1580 252 1644 3.
300 1577 453 1644 Condicio
486 1599 551 1660 qua
581 1577 700 1643 dicitur
729 1578 957 1646 recitationem
989 1579 1108 1645 debere
1132 1601 1204 1645 esse
1228 1585 1395 1668 inleprom,

63 1667 210 1732 n'olatur
240 1667 507 1751 pronuntiatione
538 1667 751 1733 accelerando
783 1672 951 1752 conante,
989 1690 1054 1751 qua
1084 1670 1233 1754 syllabae
1263 1675 1396 1737 contra-

63 1755 187 1821 hantur
209 1757 264 1821 vel
286 1757 544 1841 supprimantur.
590 1756 708 1822 Potest
739 1762 850 1823 tamen
873 1758 944 1823 fieri
968 1759 1137 1838 recitatio,
1168 1763 1205 1824 ut
1229 1759 1262 1824 in
1286 1759 1394 1836 choro,

64 1866 138 1909 cum
162 1844 253 1910 socio
271 1845 484 1913 alternatim:
516 1866 579 1928 quo
609 1843 643 1909 in
667 1866 745 1912 casu
775 1846 898 1913 sufficit
929 1851 967 1913 ut
989 1868 1081 1913 suam
1107 1847 1244 1931 quisque
1267 1855 1395 1933 partem

64 1932 268 2018 pronuntiet,
293 1938 428 2002 alteram
453 1937 589 2016 oudiot,·
611 1955 726 2000 verum
749 1936 972 2018 pronuntiatio
989 1935 1088 2002 debet
1103 1957 1175 2002 esse
1199 1938 1395 2016 successiva,

64 2044 105 2088 ac
128 2022 225 2107 proin
248 2029 407 2109 peccatur
430 2028 544 2090 contra
568 2024 866 2107 pronuntiationem
891 2029 1065 2110 inteprom,
1090 2025 1136 2105 si,
1162 2027 1267 2092 altero
1291 2027 1396 2093 adhuc

63 2113 241 2190 recitante,
265 2113 354 2179 alter
375 2113 519 2197 incipiat.
551 2113 693 2179 Defectu
716 2113 818 2196 igitur
840 2114 1044 2197 integritatis
1067 2118 1136 2182 tum
1154 2115 1188 2180 in
1203 2115 1397 2182 recitatione

64 2222 140 2267 curn
164 2201 254 2268 socio
277 2206 347 2268 tum
370 2201 403 2267 in
427 2202 623 2269 recitatione
646 2224 666 2269 a
690 2204 759 2269 solo
783 2203 873 2269 facta
896 2204 960 2271 isto
983 2204 1080 2270 modo
1103 2208 1275 2288 peccatum
1300 2204 1396 2287 idque

63 2290 227 2373 graviter,
252 2290 281 2355 si
304 2295 356 2357 est
379 2290 529 2358 defectus
552 2292 684 2358 omnino
707 2292 872 2370 notabilis,
896 2293 980 2359 alias
1003 2293 1186 2360 venialiter.

157 2405 197 2473 R.
222 2408 253 2472 4.
300 2404 349 2472 Ut
371 2405 523 2472 recitatio
547 2406 591 2473 sit
614 2407 755 2486 vocalis,
779 2408 958 2490 requiritur
980 2412 1063 2475 vocis
1086 2410 1269 2476 efformatio
1294 2431 1397 2492 eaque

66 2496 246 2562 secundum
270 2495 418 2578 singulas
440 2496 614 2561 verborum
639 2498 801 2580 syllabas,
825 2519 890 2562 non
914 2498 1036 2564 sufficit
1059 2521 1205 2564 murmur
1228 2500 1397 2566 indistinc-

66 2590 148 2651 tum.
196 2583 230 2650 Si
255 2589 365 2650 autem
389 2606 455 2650 vox
480 2586 679 2662 efformatur,
707 2586 930 2669 pronuntiatio
955 2609 993 2653 eo
1016 2587 1087 2672 ipso
1111 2610 1175 2653 non
1199 2594 1310 2672 potest
1332 2610 1396 2654 non

65 2694 140 2738 esse
164 2674 273 2756 aliquo
298 2674 394 2740 modo
418 2673 586 2739 audibilis:
617 2674 704 2756 quod
726 2695 806 2741 sane
829 2675 862 2740 in
892 2675 1028 2759 privata
1048 2676 1241 2743 recitatione
1264 2678 1395 2744 sufficit.

66 2763 185 2844 Neque
207 2763 386 2845 requiritur
409 2767 447 2831 ut
468 2784 536 2830 vox
567 2784 603 2828 re
633 2764 706 2848 ipsa
729 2764 899 2842 audiatur,
931 2786 973 2830 ne
1002 2765 1044 2831 ab
1067 2765 1138 2849 ipso
1169 2767 1298 2849 quidem
1321 2787 1398 2850 pro·

66 2851 260 2930 nuntiante,
291 2852 399 2917 minus
428 2852 529 2919 etiam
551 2853 593 2918 ab
624 2852 698 2918 aliis
721 2853 968 2932 assistentibus;
1000 2854 1098 2919 immo
1129 2856 1257 2938 quando
1287 2857 1397 2939 plures

66 2940 223 3024 privatim
248 2941 411 3019 recitant,
443 2941 597 3008 convenit
625 2946 663 3007 ut
687 2942 823 3025 quilibet
845 2964 960 3009 vocem
984 2943 1032 3010 ita
1054 2944 1258 3023 moderetur,
1291 2965 1331 3010 ne
1355 2944 1396 3009 ab

65 3031 142 3096 aliis
166 3029 320 3096 audiatur
343 3030 469 3096 aliosve
493 3031 672 3114 perturbet.

156 3145 195 3212 R.
229 3148 260 3212 5.
306 3145 389 3223 Quid
420 3146 607 3229 requiratur
638 3150 675 3214 ut
705 3147 855 3213 recitatio
886 3147 931 3215 sit
960 3150 1062 3213 oratio
1092 3151 1137 3213 od
1169 3149 1288 3232 Deum,
1320 3169 1395 3216 mox

65 3235 155 3301 infra
179 3235 315 3302 dicetur.

156 3368 210 3432 An
232 3387 425 3444 quansrruu
448 3370 486 3431 2¹·
510 3367 548 3433 R.
576 3371 605 3434 1.
644 3368 682 3432 ln
706 3369 806 3434 choro
830 3369 952 3434 sufficit
975 3368 1104 3451 quidem
1130 3370 1319 3435 alternatim
1344 3392 1395 3435 re·
1407 3385 1456 3439 791

65 3457 171 3523 citare
194 3462 228 3523 et
252 3457 379 3531 audire:
411 3457 468 3522 sed
492 3457 681 3523 alternatim
713 3457 826 3522 audire
850 3464 883 3524 et
907 3478 1065 3539 organum
1097 3459 1229 3541 pulsare
1257 3464 1396 3525 nonest

66 3546 136 3612 ulla
159 3546 327 3623 recitatio;
358 3551 560 3631 quapropter
582 3546 634 3612 hic
657 3547 773 3612 modus
797 3567 862 3611 non
885 3547 1007 3613 sulficit
1037 3552 1074 3614 ut
1097 3548 1289 3629 obligationi
1313 3549 1396 3613 reci·
1454 3614 1457 3619 ,

66 3635 161 3702 tandi
185 3634 284 3701 officii
308 3635 409 3701 divini
432 3634 582 3702 satisfiat.
631 3636 666 3702 Si
690 3641 800 3702 autem
825 3637 996 3718 quaeritur
1019 3637 1059 3702 de
1083 3638 1250 3720 gravitate
1274 3637 1396 3715 (obiec-

66 3723 153 3806 tiva)
178 3723 289 3790 omissi
304 3725 415 3809 pensi:
440 3746 512 3791 curn
529 3725 692 3791 Ludmilla
711 3734 838 3810 portem
854 3726 1069 3809 praestiterit,
1094 3725 1220 3792 scilicet
1235 3726 1395 3791 audiendo

68 3817 293 3896 campartem
324 3835 422 3897 quam
452 3814 565 3880 audire
595 3814 656 3897 ipsi
687 3814 770 3879 satis
794 3819 884 3892 erat,
915 3836 995 3880 sane
1020 3815 1159 3881 materia
1189 3815 1309 3880 omissa
1331 3836 1396 3881 non

67 3906 180 3986 potest
202 3902 371 3969 aestimari
387 3902 448 3968 nisi
465 3903 641 3969 secundum
658 3904 797 3969 mediam
814 3909 942 3987 partem
961 3925 1189 3987 vesperarum3
1213 3904 1294 3968 haec
1318 3924 1395 3969 vero

68 4013 133 4059 non
157 3991 254 4076 plane
278 3991 413 4074 attingit
435 3993 608 4058 materiam
632 4013 779 4073 gravem.
819 3993 943 4058 Censeo
966 3992 1069 4075 igitur
1088 3992 1294 4058 omissionem
1319 4014 1396 4075 gra-

67 4103 142 4147 vem
167 4103 231 4147 non
255 4102 337 4160 esse,
362 4080 390 4146 si
414 4081 560 4164 reliquae
584 4086 696 4164 partes
720 4081 875 4148 cotidiani
900 4083 996 4148 officii
1015 4103 1035 4147 a
1051 4082 1212 4146 Ludmilla
1236 4082 1298 4148 rite
1322 4104 1396 4166 per-

67 4172 249 4237 solvantur.

157 4286 196 4353 R.
222 4289 252 4353 2.
299 4284 418 4362 Quodsi
443 4285 601 4351 moniales
625 4306 747 4351 morem
773 4286 996 4363 observarent,
1021 4287 1126 4351 solum
1151 4287 1297 4352 alternos
1321 4307 1396 4351 ver-

66 4375 188 4442 siculos
210 4374 371 4441 recitandi
394 4379 428 4440 et
451 4375 534 4440 alios
558 4396 673 4440 versus
696 4375 766 4439 solo
791 4376 907 4457 organi
930 4377 1023 4458 pulsu
1049 4376 1217 4460 supplere:
1243 4397 1301 4458 pro
1326 4397 1395 4440 om-

65 4466 162 4532 nibus
184 4464 271 4530 idem
297 4463 360 4529 dici
383 4465 537 4542 deberet,
561 4463 703 4529 scilicet:
728 4485 800 4529 esse
824 4465 961 4529 abusum
986 4464 1114 4547 quidem
1139 4465 1269 4531 omnino
1294 4465 1395 4530 corri-
