3044 5174
146 289 212 354 356
598 287 803 341 Sacramentum
821 286 1014 358 paenitentiae.

146 486 224 530 num
247 464 334 530 forte
356 464 424 530 filia
447 486 520 529 cum
543 467 641 548 patre
669 464 761 530 brevi
793 469 871 531 aute
901 465 1046 531 dolorem
1076 466 1116 531 de
1139 464 1284 550 peccatis
1314 465 1475 548 elicuerit,

146 559 307 638 paterque
330 575 403 619 cum
426 574 468 620 ea
488 554 521 619 id
545 554 672 621 fecerit.
719 553 840 630 Quodsi
869 553 950 621 haec
980 554 1150 620 affirmans
1179 555 1381 639 respondere
1410 555 1476 620 lilia

145 647 273 727 potest,
299 647 378 727 puto
402 642 640 709 absolutionem
664 642 925 709 condicionalem
949 644 1019 709 dari
1042 665 1156 728 posse;
1186 648 1372 710 extremam
1397 665 1476 709 unc-

144 731 269 798 tionem
298 737 368 799 tum
397 737 545 810 tantum,
576 732 705 814 quando
736 732 776 797 de
807 752 846 798 ea
876 733 1063 816 specialiter
1092 733 1233 800 audierit
1262 732 1477 799 moribundus

146 841 284 904 eamque
313 821 528 906 probabiliter
550 822 666 886 lubens
689 821 891 887 admissurus
913 822 1023 889 fuerit.

411 1030 735 1098 CONFESSARIUS
759 1030 1123 1098 MORIBUNDORUM
1146 1030 1214 1114 (II).

705 1188 816 1255 daras.
837 1195 914 1264 (lea)

236 1348 414 1409 Ouuibertus
436 1349 570 1424 graviter
597 1353 759 1423 aegrotans
788 1347 945 1406 diuturnae
965 1347 1048 1406 vitae
1077 1353 1217 1424 peccata,
1249 1367 1326 1424 quae
1348 1367 1477 1424 eousque

148 1429 360 1490 conscientiam
387 1434 603 1499 oneraverant,
635 1427 823 1488 confessione
853 1427 947 1487 diluit.
994 1427 1221 1487 administratis
1250 1428 1308 1488 rita
1341 1428 1476 1489 omnibus

148 1511 359 1582 sacramentis,
381 1509 530 1588 parochus
551 1514 674 1584 aegroto
696 1507 837 1567 valedicit
857 1528 951 1584 neque
972 1508 1098 1567 festinat
1118 1514 1272 1585 aegrotum
1294 1528 1349 1586 per
1370 1508 1475 1568 hebdo-

147 1590 250 1649 madas
272 1590 368 1649 adhuc
389 1591 483 1649 vitam
503 1589 725 1667 protrahentem
739 1588 872 1658 visitare,
894 1607 989 1664 nequa
1003 1593 1144 1663 aegrotus
1165 1589 1255 1648 audet
1275 1608 1342 1648 eum
1358 1588 1475 1666 saepius

148 1689 318 1742 accersere,
346 1690 383 1730 na
404 1669 543 1730 videatur
570 1668 746 1746 compluries
767 1688 803 1727 eo
825 1688 899 1746 opus
919 1669 1046 1740 habere,
1076 1688 1252 1745 quamquam
1273 1669 1475 1729 conscientiae

147 1750 365 1828 tranquillitate
386 1770 446 1811 non
466 1751 583 1809 fruitur.

149 1865 325 1936 Quannrrun
357 1866 385 1923 1⁰
415 1863 598 1934 moribundi,
628 1862 825 1922 sacramentis
854 1861 977 1934 muniti,
1009 1861 1109 1921 sintne
1138 1862 1263 1922 ulterius
1293 1863 1419 1923 iuvandi
1448 1867 1476 1922 et

416 1945 570 2021 quomodo.

353 2044 384 2100 2⁰
413 2042 482 2118 quid
503 2042 538 2100 de
560 2060 632 2100 casu
652 2045 756 2100 nostro
778 2039 940 2100 dicendum.

743 2241 879 2309 Salutio.

86 2413 138 2467 627
237 2402 290 2466 Ao
314 2422 506 2478 auansmau
531 2405 570 2467 1¹²
585 2402 624 2467 R.
649 2405 678 2469 1.
709 2401 842 2468 Rituale
865 2401 1049 2467 Romanum
1073 2403 1121 2467 bia
1136 2405 1248 2468 monet
1271 2401 1475 2483 frequentem

150 2495 361 2573 aegrotorum
385 2490 617 2558 visitationem.
664 2491 784 2557 Statim
816 2492 857 2556 ab
881 2491 991 2567 initio,
1023 2490 1078 2555 ubi
1108 2491 1180 2573 agit
1210 2491 1250 2555 de
1274 2511 1356 2556 cura
1388 2491 1475 2555 infir-

150 2602 286 2656 morum,
311 2579 406 2647 dicit:
445 2581 550 2658 ,ultro
573 2581 615 2646 ad
640 2580 729 2645 illum
754 2580 907 2657 accedat,
932 2580 1029 2663 idque
1053 2601 1118 2645 uon
1141 2580 1241 2644 semel
1265 2583 1395 2645 tantum
1420 2580 1475 2645 sed

149 2670 296 2753 saepius,
328 2672 491 2751 quatenus
514 2692 596 2754 opus
618 2669 747 2736 fuerit.“
797 2670 881 2735 Dein
905 2691 978 2734 cum
1008 2668 1163 2734 describit
1189 2668 1319 2733 modum
1343 2668 1476 2734 iuvandi

149 2759 342 2836 morientes,
374 2759 494 2826 iterum
523 2763 635 2824 monet
661 2758 813 2840 gravius:
849 2759 1122 2840 ,ingravescente
1153 2757 1282 2834 morbo,
1314 2758 1477 2841 parochus

149 2848 311 2913 infirmum
341 2847 546 2930 frequentius
576 2847 756 2913 visitabit.
782 2899 789 2913 .
815 2901 822 2914 .
853 2848 1061 2928 manebitque
1091 2847 1237 2911 instante
1266 2846 1412 2930 periculo
1443 2869 1476 2912 se

150 2937 322 3003 confestim
347 2938 467 3013 vocari,
492 2941 583 3002 utin
608 2945 744 3021 ternpore
762 2945 892 3021 praesto
916 2940 958 3001 eit
981 2935 1160 3001 morienti.“

238 3053 277 3119 R.
303 3056 333 3119 2.
380 3053 471 3118 Haec
494 3052 627 3136 parochi
658 3052 815 3135 obligatio
847 3073 911 3133 qua
940 3053 1109 3136 gravitate
1139 3051 1280 3134 obliget,
1310 3053 1478 3136 pendete

150 3142 288 3207 diversis
312 3146 381 3207 tum
405 3142 539 3226 parochi
563 3146 632 3208 tum
657 3141 785 3223 aegroti
810 3141 1074 3209 circumstantiis.
1107 3141 1145 3207 ld
1168 3147 1279 3208 tamen
1305 3142 1477 3207 attendere

150 3232 248 3297 debet
271 3231 431 3314 parochus
455 3236 603 3315 ternpore
626 3232 741 3297 mortis
765 3230 919 3314 graviora
943 3252 1015 3296 esse
1033 3230 1178 3314 pericula
1193 3235 1262 3297 turn
1280 3250 1323 3295 ex
1339 3229 1478 3297 infesta-

150 3321 239 3387 tione
256 3320 385 3397 diaboli,
410 3326 479 3386 tum
497 3342 539 3386 ex
555 3320 746 3387 infirmitate
762 3319 900 3403 aegroti,
925 3325 994 3386 tum
1012 3341 1054 3384 ex
1072 3319 1350 3404 irreparabilitate
1368 3320 1478 3386 damni

150 3410 236 3493 quod
259 3409 446 3476 incurritur.

239 3526 278 3591 a.
304 3528 333 3591 3.
365 3525 443 3590 Pius
466 3527 629 3610 parochus
645 3527 698 3592 vel
722 3525 942 3592 confessarius
965 3545 1044 3590 sane
1067 3547 1132 3589 non
1153 3524 1186 3590 id
1201 3524 1308 3590 solum
1323 3526 1478 3605 attendit,

150 3619 187 3679 ut
210 3617 366 3696 aegrotus
389 3615 585 3681 restituatur
615 3615 648 3680 in
679 3619 802 3681 statum
834 3614 963 3697 gratiae
993 3615 1079 3699 apud
1103 3615 1225 3689 Deum,
1256 3615 1315 3679 scd
1339 3620 1479 3682 conatur

150 3703 261 3781 etiarn,
285 3707 322 3768 ut
345 3704 454 3769 brevis
477 3704 564 3769 illius
587 3705 674 3786 quod
697 3708 804 3770 restat
827 3703 983 3789 temporis
999 3706 1084 3769 bono
1106 3725 1167 3769 usu
1182 3708 1340 3785 aegrotus
1360 3704 1478 3770 divinis

151 3792 276 3859 meritis
300 3798 427 3858 crescat
449 3798 549 3875 atque
573 3794 701 3859 actibus
724 3794 884 3860 virtutum
907 3794 1057 3876 repetitis
1086 3796 1120 3857 et
1142 3792 1299 3876 perfectis
1321 3797 1478 3858 aeternae

150 3882 240 3948 vitae
263 3882 409 3965 praemia
433 3902 530 3963 quam
554 3883 729 3967 plurimum
753 3887 884 3965 augeat.
919 3883 967 3946 De
991 3904 1053 3964 quo
1071 3881 1112 3947 cf.
1134 3882 1190 3947 Tb.
1207 3905 1248 3948 m.
1265 3880 1307 3960 Il,
1324 3883 1391 3948 520
1407 3903 1478 3965 sqq.

89 4032 141 4085 628
240 4016 292 4080 aa
309 4036 501 4090 quaestuum
518 4019 557 4079 2²²
573 4016 611 4082 R.
632 4021 660 4082 1.
692 4015 753 4091 Qui
768 4017 888 4098 longae
900 4016 991 4082 vitae
1006 4020 1142 4099 peccata
1154 4014 1294 4092 demum,
1311 4036 1384 4081 cum
1402 4037 1479 4098 gra-

152 4103 239 4169 viter
253 4109 416 4187 aegrotat,
435 4107 619 4183 confitetur,
636 4127 711 4170 raro
728 4105 870 4170 omnium
887 4107 1094 4172 recordatur:
1119 4109 1320 4189 quapropter
1335 4105 1479 4188 plerum-

151 4214 214 4276 que
237 4200 353 4277 postea
376 4194 554 4259 memoriae
577 4199 751 4260 occurrent
775 4195 840 4260 alia
865 4199 962 4276 atque
987 4194 1068 4271 alia,
1093 4216 1178 4276 quae
1202 4192 1324 4259 oblitus
1348 4198 1423 4260 erat
1446 4200 1479 4261 et

151 4303 235 4365 quae
259 4304 344 4347 nunc
368 4284 459 4366 cupit
489 4283 689 4349 confessario
720 4285 941 4351 manifestare.
988 4284 1091 4348 Immo
1122 4304 1158 4349 re
1186 4283 1259 4365 ipsa
1288 4283 1372 4350 baec
1402 4305 1479 4350 con·

151 4373 264 4436 fitendi
287 4373 319 4437 in
345 4373 488 4455 periculo
512 4372 627 4438 mortis
651 4375 764 4455 gravis
787 4372 944 4454 obligatio
969 4377 1036 4449 est,
1062 4373 1147 4456 quia,
1171 4373 1233 4437 nisi
1250 4394 1338 4438 nunc
1361 4395 1402 4440 ea
1424 4395 1479 4440 ae·

152 4466 260 4536 cuset,
291 4462 324 4527 in
348 4461 491 4545 periculo
516 4467 581 4539 est,
613 4484 653 4527 ne
676 4484 851 4544 numquam
876 4483 915 4527 ea
939 4462 1087 4528 confiteri
1111 4462 1224 4546 possit.
1272 4462 1478 4543 cunibertus,

153 4572 223 4616 cum
247 4552 280 4617 in
304 4551 393 4616 hisce
417 4551 670 4617 circumstantiis
694 4556 797 4629 esset,
829 4573 872 4616 ex
902 4554 964 4617 hac
994 4551 1122 4617 ratione
1153 4573 1173 4616 a
1196 4552 1341 4636 parocho
1374 4553 1480 4620 denuo

153 4640 280 4706 visitari
304 4641 369 4706 iam
393 4641 490 4724 plane
514 4640 635 4707 debuit.
965 4656 972 4666 “
