<?xml version="1.0" encoding="UTF-8"?>
<!DOCTYPE html PUBLIC "-//W3C//DTD XHTML 1.0 Transitional//EN"
    "http://www.w3.org/TR/xhtml1/DTD/xhtml1-transitional.dtd">
<html xmlns="http://www.w3.org/1999/xhtml" xml:lang="en" lang="en">
 <head>
  <title>
</title>
<meta http-equiv="Content-Type" content="text/html;charset=utf-8" />
  <meta name='ocr-system' content='tesseract 3.04.00' />
  <meta name='ocr-capabilities' content='ocr_page ocr_carea ocr_par ocr_line ocrx_word'/>
</head>
<body>
  <div class='ocr_page' id='page_1' title='image "./casusconscienti00lehmgoog_0145.png"; bbox 0 0 3044 5174; ppageno 0'>
   <div class='ocr_carea' id='block_1_1' title="bbox 397 277 1392 349">
    <p class='ocr_par' dir='ltr' id='par_1_1' title="bbox 397 277 1392 349">
     <span class='ocr_line' id='line_1_1' title="bbox 397 277 1392 349; baseline 0.003 -17"><span class='ocrx_word' id='word_1_1' title='bbox 397 277 550 349; x_wconf 81' lang='lat' dir='ltr'>Applicatio</span> <span class='ocrx_word' id='word_1_2' title='bbox 570 278 669 332; x_wconf 87' lang='lat' dir='ltr'>missae</span> <span class='ocrx_word' id='word_1_3' title='bbox 688 295 736 348; x_wconf 92' lang='lat' dir='ltr'>pro</span> <span class='ocrx_word' id='word_1_4' title='bbox 754 277 889 348; x_wconf 88' lang='lat' dir='ltr'>stipendio</span> <span class='ocrx_word' id='word_1_5' title='bbox 909 308 942 315; x_wconf 91' lang='lat'><em>-</em></span> <span class='ocrx_word' id='word_1_6' title='bbox 962 277 1064 332; x_wconf 80' lang='lat' dir='ltr'>dilatio.</span> <span class='ocrx_word' id='word_1_7' title='bbox 1330 280 1392 344; x_wconf 89' lang='grc'>123</span> 
     </span>
    </p>
   </div>
   <div class='ocr_carea' id='block_1_2' title="bbox 10 40 21 531">
    <p class='ocr_par' dir='ltr' id='par_1_2' title="bbox 10 40 21 531">
     <span class='ocr_line' id='line_1_2' title="bbox 10 40 21 345; baseline 0 0"><span class='ocrx_word' id='word_1_8' title='bbox 10 40 21 345; x_wconf 82' lang='lat' dir='ltr'>l</span> 
     </span>
     <span class='ocr_line' id='line_1_3' title="bbox 10 478 15 531; baseline 0 0"><span class='ocrx_word' id='word_1_9' title='bbox 10 478 15 531; x_wconf 74' lang='grc'>,</span> 
     </span>
    </p>
   </div>
   <div class='ocr_carea' id='block_1_3' title="bbox 10 451 1394 1141">
    <p class='ocr_par' dir='ltr' id='par_1_3' title="bbox 10 451 1394 1141">
     <span class='ocr_line' id='line_1_4' title="bbox 150 451 1394 535; baseline 0.001 -18"><span class='ocrx_word' id='word_1_10' title='bbox 150 452 191 519; x_wconf 89' lang='lat' dir='ltr'>R.</span> <span class='ocrx_word' id='word_1_11' title='bbox 216 455 248 519; x_wconf 85' lang='lat'>3.</span> <span class='ocrx_word' id='word_1_12' title='bbox 280 451 320 517; x_wconf 94' lang='lat' dir='ltr'>In</span> <span class='ocrx_word' id='word_1_13' title='bbox 344 451 517 518; x_wconf 82' lang='lat' dir='ltr'>ordinariis</span> <span class='ocrx_word' id='word_1_14' title='bbox 541 453 720 531; x_wconf 79' lang='lat' dir='ltr'>adiunctis,</span> <span class='ocrx_word' id='word_1_15' title='bbox 737 453 791 518; x_wconf 93' lang='lat' dir='ltr'>ubi</span> <span class='ocrx_word' id='word_1_16' title='bbox 815 473 920 535; x_wconf 90' lang='lat' dir='ltr'>neque</span> <span class='ocrx_word' id='word_1_17' title='bbox 944 474 986 518; x_wconf 88' lang='lat' dir='ltr'>ex</span> <span class='ocrx_word' id='word_1_18' title='bbox 1010 459 1128 519; x_wconf 90' lang='lat' dir='ltr'>natura</span> <span class='ocrx_word' id='word_1_19' title='bbox 1152 453 1198 517; x_wconf 89' lang='lat' dir='ltr'>rei</span> <span class='ocrx_word' id='word_1_20' title='bbox 1223 473 1327 533; x_wconf 90' lang='lat' dir='ltr'>neque</span> <span class='ocrx_word' id='word_1_21' title='bbox 1351 473 1394 518; x_wconf 88' lang='lat' dir='ltr'>ex</span> 
     </span>
     <span class='ocr_line' id='line_1_5' title="bbox 10 541 1393 627; baseline 0.001 -22"><span class='ocrx_word' id='word_1_22' title='bbox 10 554 20 627; x_wconf 68' lang='grc'>6</span> <span class='ocrx_word' id='word_1_23' title='bbox 66 541 288 608; x_wconf 77' lang='lat' dir='ltr'>declaratione</span> <span class='ocrx_word' id='word_1_24' title='bbox 324 541 478 607; x_wconf 87' lang='lat' dir='ltr'>donantis</span> <span class='ocrx_word' id='word_1_25' title='bbox 507 542 703 627; x_wconf 78' lang='lat' dir='ltr'>stipendium</span> <span class='ocrx_word' id='word_1_26' title='bbox 735 543 857 625; x_wconf 90' lang='lat' dir='ltr'>aliquid</span> <span class='ocrx_word' id='word_1_27' title='bbox 888 543 968 609; x_wconf 90' lang='lat' dir='ltr'>certi</span> <span class='ocrx_word' id='word_1_28' title='bbox 999 542 1169 619; x_wconf 89' lang='lat' dir='ltr'>definitur,</span> <span class='ocrx_word' id='word_1_29' title='bbox 1206 542 1393 608; x_wconf 80' lang='lat' dir='ltr'>admittitur</span> 
     </span>
     <span class='ocr_line' id='line_1_6' title="bbox 12 629 1390 715; baseline 0.001 -20"><span class='ocrx_word' id='word_1_30' title='bbox 12 700 15 705; x_wconf 61' lang='grc'>,</span> <span class='ocrx_word' id='word_1_31' title='bbox 68 630 195 712; x_wconf 83' lang='grc'>6611616</span> <span class='ocrx_word' id='word_1_32' title='bbox 219 629 332 695; x_wconf 87' lang='lat' dir='ltr'>brevis</span> <span class='ocrx_word' id='word_1_33' title='bbox 356 630 485 701; x_wconf 84' lang='lat' dir='ltr'>dilatio,</span> <span class='ocrx_word' id='word_1_34' title='bbox 510 631 664 696; x_wconf 90' lang='lat' dir='ltr'>diuturna</span> <span class='ocrx_word' id='word_1_35' title='bbox 687 637 798 697; x_wconf 90' lang='lat' dir='ltr'>autem</span> <span class='ocrx_word' id='word_1_36' title='bbox 822 635 873 696; x_wconf 90' lang='lat' dir='ltr'>est</span> <span class='ocrx_word' id='word_1_37' title='bbox 903 630 1075 715; x_wconf 86' lang='lat' dir='ltr'>prohibita.</span> <span class='ocrx_word' id='word_1_38' title='bbox 1123 631 1174 696; x_wconf 90' lang='grc'>166</span> <span class='ocrx_word' id='word_1_39' title='bbox 1198 631 1231 694; x_wconf 91' lang='grc'>16</span> <span class='ocrx_word' id='word_1_40' title='bbox 1255 630 1390 697; x_wconf 85' lang='lat' dir='ltr'>Constit.</span> 
     </span>
     <span class='ocr_line' id='line_1_7' title="bbox 12 719 1393 805; baseline 0 -20"><span class='ocrx_word' id='word_1_41' title='bbox 12 742 25 770; x_wconf 79' lang='lat'>··</span> <span class='ocrx_word' id='word_1_42' title='bbox 70 719 218 805; x_wconf 82' lang='lat' dir='ltr'>,Nuper“</span> <span class='ocrx_word' id='word_1_43' title='bbox 264 740 365 802; x_wconf 90' lang='lat' dir='ltr'>supra</span> <span class='ocrx_word' id='word_1_44' title='bbox 407 719 542 785; x_wconf 91' lang='lat' dir='ltr'>laudata</span> <span class='ocrx_word' id='word_1_45' title='bbox 584 721 615 786; x_wconf 95' lang='grc'>1.</span> <span class='ocrx_word' id='word_1_46' title='bbox 658 722 699 785; x_wconf 83' lang='grc'>23</span> <span class='ocrx_word' id='word_1_47' title='bbox 739 722 817 786; x_wconf 85' lang='grc'>1166.</span> <span class='ocrx_word' id='word_1_48' title='bbox 862 723 945 785; x_wconf 83' lang='grc'>1697</span> <span class='ocrx_word' id='word_1_49' title='bbox 985 720 1177 804; x_wconf 83' lang='lat' dir='ltr'>prohibetur</span> <span class='ocrx_word' id='word_1_50' title='bbox 1222 720 1393 801; x_wconf 89' lang='lat' dir='ltr'>quominus</span> 
     </span>
     <span class='ocr_line' id='line_1_8' title="bbox 14 808 1393 895; baseline 0.001 -23"><span class='ocrx_word' id='word_1_51' title='bbox 14 822 17 827; x_wconf 85' lang='grc'><strong><em>’</em></strong></span> <span class='ocrx_word' id='word_1_52' title='bbox 68 829 151 874; x_wconf 83' lang='grc'>6616</span> <span class='ocrx_word' id='word_1_53' title='bbox 186 829 289 874; x_wconf 90' lang='grc'>66616</span> <span class='ocrx_word' id='word_1_54' title='bbox 323 808 496 874; x_wconf 86' lang='grc'>1616661616</span> <span class='ocrx_word' id='word_1_55' title='bbox 530 808 766 893; x_wconf 85' lang='grc'>666616166661,</span> <span class='ocrx_word' id='word_1_56' title='bbox 802 809 864 873; x_wconf 89' lang='grc'>6161</span> <span class='ocrx_word' id='word_1_57' title='bbox 892 809 983 891; x_wconf 81' lang='lat' dir='ltr'>infra</span> <span class='ocrx_word' id='word_1_58' title='bbox 1019 809 1109 874; x_wconf 83' lang='lat' dir='ltr'>breve</span> <span class='ocrx_word' id='word_1_59' title='bbox 1135 817 1256 895; x_wconf 79' lang='lat' dir='ltr'>ternpus</span> <span class='ocrx_word' id='word_1_60' title='bbox 1289 808 1393 873; x_wconf 87' lang='lat' dir='ltr'>omni·</span> 
     </span>
     <span class='ocr_line' id='line_1_9' title="bbox 69 897 1393 984; baseline 0.001 -23"><span class='ocrx_word' id='word_1_61' title='bbox 69 899 126 962; x_wconf 87' lang='lat' dir='ltr'>bus</span> <span class='ocrx_word' id='word_1_62' title='bbox 160 897 268 984; x_wconf 86' lang='lat' dir='ltr'>possit</span> <span class='ocrx_word' id='word_1_63' title='bbox 302 898 466 963; x_wconf 84' lang='lat' dir='ltr'>satisfieri.</span> <span class='ocrx_word' id='word_1_64' title='bbox 503 935 546 946; x_wconf 92' lang='lat'><strong>—</strong></span> <span class='ocrx_word' id='word_1_65' title='bbox 583 901 670 980; x_wconf 73' lang='grc'>61161</span> <span class='ocrx_word' id='word_1_66' title='bbox 705 897 817 963; x_wconf 88' lang='grc'>1116616</span> <span class='ocrx_word' id='word_1_67' title='bbox 854 897 897 964; x_wconf 89' lang='grc'>616</span> <span class='ocrx_word' id='word_1_68' title='bbox 929 902 1072 982; x_wconf 75' lang='lat' dir='ltr'>praviter</span> <span class='ocrx_word' id='word_1_69' title='bbox 1105 898 1286 982; x_wconf 90' lang='lat' dir='ltr'>prohibita,</span> <span class='ocrx_word' id='word_1_70' title='bbox 1322 903 1393 964; x_wconf 91' lang='lat' dir='ltr'>tum</span> 
     </span>
     <span class='ocr_line' id='line_1_10' title="bbox 70 985 1393 1071; baseline 0 -20"><span class='ocrx_word' id='word_1_71' title='bbox 70 1008 107 1051; x_wconf 91' lang='grc'>61</span> <span class='ocrx_word' id='word_1_72' title='bbox 138 985 370 1052; x_wconf 79' lang='lat' dir='ltr'>aestimatione</span> <span class='ocrx_word' id='word_1_73' title='bbox 400 986 545 1052; x_wconf 86' lang='lat' dir='ltr'>virorum</span> <span class='ocrx_word' id='word_1_74' title='bbox 576 988 744 1053; x_wconf 89' lang='lat' dir='ltr'>doctorum</span> <span class='ocrx_word' id='word_1_75' title='bbox 775 992 846 1053; x_wconf 91' lang='lat' dir='ltr'>tum</span> <span class='ocrx_word' id='word_1_76' title='bbox 877 1008 919 1052; x_wconf 89' lang='grc'>61</span> <span class='ocrx_word' id='word_1_77' title='bbox 949 987 1092 1071; x_wconf 85' lang='lat' dir='ltr'>positiva</span> <span class='ocrx_word' id='word_1_78' title='bbox 1122 987 1195 1068; x_wconf 82' lang='lat' dir='ltr'>lege</span> <span class='ocrx_word' id='word_1_79' title='bbox 1226 986 1393 1051; x_wconf 83' lang='lat' dir='ltr'>Ecclesiae</span> 
     </span>
     <span class='ocr_line' id='line_1_11' title="bbox 71 1075 371 1141; baseline 0.004 -1"><span class='ocrx_word' id='word_1_80' title='bbox 71 1075 362 1141; x_wconf 89' lang='lat' dir='ltr'>definiendumt</span> <span class='ocrx_word' id='word_1_81' title='bbox 311 1080 371 1141; x_wconf 89' lang='lat' dir='ltr'>est.</span> 
     </span>
    </p>
   </div>
   <div class='ocr_carea' id='block_1_4' title="bbox 21 1171 1395 1889">
    <p class='ocr_par' dir='ltr' id='par_1_4' title="bbox 21 1171 1394 1553">
     <span class='ocr_line' id='line_1_12' title="bbox 155 1171 1394 1255; baseline 0 -17"><span class='ocrx_word' id='word_1_82' title='bbox 155 1173 282 1239; x_wconf 84' lang='lat' dir='ltr'>Exstat</span> <span class='ocrx_word' id='word_1_83' title='bbox 305 1173 434 1255; x_wconf 90' lang='lat' dir='ltr'>quidem</span> <span class='ocrx_word' id='word_1_84' title='bbox 458 1171 590 1238; x_wconf 88' lang='lat' dir='ltr'>declara</span> <span class='ocrx_word' id='word_1_85' title='bbox 591 1172 686 1239; x_wconf 81' lang='lat' dir='ltr'>roS</span> <span class='ocrx_word' id='word_1_86' title='bbox 704 1173 737 1239; x_wconf 85' lang='lat' dir='ltr'>C</span> <span class='ocrx_word' id='word_1_87' title='bbox 754 1173 787 1239; x_wconf 82' lang='grc' dir='ltr'>Ο.</span> <span class='ocrx_word' id='word_1_88' title='bbox 813 1173 843 1238; x_wconf 92' lang='grc'>1.</span> <span class='ocrx_word' id='word_1_89' title='bbox 871 1172 1003 1238; x_wconf 89' lang='grc'>1716111</span> <span class='ocrx_word' id='word_1_90' title='bbox 1028 1174 1124 1250; x_wconf 88' lang='lat'>1655,</span> <span class='ocrx_word' id='word_1_91' title='bbox 1150 1193 1233 1254; x_wconf 89' lang='lat' dir='ltr'>quae</span> <span class='ocrx_word' id='word_1_92' title='bbox 1257 1172 1394 1238; x_wconf 86' lang='lat' dir='ltr'>vetabat</span> 
     </span>
     <span class='ocr_line' id='line_1_13' title="bbox 71 1261 1392 1345; baseline 0.001 -18"><span class='ocrx_word' id='word_1_93' title='bbox 71 1281 154 1328; x_wconf 87' lang='lat' dir='ltr'>nova</span> <span class='ocrx_word' id='word_1_94' title='bbox 169 1283 273 1328; x_wconf 90' lang='lat' dir='ltr'>onera</span> <span class='ocrx_word' id='word_1_95' title='bbox 288 1263 420 1340; x_wconf 85' lang='lat' dir='ltr'>assumi,</span> <span class='ocrx_word' id='word_1_96' title='bbox 444 1262 505 1327; x_wconf 89' lang='grc'>6161</span> <span class='ocrx_word' id='word_1_97' title='bbox 497 1261 669 1326; x_wconf 92' lang='lat' dir='ltr'>omnibns</span> <span class='ocrx_word' id='word_1_98' title='bbox 685 1262 836 1327; x_wconf 88' lang='lat' dir='ltr'>oneribus</span> <span class='ocrx_word' id='word_1_99' title='bbox 852 1261 944 1343; x_wconf 76' lang='lat' dir='ltr'>iufra</span> <span class='ocrx_word' id='word_1_100' title='bbox 960 1284 1093 1327; x_wconf 83' lang='grc'>6111161111</span> <span class='ocrx_word' id='word_1_101' title='bbox 1111 1261 1262 1327; x_wconf 87' lang='lat' dir='ltr'>satisfieri</span> <span class='ocrx_word' id='word_1_102' title='bbox 1279 1261 1392 1345; x_wconf 89' lang='lat' dir='ltr'>possit.</span> 
     </span>
     <span class='ocr_line' id='line_1_14' title="bbox 22 1344 1394 1434; baseline 0.002 -21.078"><span class='ocrx_word' id='word_1_103' title='bbox 22 1344 192 1416; x_wconf 75' lang='lat' dir='ltr'>Verum</span> <span class='ocrx_word' id='word_1_104' title='bbox 215 1351 401 1418; x_wconf 88' lang='lat' dir='ltr'>recentiora</span> <span class='ocrx_word' id='word_1_105' title='bbox 424 1355 634 1416; x_wconf 89' lang='lat' dir='ltr'>monumenta</span> <span class='ocrx_word' id='word_1_106' title='bbox 657 1350 879 1416; x_wconf 88' lang='lat' dir='ltr'>ecclesiastica</span> <span class='ocrx_word' id='word_1_107' title='bbox 908 1350 1049 1434; x_wconf 89' lang='lat' dir='ltr'>spatium</span> <span class='ocrx_word' id='word_1_108' title='bbox 1074 1350 1155 1415; x_wconf 91' lang='lat' dir='ltr'>illud</span> <span class='ocrx_word' id='word_1_109' title='bbox 1177 1350 1322 1415; x_wconf 90' lang='lat' dir='ltr'>nonnihil</span> <span class='ocrx_word' id='word_1_110' title='bbox 1345 1350 1394 1415; x_wconf 90' lang='lat' dir='ltr'>la·</span> 
     </span>
     <span class='ocr_line' id='line_1_15' title="bbox 21 1404 1393 1575; baseline -0.002 -69"><span class='ocrx_word' id='word_1_111' title='bbox 21 1404 31 1575; x_wconf 76' lang='grc' dir='ltr'><strong>Ι</strong></span> <span class='ocrx_word' id='word_1_112' title='bbox 71 1441 133 1506; x_wconf 86' lang='lat' dir='ltr'>tius</span> <span class='ocrx_word' id='word_1_113' title='bbox 164 1438 367 1519; x_wconf 87' lang='lat' dir='ltr'>extendunt,</span> <span class='ocrx_word' id='word_1_114' title='bbox 400 1443 499 1521; x_wconf 90' lang='lat' dir='ltr'>atque</span> <span class='ocrx_word' id='word_1_115' title='bbox 531 1441 644 1505; x_wconf 91' lang='lat' dir='ltr'>concil.</span> <span class='ocrx_word' id='word_1_116' title='bbox 677 1461 769 1524; x_wconf 87' lang='lat' dir='ltr'>prov.</span> <span class='ocrx_word' id='word_1_117' title='bbox 802 1439 986 1505; x_wconf 88' lang='lat' dir='ltr'>Viennense</span> <span class='ocrx_word' id='word_1_118' title='bbox 1014 1439 1104 1519; x_wconf 78' lang='grc'>(0611</span> <span class='ocrx_word' id='word_1_119' title='bbox 1129 1441 1206 1506; x_wconf 85' lang='lat' dir='ltr'>Luc.</span> <span class='ocrx_word' id='word_1_120' title='bbox 1232 1440 1280 1516; x_wconf 83' lang='lat' dir='ltr'>V,</span> <span class='ocrx_word' id='word_1_121' title='bbox 1316 1438 1393 1521; x_wconf 87' lang='grc'>166)</span> 
     </span>
    </p>

    <p class='ocr_par' dir='ltr' id='par_1_5' title="bbox 22 1528 1395 1889">
     <span class='ocr_line' id='line_1_16' title="bbox 72 1528 1393 1640; baseline 0 -46"><span class='ocrx_word' id='word_1_122' title='bbox 72 1529 217 1640; x_wconf 80' lang='lat' dir='ltr'>postulat</span> <span class='ocrx_word' id='word_1_123' title='bbox 245 1529 417 1594; x_wconf 87' lang='lat' dir='ltr'>solnmut</span> <span class='ocrx_word' id='word_1_124' title='bbox 403 1528 589 1596; x_wconf 87' lang='lat' dir='ltr'>tsatisfiat</span> <span class='ocrx_word' id='word_1_125' title='bbox 621 1530 732 1612; x_wconf 82' lang='lat' dir='ltr'>,infra</span> <span class='ocrx_word' id='word_1_126' title='bbox 763 1528 1393 1606; x_wconf 54' lang='grc'>616166166116611196</span> 
     </span>
     <span class='ocr_line' id='line_1_17' title="bbox 22 1566 1395 1735; baseline -0.001 -53"><span class='ocrx_word' id='word_1_127' title='bbox 22 1566 32 1735; x_wconf 89' lang='grc' dir='ltr'><strong>Ι</strong></span> <span class='ocrx_word' id='word_1_128' title='bbox 74 1617 1395 1702; x_wconf 62' lang='grc' dir='ltr'>61166111,3176.ΙΙ;Μ6166.1615.-Ρ161161111111111111611</span> 
     </span>
     <span class='ocr_line' id='line_1_18' title="bbox 24 1705 1395 1790; baseline -0.001 -18"><span class='ocrx_word' id='word_1_129' title='bbox 24 1738 33 1783; x_wconf 77' lang='lat' dir='ltr'>t</span> <span class='ocrx_word' id='word_1_130' title='bbox 73 1712 180 1773; x_wconf 87' lang='lat' dir='ltr'>autem</span> <span class='ocrx_word' id='word_1_131' title='bbox 205 1706 321 1772; x_wconf 89' lang='lat' dir='ltr'>dilatio</span> <span class='ocrx_word' id='word_1_132' title='bbox 344 1711 517 1790; x_wconf 89' lang='lat' dir='ltr'>reputatur</span> <span class='ocrx_word' id='word_1_133' title='bbox 538 1707 637 1788; x_wconf 85' lang='lat' dir='ltr'>longe</span> <span class='ocrx_word' id='word_1_134' title='bbox 659 1706 788 1772; x_wconf 87' lang='lat' dir='ltr'>facilins</span> <span class='ocrx_word' id='word_1_135' title='bbox 812 1706 940 1788; x_wconf 86' lang='lat' dir='ltr'>gravis:</span> <span class='ocrx_word' id='word_1_136' title='bbox 972 1728 1030 1790; x_wconf 91' lang='lat' dir='ltr'>pro</span> <span class='ocrx_word' id='word_1_137' title='bbox 1055 1705 1104 1771; x_wconf 90' lang='lat' dir='ltr'>his</span> <span class='ocrx_word' id='word_1_138' title='bbox 1128 1706 1280 1771; x_wconf 86' lang='lat' dir='ltr'>videlicet</span> <span class='ocrx_word' id='word_1_139' title='bbox 1304 1706 1395 1772; x_wconf 90' lang='lat' dir='ltr'>oneri</span> 
     </span>
     <span class='ocr_line' id='line_1_19' title="bbox 27 1794 1394 1889; baseline -0.001 -29"><span class='ocrx_word' id='word_1_140' title='bbox 27 1856 31 1889; x_wconf 41' lang='grc' dir='ltr'>Ξ</span> <span class='ocrx_word' id='word_1_141' title='bbox 71 1799 223 1879; x_wconf 85' lang='lat' dir='ltr'>suscepto</span> <span class='ocrx_word' id='word_1_142' title='bbox 246 1795 400 1861; x_wconf 82' lang='lat' dir='ltr'>satisfieri</span> <span class='ocrx_word' id='word_1_143' title='bbox 423 1795 521 1862; x_wconf 90' lang='lat' dir='ltr'>debet</span> <span class='ocrx_word' id='word_1_144' title='bbox 542 1794 630 1861; x_wconf 85' lang='lat' dir='ltr'>infra</span> <span class='ocrx_word' id='word_1_145' title='bbox 653 1816 807 1873; x_wconf 90' lang='lat' dir='ltr'>mensem,</span> <span class='ocrx_word' id='word_1_146' title='bbox 833 1795 894 1860; x_wconf 89' lang='grc'>6161</span> <span class='ocrx_word' id='word_1_147' title='bbox 917 1799 1029 1861; x_wconf 90' lang='lat' dir='ltr'>tamen</span> <span class='ocrx_word' id='word_1_148' title='bbox 1045 1795 1169 1861; x_wconf 90' lang='lat' dir='ltr'>multae</span> <span class='ocrx_word' id='word_1_149' title='bbox 1192 1796 1311 1861; x_wconf 88' lang='lat' dir='ltr'>missae</span> <span class='ocrx_word' id='word_1_150' title='bbox 1334 1815 1394 1879; x_wconf 90' lang='lat' dir='ltr'>pro</span> 
     </span>
    </p>
   </div>
   <div class='ocr_carea' id='block_1_5' title="bbox 29 1884 1394 2040">
    <p class='ocr_par' dir='ltr' id='par_1_6' title="bbox 29 1884 1394 2040">
     <span class='ocr_line' id='line_1_20' title="bbox 29 1884 1394 2040; baseline -0.001 -90"><span class='ocrx_word' id='word_1_151' title='bbox 29 1906 37 1983; x_wconf 62' lang='grc'>6</span> <span class='ocrx_word' id='word_1_152' title='bbox 71 1885 191 2040; x_wconf 50' lang='lat' dir='ltr'>eod5egn2</span> <span class='ocrx_word' id='word_1_153' title='bbox 206 1885 362 1951; x_wconf 88' lang='lat' dir='ltr'>defuncto</span> <span class='ocrx_word' id='word_1_154' title='bbox 392 1885 447 1949; x_wconf 91' lang='lat' dir='ltr'>uni</span> <span class='ocrx_word' id='word_1_155' title='bbox 477 1884 639 1951; x_wconf 88' lang='lat' dir='ltr'>sacerdoti</span> <span class='ocrx_word' id='word_1_156' title='bbox 671 1885 929 1950; x_wconf 89' lang='lat' dir='ltr'>committuntur.</span> <span class='ocrx_word' id='word_1_157' title='bbox 976 1884 1023 1950; x_wconf 80' lang='lat' dir='ltr'>cf.</span> <span class='ocrx_word' id='word_1_158' title='bbox 1049 1884 1082 1950; x_wconf 94' lang='grc'>11.</span> <span class='ocrx_word' id='word_1_159' title='bbox 1108 1905 1165 1958; x_wconf 88' lang='lat' dir='ltr'>cc..</span> <span class='ocrx_word' id='word_1_160' title='bbox 1191 1885 1270 1950; x_wconf 79' lang='grc'>6166</span> <span class='ocrx_word' id='word_1_161' title='bbox 1278 1884 1394 1969; x_wconf 92' lang='lat' dir='ltr'>parri</span> 
     </span>
     <span class='ocr_line' id='line_1_21' title="bbox 72 1996 202 2040; baseline 0.008 -2"><span class='ocrx_word' id='word_1_162' title='bbox 72 1996 99 2040; x_wconf 90' lang='grc'>6.</span> <span class='ocrx_word' id='word_1_163' title='bbox 193 2025 202 2039; x_wconf 96' lang='grc'>.</span> 
     </span>
    </p>
   </div>
   <div class='ocr_carea' id='block_1_6' title="bbox 69 2078 1455 2965">
    <p class='ocr_par' dir='ltr' id='par_1_7' title="bbox 69 2078 1455 2965">
     <span class='ocr_line' id='line_1_22' title="bbox 155 2078 1455 2164; baseline 0.001 -19"><span class='ocrx_word' id='word_1_164' title='bbox 155 2079 196 2149; x_wconf 90' lang='lat' dir='ltr'>R.</span> <span class='ocrx_word' id='word_1_165' title='bbox 219 2081 250 2145; x_wconf 90' lang='lat'>4.</span> <span class='ocrx_word' id='word_1_166' title='bbox 283 2079 316 2146; x_wconf 90' lang='lat' dir='ltr'>S.</span> <span class='ocrx_word' id='word_1_167' title='bbox 333 2078 433 2146; x_wconf 85' lang='lat' dir='ltr'>Sedes</span> <span class='ocrx_word' id='word_1_168' title='bbox 457 2079 578 2144; x_wconf 91' lang='lat' dir='ltr'>nostris</span> <span class='ocrx_word' id='word_1_169' title='bbox 599 2078 802 2164; x_wconf 88' lang='lat' dir='ltr'>temporibus</span> <span class='ocrx_word' id='word_1_170' title='bbox 825 2079 1000 2162; x_wconf 89' lang='lat' dir='ltr'>aliquando</span> <span class='ocrx_word' id='word_1_171' title='bbox 1017 2080 1074 2145; x_wconf 93' lang='lat' dir='ltr'>dat</span> <span class='ocrx_word' id='word_1_172' title='bbox 1089 2079 1255 2145; x_wconf 90' lang='lat' dir='ltr'>licentiam</span> <span class='ocrx_word' id='word_1_173' title='bbox 1275 2079 1455 2146; x_wconf 81' lang='lat' dir='ltr'>missas217</span> 
     </span>
     <span class='ocr_line' id='line_1_23' title="bbox 71 2166 1393 2252; baseline -0.002 -17"><span class='ocrx_word' id='word_1_174' title='bbox 71 2166 285 2235; x_wconf 87' lang='lat' dir='ltr'>celebrandas</span> <span class='ocrx_word' id='word_1_175' title='bbox 307 2167 429 2234; x_wconf 86' lang='lat' dir='ltr'>diutius</span> <span class='ocrx_word' id='word_1_176' title='bbox 445 2167 623 2246; x_wconf 85' lang='lat' dir='ltr'>differendi,</span> <span class='ocrx_word' id='word_1_177' title='bbox 648 2169 696 2234; x_wconf 93' lang='grc'>166</span> <span class='ocrx_word' id='word_1_178' title='bbox 719 2174 756 2235; x_wconf 90' lang='grc'>66</span> <span class='ocrx_word' id='word_1_179' title='bbox 771 2168 925 2233; x_wconf 88' lang='lat' dir='ltr'>satisfieri</span> <span class='ocrx_word' id='word_1_180' title='bbox 940 2168 1009 2233; x_wconf 88' lang='lat' dir='ltr'>sine</span> <span class='ocrx_word' id='word_1_181' title='bbox 1029 2174 1164 2252; x_wconf 89' lang='grc'>6666666</span> <span class='ocrx_word' id='word_1_182' title='bbox 1180 2167 1285 2252; x_wconf 92' lang='lat' dir='ltr'>possit</span> <span class='ocrx_word' id='word_1_183' title='bbox 1307 2167 1393 2233; x_wconf 82' lang='lat' dir='ltr'>infra</span> 
     </span>
     <span class='ocr_line' id='line_1_24' title="bbox 73 2256 1395 2342; baseline -0.002 -18"><span class='ocrx_word' id='word_1_184' title='bbox 73 2260 159 2324; x_wconf 83' lang='grc'>3-6</span> <span class='ocrx_word' id='word_1_185' title='bbox 183 2277 324 2324; x_wconf 89' lang='lat' dir='ltr'>menses.</span> <span class='ocrx_word' id='word_1_186' title='bbox 363 2256 399 2322; x_wconf 97' lang='grc'>11</span> <span class='ocrx_word' id='word_1_187' title='bbox 424 2278 445 2323; x_wconf 87' lang='grc'>6</span> <span class='ocrx_word' id='word_1_188' title='bbox 468 2256 500 2324; x_wconf 89' lang='lat' dir='ltr'>S.</span> <span class='ocrx_word' id='word_1_189' title='bbox 525 2257 608 2323; x_wconf 87' lang='lat' dir='ltr'>Sede</span> <span class='ocrx_word' id='word_1_190' title='bbox 631 2278 673 2323; x_wconf 92' lang='grc'>61</span> <span class='ocrx_word' id='word_1_191' title='bbox 697 2256 784 2323; x_wconf 87' lang='grc'>16666</span> <span class='ocrx_word' id='word_1_192' title='bbox 809 2278 908 2322; x_wconf 88' lang='lat' dir='ltr'>causa</span> <span class='ocrx_word' id='word_1_193' title='bbox 933 2257 1193 2342; x_wconf 89' lang='grc'>666661166666,</span> <span class='ocrx_word' id='word_1_194' title='bbox 1218 2257 1395 2323; x_wconf 90' lang='lat' dir='ltr'>detrimen·</span> 
     </span>
     <span class='ocr_line' id='line_1_25' title="bbox 69 2345 1394 2431; baseline -0.002 -17"><span class='ocrx_word' id='word_1_195' title='bbox 69 2354 138 2414; x_wconf 87' lang='lat' dir='ltr'>tum</span> <span class='ocrx_word' id='word_1_196' title='bbox 161 2346 247 2412; x_wconf 88' lang='lat' dir='ltr'>alias</span> <span class='ocrx_word' id='word_1_197' title='bbox 271 2345 431 2413; x_wconf 89' lang='lat' dir='ltr'>oriturum</span> <span class='ocrx_word' id='word_1_198' title='bbox 454 2367 496 2412; x_wconf 87' lang='grc'>61</span> <span class='ocrx_word' id='word_1_199' title='bbox 511 2346 666 2412; x_wconf 89' lang='lat' dir='ltr'>thesauro</span> <span class='ocrx_word' id='word_1_200' title='bbox 682 2345 850 2411; x_wconf 85' lang='lat' dir='ltr'>Ecclesiae</span> <span class='ocrx_word' id='word_1_201' title='bbox 866 2346 1056 2430; x_wconf 91' lang='lat' dir='ltr'>supplendo,</span> <span class='ocrx_word' id='word_1_202' title='bbox 1080 2345 1286 2431; x_wconf 89' lang='grc'>6666661116</span> <span class='ocrx_word' id='word_1_203' title='bbox 1310 2366 1394 2428; x_wconf 87' lang='lat' dir='ltr'>qnae</span> 
     </span>
     <span class='ocr_line' id='line_1_26' title="bbox 70 2434 1395 2520; baseline -0.002 -17"><span class='ocrx_word' id='word_1_204' title='bbox 70 2438 132 2503; x_wconf 89' lang='lat' dir='ltr'>iam</span> <span class='ocrx_word' id='word_1_205' title='bbox 156 2434 519 2520; x_wconf 86' lang='grc'>66616161616661666</span> <span class='ocrx_word' id='word_1_206' title='bbox 535 2436 707 2501; x_wconf 89' lang='lat' dir='ltr'>missarum</span> <span class='ocrx_word' id='word_1_207' title='bbox 724 2434 914 2501; x_wconf 88' lang='grc'>116666666.</span> <span class='ocrx_word' id='word_1_208' title='bbox 947 2436 1085 2501; x_wconf 84' lang='lat' dir='ltr'>Causam</span> <span class='ocrx_word' id='word_1_209' title='bbox 1101 2435 1221 2502; x_wconf 89' lang='lat' dir='ltr'>iustam</span> <span class='ocrx_word' id='word_1_210' title='bbox 1238 2434 1395 2517; x_wconf 83' lang='lat' dir='ltr'>longioris</span> 
     </span>
     <span class='ocr_line' id='line_1_27' title="bbox 71 2523 1395 2607; baseline -0.002 -15"><span class='ocrx_word' id='word_1_211' title='bbox 71 2524 238 2592; x_wconf 82' lang='lat' dir='ltr'>dilationis</span> <span class='ocrx_word' id='word_1_212' title='bbox 268 2523 495 2590; x_wconf 88' lang='lat' dir='ltr'>concedendae</span> <span class='ocrx_word' id='word_1_213' title='bbox 525 2525 641 2590; x_wconf 88' lang='lat' dir='ltr'>adesse</span> <span class='ocrx_word' id='word_1_214' title='bbox 671 2523 835 2591; x_wconf 91' lang='lat' dir='ltr'>interdum</span> <span class='ocrx_word' id='word_1_215' title='bbox 860 2544 901 2590; x_wconf 87' lang='lat' dir='ltr'>ex</span> <span class='ocrx_word' id='word_1_216' title='bbox 924 2524 1105 2607; x_wconf 84' lang='lat' dir='ltr'>indigentia</span> <span class='ocrx_word' id='word_1_217' title='bbox 1128 2524 1336 2591; x_wconf 89' lang='lat' dir='ltr'>sacerdotum</span> <span class='ocrx_word' id='word_1_218' title='bbox 1361 2529 1395 2589; x_wconf 89' lang='grc'>66</span> 
     </span>
     <span class='ocr_line' id='line_1_28' title="bbox 71 2612 1393 2698; baseline -0.001 -18"><span class='ocrx_word' id='word_1_219' title='bbox 71 2612 359 2692; x_wconf 82' lang='lat' dir='ltr'>missionariorum,</span> <span class='ocrx_word' id='word_1_220' title='bbox 384 2613 439 2696; x_wconf 90' lang='lat' dir='ltr'>qui</span> <span class='ocrx_word' id='word_1_221' title='bbox 462 2613 633 2698; x_wconf 87' lang='lat' dir='ltr'>stipendiis</span> <span class='ocrx_word' id='word_1_222' title='bbox 657 2635 674 2679; x_wconf 93' lang='lat' dir='ltr'>e</span> <span class='ocrx_word' id='word_1_223' title='bbox 698 2613 874 2696; x_wconf 82' lang='lat' dir='ltr'>longinquo</span> <span class='ocrx_word' id='word_1_224' title='bbox 892 2614 1038 2679; x_wconf 87' lang='lat' dir='ltr'>collectis</span> <span class='ocrx_word' id='word_1_225' title='bbox 1061 2613 1241 2680; x_wconf 90' lang='lat' dir='ltr'>sustentari</span> <span class='ocrx_word' id='word_1_226' title='bbox 1265 2613 1393 2689; x_wconf 87' lang='lat' dir='ltr'>debent,</span> 
     </span>
     <span class='ocr_line' id='line_1_29' title="bbox 71 2702 1395 2787; baseline -0.001 -19"><span class='ocrx_word' id='word_1_227' title='bbox 71 2702 277 2787; x_wconf 87' lang='lat' dir='ltr'>perspicuum</span> <span class='ocrx_word' id='word_1_228' title='bbox 301 2705 367 2768; x_wconf 90' lang='lat' dir='ltr'>est:</span> <span class='ocrx_word' id='word_1_229' title='bbox 389 2702 590 2786; x_wconf 89' lang='lat' dir='ltr'>impossibile</span> <span class='ocrx_word' id='word_1_230' title='bbox 613 2703 699 2767; x_wconf 89' lang='lat' dir='ltr'>enim</span> <span class='ocrx_word' id='word_1_231' title='bbox 723 2707 774 2768; x_wconf 90' lang='lat' dir='ltr'>est</span> <span class='ocrx_word' id='word_1_232' title='bbox 796 2705 864 2767; x_wconf 89' lang='lat' dir='ltr'>tam</span> <span class='ocrx_word' id='word_1_233' title='bbox 889 2703 982 2767; x_wconf 88' lang='lat' dir='ltr'>brevi</span> <span class='ocrx_word' id='word_1_234' title='bbox 1008 2703 1116 2787; x_wconf 90' lang='lat' dir='ltr'>spatio</span> <span class='ocrx_word' id='word_1_235' title='bbox 1139 2702 1303 2787; x_wconf 87' lang='lat' dir='ltr'>stipendia</span> <span class='ocrx_word' id='word_1_236' title='bbox 1327 2702 1395 2767; x_wconf 93' lang='lat' dir='ltr'>col·</span> 
     </span>
     <span class='ocr_line' id='line_1_30' title="bbox 72 2790 1394 2876; baseline 0 -20"><span class='ocrx_word' id='word_1_237' title='bbox 72 2793 182 2876; x_wconf 84' lang='lat' dir='ltr'>ligere,</span> <span class='ocrx_word' id='word_1_238' title='bbox 206 2791 443 2868; x_wconf 89' lang='lat' dir='ltr'>transmittere,</span> <span class='ocrx_word' id='word_1_239' title='bbox 468 2813 526 2876; x_wconf 92' lang='lat' dir='ltr'>per</span> <span class='ocrx_word' id='word_1_240' title='bbox 548 2792 754 2876; x_wconf 88' lang='lat' dir='ltr'>praefectum</span> <span class='ocrx_word' id='word_1_241' title='bbox 774 2790 807 2855; x_wconf 91' lang='lat' dir='ltr'>in</span> <span class='ocrx_word' id='word_1_242' title='bbox 823 2791 969 2874; x_wconf 81' lang='lat' dir='ltr'>singulos</span> <span class='ocrx_word' id='word_1_243' title='bbox 985 2792 1173 2858; x_wconf 91' lang='lat' dir='ltr'>sacerdotes</span> <span class='ocrx_word' id='word_1_244' title='bbox 1190 2791 1394 2868; x_wconf 84' lang='lat' dir='ltr'>distribuere,</span> 
     </span>
     <span class='ocr_line' id='line_1_31' title="bbox 73 2878 733 2965; baseline -0.002 -18"><span class='ocrx_word' id='word_1_245' title='bbox 73 2879 275 2947; x_wconf 84' lang='lat' dir='ltr'>celebrandis</span> <span class='ocrx_word' id='word_1_246' title='bbox 297 2878 406 2945; x_wconf 87' lang='lat' dir='ltr'>missis</span> <span class='ocrx_word' id='word_1_247' title='bbox 430 2901 511 2946; x_wconf 90' lang='lat' dir='ltr'>onus</span> <span class='ocrx_word' id='word_1_248' title='bbox 535 2880 733 2965; x_wconf 85' lang='lat' dir='ltr'>persolvere.</span> 
     </span>
    </p>
   </div>
   <div class='ocr_carea' id='block_1_7' title="bbox 75 2984 1456 3782">
    <p class='ocr_par' dir='ltr' id='par_1_8' title="bbox 75 2984 1395 3337">
     <span class='ocr_line' id='line_1_32' title="bbox 157 2984 1395 3070; baseline -0.001 -19"><span class='ocrx_word' id='word_1_249' title='bbox 157 2986 198 3053; x_wconf 84' lang='lat' dir='ltr'>R.</span> <span class='ocrx_word' id='word_1_250' title='bbox 231 2988 262 3052; x_wconf 85' lang='lat'>5.</span> <span class='ocrx_word' id='word_1_251' title='bbox 313 2984 515 3053; x_wconf 85' lang='lat' dir='ltr'>Notabiliter</span> <span class='ocrx_word' id='word_1_252' title='bbox 543 3007 602 3070; x_wconf 92' lang='lat' dir='ltr'>pro</span> <span class='ocrx_word' id='word_1_253' title='bbox 631 2989 783 3052; x_wconf 89' lang='lat' dir='ltr'>recenter</span> <span class='ocrx_word' id='word_1_254' title='bbox 812 2985 974 3052; x_wconf 88' lang='lat' dir='ltr'>defunctis</span> <span class='ocrx_word' id='word_1_255' title='bbox 1003 2988 1091 3054; x_wconf 89' lang='lat' dir='ltr'>ultra</span> <span class='ocrx_word' id='word_1_256' title='bbox 1120 3006 1281 3064; x_wconf 91' lang='lat' dir='ltr'>mensem,</span> <span class='ocrx_word' id='word_1_257' title='bbox 1312 2985 1395 3050; x_wconf 90' lang='lat' dir='ltr'>alias</span> 
     </span>
     <span class='ocr_line' id='line_1_33' title="bbox 75 3073 1394 3142; baseline -0.002 -3"><span class='ocrx_word' id='word_1_258' title='bbox 75 3076 159 3142; x_wconf 90' lang='lat' dir='ltr'>ultra</span> <span class='ocrx_word' id='word_1_259' title='bbox 187 3076 271 3141; x_wconf 88' lang='grc'>1666</span> <span class='ocrx_word' id='word_1_260' title='bbox 300 3095 429 3140; x_wconf 87' lang='lat' dir='ltr'>menses</span> <span class='ocrx_word' id='word_1_261' title='bbox 451 3076 505 3140; x_wconf 91' lang='lat' dir='ltr'>vel</span> <span class='ocrx_word' id='word_1_262' title='bbox 530 3077 618 3141; x_wconf 89' lang='lat' dir='ltr'>ultra</span> <span class='ocrx_word' id='word_1_263' title='bbox 640 3075 813 3140; x_wconf 89' lang='lat' dir='ltr'>terminum</span> <span class='ocrx_word' id='word_1_264' title='bbox 839 3097 858 3140; x_wconf 91' lang='lat' dir='ltr'>a</span> <span class='ocrx_word' id='word_1_265' title='bbox 884 3076 915 3140; x_wconf 89' lang='lat' dir='ltr'>S.</span> <span class='ocrx_word' id='word_1_266' title='bbox 942 3075 1025 3140; x_wconf 91' lang='lat' dir='ltr'>Sede</span> <span class='ocrx_word' id='word_1_267' title='bbox 1056 3096 1244 3141; x_wconf 86' lang='lat' dir='ltr'>conoessum</span> <span class='ocrx_word' id='word_1_268' title='bbox 1276 3073 1394 3138; x_wconf 90' lang='lat' dir='ltr'>missas</span> 
     </span>
     <span class='ocr_line' id='line_1_34' title="bbox 77 3163 1393 3248; baseline 0 -20"><span class='ocrx_word' id='word_1_269' title='bbox 77 3165 201 3231; x_wconf 84' lang='grc'>11116116</span> <span class='ocrx_word' id='word_1_270' title='bbox 224 3184 329 3247; x_wconf 78' lang='lat' dir='ltr'>grave</span> <span class='ocrx_word' id='word_1_271' title='bbox 352 3169 523 3248; x_wconf 89' lang='lat' dir='ltr'>peccatum</span> <span class='ocrx_word' id='word_1_272' title='bbox 546 3185 618 3229; x_wconf 89' lang='lat' dir='ltr'>esse</span> <span class='ocrx_word' id='word_1_273' title='bbox 642 3164 856 3230; x_wconf 89' lang='lat' dir='ltr'>communiter</span> <span class='ocrx_word' id='word_1_274' title='bbox 880 3169 1023 3230; x_wconf 88' lang='lat' dir='ltr'>censent.</span> <span class='ocrx_word' id='word_1_275' title='bbox 1063 3165 1163 3248; x_wconf 91' lang='lat' dir='ltr'>quue</span> <span class='ocrx_word' id='word_1_276' title='bbox 1187 3163 1393 3228; x_wconf 87' lang='lat' dir='ltr'>verissimum</span> 
     </span>
     <span class='ocr_line' id='line_1_35' title="bbox 78 3252 969 3337; baseline 0 -18"><span class='ocrx_word' id='word_1_277' title='bbox 78 3259 131 3332; x_wconf 86' lang='lat' dir='ltr'>est,</span> <span class='ocrx_word' id='word_1_278' title='bbox 155 3252 184 3319; x_wconf 88' lang='lat' dir='ltr'>si</span> <span class='ocrx_word' id='word_1_279' title='bbox 207 3253 248 3318; x_wconf 91' lang='lat' dir='ltr'>de</span> <span class='ocrx_word' id='word_1_280' title='bbox 271 3253 491 3337; x_wconf 89' lang='lat' dir='ltr'>compluribus</span> <span class='ocrx_word' id='word_1_281' title='bbox 514 3252 623 3318; x_wconf 91' lang='lat' dir='ltr'>missis</span> <span class='ocrx_word' id='word_1_282' title='bbox 646 3253 693 3319; x_wconf 90' lang='lat' dir='ltr'>ita</span> <span class='ocrx_word' id='word_1_283' title='bbox 717 3252 827 3318; x_wconf 90' lang='lat' dir='ltr'>dilatis</span> <span class='ocrx_word' id='word_1_284' title='bbox 850 3253 969 3335; x_wconf 84' lang='lat' dir='ltr'>agitur.</span> 
     </span>
    </p>

    <p class='ocr_par' dir='ltr' id='par_1_9' title="bbox 79 3339 1456 3782">
     <span class='ocr_line' id='line_1_36' title="bbox 161 3339 1456 3425; baseline 0 -19"><span class='ocrx_word' id='word_1_285' title='bbox 161 3343 285 3408; x_wconf 88' lang='lat' dir='ltr'>Verum</span> <span class='ocrx_word' id='word_1_286' title='bbox 316 3341 479 3407; x_wconf 86' lang='lat' dir='ltr'>difficilior</span> <span class='ocrx_word' id='word_1_287' title='bbox 511 3347 562 3409; x_wconf 88' lang='lat' dir='ltr'>est</span> <span class='ocrx_word' id='word_1_288' title='bbox 585 3340 734 3425; x_wconf 89' lang='lat' dir='ltr'>quaestio</span> <span class='ocrx_word' id='word_1_289' title='bbox 763 3362 839 3406; x_wconf 92' lang='lat' dir='ltr'>num</span> <span class='ocrx_word' id='word_1_290' title='bbox 871 3342 903 3406; x_wconf 92' lang='lat' dir='ltr'>id</span> <span class='ocrx_word' id='word_1_291' title='bbox 927 3363 1040 3406; x_wconf 83' lang='lat' dir='ltr'>rerum</span> <span class='ocrx_word' id='word_1_292' title='bbox 1070 3339 1114 3405; x_wconf 90' lang='lat' dir='ltr'>sit</span> <span class='ocrx_word' id='word_1_293' title='bbox 1144 3340 1184 3406; x_wconf 92' lang='grc'>16</span> <span class='ocrx_word' id='word_1_294' title='bbox 1208 3362 1273 3406; x_wconf 88' lang='lat' dir='ltr'>una</span> <span class='ocrx_word' id='word_1_295' title='bbox 1295 3340 1456 3407; x_wconf 82' lang='lat' dir='ltr'>missa218</span> 
     </span>
     <span class='ocr_line' id='line_1_37' title="bbox 80 3429 1395 3514; baseline 0.001 -19"><span class='ocrx_word' id='word_1_296' title='bbox 80 3431 121 3497; x_wconf 90' lang='lat' dir='ltr'>ite</span> <span class='ocrx_word' id='word_1_297' title='bbox 143 3431 257 3498; x_wconf 87' lang='lat' dir='ltr'>dilata.</span> <span class='ocrx_word' id='word_1_298' title='bbox 289 3430 327 3496; x_wconf 88' lang='grc'>16</span> <span class='ocrx_word' id='word_1_299' title='bbox 351 3451 416 3513; x_wconf 86' lang='grc'>666</span> <span class='ocrx_word' id='word_1_300' title='bbox 438 3452 475 3496; x_wconf 87' lang='grc'>16</span> <span class='ocrx_word' id='word_1_301' title='bbox 498 3431 575 3513; x_wconf 84' lang='grc'>6611</span> <span class='ocrx_word' id='word_1_302' title='bbox 599 3431 769 3496; x_wconf 90' lang='lat' dir='ltr'>dicendum</span> <span class='ocrx_word' id='word_1_303' title='bbox 786 3431 839 3507; x_wconf 90' lang='lat' dir='ltr'>sit,</span> <span class='ocrx_word' id='word_1_304' title='bbox 863 3430 971 3514; x_wconf 87' lang='lat' dir='ltr'>colligi</span> <span class='ocrx_word' id='word_1_305' title='bbox 988 3430 1085 3495; x_wconf 90' lang='lat' dir='ltr'>debet</span> <span class='ocrx_word' id='word_1_306' title='bbox 1101 3450 1143 3494; x_wconf 84' lang='lat' dir='ltr'>ex</span> <span class='ocrx_word' id='word_1_307' title='bbox 1166 3429 1272 3496; x_wconf 87' lang='lat' dir='ltr'>altera</span> <span class='ocrx_word' id='word_1_308' title='bbox 1296 3452 1395 3512; x_wconf 92' lang='lat' dir='ltr'>quae·</span> 
     </span>
     <span class='ocr_line' id='line_1_38' title="bbox 80 3518 1395 3603; baseline -0.002 -17"><span class='ocrx_word' id='word_1_309' title='bbox 80 3520 177 3586; x_wconf 84' lang='lat' dir='ltr'>stione</span> <span class='ocrx_word' id='word_1_310' title='bbox 207 3541 285 3585; x_wconf 90' lang='lat' dir='ltr'>num</span> <span class='ocrx_word' id='word_1_311' title='bbox 315 3523 455 3585; x_wconf 79' lang='lat' dir='ltr'>omittere</span> <span class='ocrx_word' id='word_1_312' title='bbox 483 3540 582 3585; x_wconf 90' lang='lat' dir='ltr'>unam</span> <span class='ocrx_word' id='word_1_313' title='bbox 612 3519 746 3585; x_wconf 88' lang='lat' dir='ltr'>missam</span> <span class='ocrx_word' id='word_1_314' title='bbox 777 3541 818 3585; x_wconf 90' lang='grc'>61</span> <span class='ocrx_word' id='word_1_315' title='bbox 849 3525 984 3603; x_wconf 89' lang='grc'>6666666</span> <span class='ocrx_word' id='word_1_316' title='bbox 1013 3518 1174 3602; x_wconf 91' lang='lat' dir='ltr'>stipendio</span> <span class='ocrx_word' id='word_1_317' title='bbox 1201 3519 1395 3603; x_wconf 88' lang='lat' dir='ltr'>promissam</span> 
     </span>
     <span class='ocr_line' id='line_1_39' title="bbox 80 3607 1395 3695; baseline 0.002 -23"><span class='ocrx_word' id='word_1_318' title='bbox 80 3609 116 3676; x_wconf 85' lang='lat' dir='ltr'>sit</span> <span class='ocrx_word' id='word_1_319' title='bbox 137 3615 308 3695; x_wconf 90' lang='lat' dir='ltr'>peccatum</span> <span class='ocrx_word' id='word_1_320' title='bbox 333 3609 482 3676; x_wconf 88' lang='lat' dir='ltr'>mortale.</span> <span class='ocrx_word' id='word_1_321' title='bbox 514 3608 654 3674; x_wconf 85' lang='lat' dir='ltr'>Differre</span> <span class='ocrx_word' id='word_1_322' title='bbox 677 3609 762 3674; x_wconf 88' lang='lat' dir='ltr'>enim</span> <span class='ocrx_word' id='word_1_323' title='bbox 787 3607 874 3674; x_wconf 89' lang='lat' dir='ltr'>ultra</span> <span class='ocrx_word' id='word_1_324' title='bbox 897 3613 1026 3692; x_wconf 88' lang='lat' dir='ltr'>tempus</span> <span class='ocrx_word' id='word_1_325' title='bbox 1049 3611 1138 3673; x_wconf 88' lang='lat' dir='ltr'>certe</span> <span class='ocrx_word' id='word_1_326' title='bbox 1162 3630 1226 3673; x_wconf 94' lang='lat' dir='ltr'>non</span> <span class='ocrx_word' id='word_1_327' title='bbox 1250 3608 1395 3691; x_wconf 83' lang='lat' dir='ltr'>gravius,</span> 
     </span>
     <span class='ocr_line' id='line_1_40' title="bbox 79 3696 760 3782; baseline 0.001 -17"><span class='ocrx_word' id='word_1_328' title='bbox 79 3698 129 3764; x_wconf 91' lang='lat' dir='ltr'>sed</span> <span class='ocrx_word' id='word_1_329' title='bbox 151 3698 258 3765; x_wconf 90' lang='lat' dir='ltr'>levius</span> <span class='ocrx_word' id='word_1_330' title='bbox 281 3704 332 3764; x_wconf 88' lang='grc'>666</span> <span class='ocrx_word' id='word_1_331' title='bbox 356 3719 453 3780; x_wconf 85' lang='lat' dir='ltr'>quarn</span> <span class='ocrx_word' id='word_1_332' title='bbox 477 3696 574 3782; x_wconf 87' lang='lat' dir='ltr'>plane</span> <span class='ocrx_word' id='word_1_333' title='bbox 598 3698 760 3766; x_wconf 91' lang='lat' dir='ltr'>omittere.</span> 
     </span>
    </p>
   </div>
   <div class='ocr_carea' id='block_1_8' title="bbox 160 3797 921 3881">
    <p class='ocr_par' dir='ltr' id='par_1_10' title="bbox 160 3797 921 3881">
     <span class='ocr_line' id='line_1_41' title="bbox 160 3797 921 3881; baseline -0.004 -19"><span class='ocrx_word' id='word_1_334' title='bbox 160 3797 211 3862; x_wconf 86' lang='lat' dir='ltr'>De</span> <span class='ocrx_word' id='word_1_335' title='bbox 233 3798 399 3862; x_wconf 81' lang='lat' dir='ltr'>omissione</span> <span class='ocrx_word' id='word_1_336' title='bbox 422 3798 594 3861; x_wconf 81' lang='grc'>6111161661</span> <span class='ocrx_word' id='word_1_337' title='bbox 618 3798 716 3881; x_wconf 75' lang='grc'>1611111</span> <span class='ocrx_word' id='word_1_338' title='bbox 738 3797 814 3860; x_wconf 74' lang='lat' dir='ltr'>dioec</span> <span class='ocrx_word' id='word_1_339' title='bbox 836 3804 921 3861; x_wconf 81' lang='lat' dir='ltr'>tene:</span> 
     </span>
    </p>
   </div>
   <div class='ocr_carea' id='block_1_9' title="bbox 10 3892 1395 4707">
    <p class='ocr_par' dir='ltr' id='par_1_11' title="bbox 162 3892 1395 3977">
     <span class='ocr_line' id='line_1_42' title="bbox 162 3892 1395 3977; baseline 0.001 -19"><span class='ocrx_word' id='word_1_340' title='bbox 162 3894 197 3976; x_wconf 89' lang='lat'>1)</span> <span class='ocrx_word' id='word_1_341' title='bbox 221 3894 352 3960; x_wconf 86' lang='lat' dir='ltr'>Certum</span> <span class='ocrx_word' id='word_1_342' title='bbox 385 3897 437 3959; x_wconf 92' lang='grc'>666</span> <span class='ocrx_word' id='word_1_343' title='bbox 468 3893 586 3959; x_wconf 88' lang='lat' dir='ltr'>missas</span> <span class='ocrx_word' id='word_1_344' title='bbox 610 3915 652 3959; x_wconf 85' lang='grc'>61</span> <span class='ocrx_word' id='word_1_345' title='bbox 675 3893 837 3977; x_wconf 87' lang='grc'>661666116</span> <span class='ocrx_word' id='word_1_346' title='bbox 864 3893 1075 3959; x_wconf 86' lang='lat' dir='ltr'>celebrandas</span> <span class='ocrx_word' id='word_1_347' title='bbox 1099 3892 1251 3960; x_wconf 89' lang='lat' dir='ltr'>omittere</span> <span class='ocrx_word' id='word_1_348' title='bbox 1275 3915 1316 3959; x_wconf 85' lang='grc'>61</span> <span class='ocrx_word' id='word_1_349' title='bbox 1340 3915 1395 3975; x_wconf 85' lang='lat' dir='ltr'>ge-</span> 
     </span>
    </p>

    <p class='ocr_par' dir='ltr' id='par_1_12' title="bbox 10 3982 1395 4707">
     <span class='ocr_line' id='line_1_43' title="bbox 10 3982 1395 4085; baseline 0.001 -39"><span class='ocrx_word' id='word_1_350' title='bbox 10 4015 17 4026; x_wconf 90' lang='lat'><em>·</em></span> <span class='ocrx_word' id='word_1_351' title='bbox 79 4003 149 4085; x_wconf 78' lang='grc'>6616</span> <span class='ocrx_word' id='word_1_352' title='bbox 171 4003 232 4047; x_wconf 89' lang='grc'>666</span> <span class='ocrx_word' id='word_1_353' title='bbox 256 4003 328 4048; x_wconf 88' lang='lat' dir='ltr'>esse</span> <span class='ocrx_word' id='word_1_354' title='bbox 352 3987 525 4067; x_wconf 86' lang='lat' dir='ltr'>peccatum</span> <span class='ocrx_word' id='word_1_355' title='bbox 548 3983 697 4060; x_wconf 86' lang='lat' dir='ltr'>mortale,</span> <span class='ocrx_word' id='word_1_356' title='bbox 722 3982 869 4065; x_wconf 89' lang='lat' dir='ltr'>adeoque</span> <span class='ocrx_word' id='word_1_357' title='bbox 892 3984 1010 4048; x_wconf 90' lang='lat' dir='ltr'>saltem</span> <span class='ocrx_word' id='word_1_358' title='bbox 1034 3983 1229 4066; x_wconf 87' lang='lat' dir='ltr'>compluries</span> <span class='ocrx_word' id='word_1_359' title='bbox 1253 3984 1395 4065; x_wconf 88' lang='lat' dir='ltr'>aliquam</span> 
     </span>
     <span class='ocr_line' id='line_1_44' title="bbox 10 4075 1395 4252; baseline -0.001 -18"><span class='ocrx_word' id='word_1_360' title='bbox 10 4106 16 4134; x_wconf 67' lang='lat'>⁵</span> <span class='ocrx_word' id='word_1_361' title='bbox 80 4075 465 4252; x_wconf 53' lang='lat' dir='ltr'>omltt2⁰lreSommuninst</span> <span class='ocrx_word' id='word_1_362' title='bbox 450 4172 565 4234; x_wconf 88' lang='lat' dir='ltr'>tenent</span> <span class='ocrx_word' id='word_1_363' title='bbox 595 4167 694 4233; x_wconf 88' lang='lat' dir='ltr'>etiam</span> <span class='ocrx_word' id='word_1_364' title='bbox 718 4189 816 4233; x_wconf 93' lang='lat' dir='ltr'>unam</span> <span class='ocrx_word' id='word_1_365' title='bbox 839 4172 967 4233; x_wconf 84' lang='lat' dir='ltr'>tantum</span> <span class='ocrx_word' id='word_1_366' title='bbox 991 4167 1125 4233; x_wconf 88' lang='lat' dir='ltr'>missam</span> <span class='ocrx_word' id='word_1_367' title='bbox 1148 4169 1299 4233; x_wconf 87' lang='lat' dir='ltr'>omittere</span> <span class='ocrx_word' id='word_1_368' title='bbox 1323 4190 1395 4233; x_wconf 91' lang='lat' dir='ltr'>esse</span> 
     </span>
     <span class='ocr_line' id='line_1_45' title="bbox 10 4257 1394 4340; baseline -0.003 -16"><span class='ocrx_word' id='word_1_369' title='bbox 10 4298 15 4305; x_wconf 91' lang='lat'><em>-</em></span> <span class='ocrx_word' id='word_1_370' title='bbox 10 4261 241 4340; x_wconf 87' lang='lat' dir='ltr'>peccatum</span> <span class='ocrx_word' id='word_1_371' title='bbox 264 4258 425 4334; x_wconf 85' lang='lat' dir='ltr'>mortale,</span> <span class='ocrx_word' id='word_1_372' title='bbox 449 4277 487 4322; x_wconf 92' lang='lat' dir='ltr'>eo</span> <span class='ocrx_word' id='word_1_373' title='bbox 511 4257 676 4340; x_wconf 83' lang='grc'>66611116</span> <span class='ocrx_word' id='word_1_374' title='bbox 700 4257 754 4339; x_wconf 92' lang='lat' dir='ltr'>qui</span> <span class='ocrx_word' id='word_1_375' title='bbox 778 4257 975 4340; x_wconf 91' lang='lat' dir='ltr'>stipendium</span> <span class='ocrx_word' id='word_1_376' title='bbox 1000 4257 1259 4323; x_wconf 80' lang='grc'>161611666166</span> <span class='ocrx_word' id='word_1_377' title='bbox 1283 4259 1394 4338; x_wconf 88' lang='lat' dir='ltr'>acqui·</span> 
     </span>
     <span class='ocr_line' id='line_1_46' title="bbox 10 4306 1394 4518; baseline -0.003 -105"><span class='ocrx_word' id='word_1_378' title='bbox 10 4387 18 4428; x_wconf 74' lang='grc'><strong>,</strong></span> <span class='ocrx_word' id='word_1_379' title='bbox 10 4346 380 4518; x_wconf 58' lang='lat' dir='ltr'>isiriirumsngi</span> <span class='ocrx_word' id='word_1_380' title='bbox 410 4306 568 4430; x_wconf 81' lang='grc'>61116661.</span> <span class='ocrx_word' id='word_1_381' title='bbox 615 4346 777 4412; x_wconf 82' lang='lat' dir='ltr'>Marcl.</span> <span class='ocrx_word' id='word_1_382' title='bbox 807 4368 833 4412; x_wconf 90' lang='grc'>6.</span> <span class='ocrx_word' id='word_1_383' title='bbox 866 4369 896 4411; x_wconf 92' lang='lat' dir='ltr'>n.</span> <span class='ocrx_word' id='word_1_384' title='bbox 925 4349 1026 4423; x_wconf 88' lang='grc'>1610;</span> <span class='ocrx_word' id='word_1_385' title='bbox 1059 4346 1090 4411; x_wconf 89' lang='lat' dir='ltr'>S.</span> <span class='ocrx_word' id='word_1_386' title='bbox 1114 4346 1312 4429; x_wconf 84' lang='lat' dir='ltr'>Alpheus.</span> <span class='ocrx_word' id='word_1_387' title='bbox 1337 4345 1394 4422; x_wconf 93' lang='lat' dir='ltr'>VI,</span> 
     </span>
     <span class='ocr_line' id='line_1_47' title="bbox 11 4531 1394 4612; baseline -0.006 -10"><span class='ocrx_word' id='word_1_388' title='bbox 11 4548 18 4575; x_wconf 79' lang='lat'><em>³</em></span> <span class='ocrx_word' id='word_1_389' title='bbox 159 4533 250 4612; x_wconf 84' lang='lat' dir='ltr'>Quod</span> <span class='ocrx_word' id='word_1_390' title='bbox 272 4534 341 4601; x_wconf 85' lang='lat' dir='ltr'>salt</span> <span class='ocrx_word' id='word_1_391' title='bbox 326 4537 394 4600; x_wconf 91' lang='lat' dir='ltr'>tem</span> <span class='ocrx_word' id='word_1_392' title='bbox 419 4535 488 4598; x_wconf 91' lang='lat' dir='ltr'>tum</span> <span class='ocrx_word' id='word_1_393' title='bbox 513 4532 642 4596; x_wconf 91' lang='lat' dir='ltr'>omnino</span> <span class='ocrx_word' id='word_1_394' title='bbox 672 4534 848 4599; x_wconf 89' lang='lat' dir='ltr'>tenendum</span> <span class='ocrx_word' id='word_1_395' title='bbox 880 4554 1012 4608; x_wconf 90' lang='lat' dir='ltr'>censeo,</span> <span class='ocrx_word' id='word_1_396' title='bbox 1045 4532 1072 4596; x_wconf 91' lang='lat' dir='ltr'>si</span> <span class='ocrx_word' id='word_1_397' title='bbox 1102 4532 1212 4612; x_wconf 82' lang='lat' dir='ltr'>agitur</span> <span class='ocrx_word' id='word_1_398' title='bbox 1237 4532 1276 4595; x_wconf 90' lang='grc'>16</span> <span class='ocrx_word' id='word_1_399' title='bbox 1300 4531 1394 4612; x_wconf 88' lang='lat' dir='ltr'>gravi</span> 
     </span>
     <span class='ocr_line' id='line_1_48' title="bbox 83 4621 1394 4707; baseline -0.002 -21"><span class='ocrx_word' id='word_1_400' title='bbox 83 4623 283 4703; x_wconf 85' lang='lat' dir='ltr'>necessitate,</span> <span class='ocrx_word' id='word_1_401' title='bbox 316 4643 377 4707; x_wconf 92' lang='lat' dir='ltr'>pro</span> <span class='ocrx_word' id='word_1_402' title='bbox 402 4642 467 4704; x_wconf 89' lang='lat' dir='ltr'>qna</span> <span class='ocrx_word' id='word_1_403' title='bbox 488 4622 589 4687; x_wconf 87' lang='lat' dir='ltr'>missa</span> <span class='ocrx_word' id='word_1_404' title='bbox 612 4621 656 4688; x_wconf 88' lang='lat' dir='ltr'>sit</span> <span class='ocrx_word' id='word_1_405' title='bbox 679 4622 831 4689; x_wconf 90' lang='lat' dir='ltr'>dicenda:</span> <span class='ocrx_word' id='word_1_406' title='bbox 863 4623 916 4686; x_wconf 86' lang='lat' dir='ltr'>vel</span> <span class='ocrx_word' id='word_1_407' title='bbox 941 4623 980 4687; x_wconf 92' lang='lat' dir='ltr'>de</span> <span class='ocrx_word' id='word_1_408' title='bbox 1004 4621 1164 4704; x_wconf 90' lang='lat' dir='ltr'>stipendio</span> <span class='ocrx_word' id='word_1_409' title='bbox 1195 4624 1329 4702; x_wconf 91' lang='lat' dir='ltr'>accepto</span> <span class='ocrx_word' id='word_1_410' title='bbox 1353 4621 1394 4684; x_wconf 92' lang='lat' dir='ltr'>ab</span> 
     </span>
    </p>
   </div>
   <div class='ocr_carea' id='block_1_10' title="bbox 0 0 1543 5174">
    <p class='ocr_par' dir='ltr' id='par_1_13' title="bbox 0 0 1543 5174">
     <span class='ocr_line' id='line_1_49' title="bbox 0 0 1543 5174; baseline 0 0"><span class='ocrx_word' id='word_1_411' title='bbox 0 0 1543 5174; x_wconf 95' lang='lat' dir='ltr'> </span> 
     </span>
    </p>
   </div>
  </div>
 </body>
</html>
