3044 5174
143 270 208 334 322
602 261 808 318 Sacramentum
826 263 1018 334 paenitentiae.

143 441 286 507 monium
316 462 411 507 suurn
442 441 484 506 ab
510 439 604 507 initio
627 439 730 505 fuisse
752 438 948 506 invalidum:
980 440 1008 506 si
1032 440 1189 525 putatitia
1212 461 1298 507 uxor
1320 441 1469 506 convale
1518 506 1520 521 ,

144 536 267 608 sceret,
294 552 359 596 non
381 534 495 615 posset
517 527 656 596 maritus
680 528 710 594 ei
732 529 859 613 petenti
882 529 1018 595 reddere
1042 530 1202 606 debiturn,
1228 531 1380 613 quamvis
1403 532 1475 615 ipsa
1518 531 1520 546 '

144 620 335 686 adverteret
369 641 441 684 eum
477 639 601 701 negare
621 622 772 702 propter
807 618 977 685 scientiam
1014 618 1244 696 confessionis3
1283 641 1362 686 nam
1397 620 1473 685 talis

143 709 284 775 redditio
308 707 410 774 debiti
433 711 522 774 esset
545 710 636 773 certo
659 707 831 773 fornicatio
855 707 1031 774 intrinsece
1053 709 1158 786 mala3
1182 709 1272 774 Deus
1288 713 1400 775 autem
1417 730 1475 793 per

144 797 378 881 obligationem
408 795 508 879 sigilli
537 817 602 861 non
632 800 744 880 potest
772 797 858 862 velle
887 796 920 861 id
944 797 1029 878 quod
1054 800 1105 863 est
1134 797 1310 864 intrinsece
1334 798 1472 864 malum:

143 888 280 953 Illsun
288 909 310 970 g
333 908 364 953 n.
390 888 465 954 253.
511 884 630 964 Addit,
661 884 689 950 si
718 885 821 951 sciam
852 906 894 950 ex
921 885 1124 951 confessione
1148 887 1290 969 aliquem
1312 907 1380 952 non
1403 908 1474 953 esse
1517 898 1520 1025 ⁴

144 977 367 1054 sacerdotem,
397 995 449 1040 me
479 995 576 1058 posse
601 974 749 1039 desinere
772 973 834 1058 ipsi
858 974 1022 1054 confiteri,
1054 975 1131 1058 quia
1153 975 1200 1041 sic
1223 975 1380 1042 simulare
1403 997 1473 1042 sus·

145 1065 329 1150 ceptionem
352 1063 551 1130 sacramenti
574 1067 627 1130 est
648 1062 825 1129 intrinsece
848 1064 979 1130 malum.
1026 1063 1197 1131 Consentit
1220 1064 1424 1143 Sanchen,
1447 1065 1475 1130 si

144 1155 206 1220 hoc
228 1176 294 1220 non
316 1153 438 1220 sitisti
461 1152 583 1218 homini
607 1151 862 1237 displiciturum,
893 1152 1030 1235 ideoque
1056 1175 1116 1237 per
1138 1153 1200 1219 hoc
1224 1153 1387 1220 confessio
1410 1176 1474 1220 non

144 1245 204 1310 fiat
235 1243 282 1309 illi
315 1242 437 1309 odiosa.
490 1242 519 1307 Ε
552 1246 668 1308 contra
697 1241 810 1324 Lugo
842 1247 905 1308 etc.
936 1242 1135 1326 probabilius
1167 1243 1281 1309 dicunt
1311 1264 1411 1328 posse
1442 1247 1475 1309 et

145 1333 264 1398 debere
293 1353 432 1416 pergere
461 1331 510 1398 ita
539 1329 703 1408 confiteri;
734 1353 810 1396 nam
842 1330 950 1397 dicere
981 1335 1119 1416 peccata
1145 1353 1206 1398 sue
1228 1332 1476 1399 non-sacerdoti

145 1421 215 1487 sine
243 1421 425 1487 intentione
455 1420 670 1486 absolutionis
699 1441 764 1485 non
795 1424 847 1486 est
876 1420 1052 1486 intrinsece
1075 1421 1214 1500 malurn,
1245 1424 1279 1487 et
1309 1442 1354 1487 ex
1377 1443 1476 1488 causa

145 1510 210 1577 ista
233 1510 363 1576 videtur
392 1509 470 1575 talis
501 1508 665 1575 simulatio
689 1530 728 1575 ac
752 1509 940 1593 cooperatio
964 1509 1005 1575 ad
1028 1515 1199 1594 peccatum
1223 1510 1312 1577 illius
1336 1510 1477 1578 hominis

146 1620 219 1665 esse
243 1598 425 1665 materialis
448 1600 607 1665 tantum.‘¹

84 1713 137 1767 567
235 1704 274 1772 R.
300 1708 330 1771 2.
377 1703 470 1781 Quod
499 1704 542 1769 ad
571 1725 666 1769 usum
696 1703 853 1770 scientiae
884 1725 925 1769 ex
955 1703 1160 1770 confessione
1191 1706 1331 1772 haustae
1363 1705 1477 1790 paeni·

146 1794 292 1861 tentibus
315 1794 503 1858 nullatenus
525 1813 664 1875 gravem
687 1797 722 1859 et
744 1793 917 1860 molestum
933 1793 1086 1877 pertinet,
1111 1794 1201 1860 nulla
1216 1798 1269 1860 est
1287 1794 1476 1862 difficultas.

145 1883 268 1949 Verum
290 1882 397 1966 quoad
419 1904 511 1947 usum
537 1881 706 1949 confitenti
729 1885 905 1964 utcumque
928 1882 1100 1948 molestum
1126 1888 1160 1950 et
1178 1883 1337 1961 odiosum,
1361 1884 1479 1966 regula

147 1973 299 2038 absoluta
329 1992 401 2037 esse
431 1971 546 2038 debet:
582 1970 691 2050 ,Talis
713 1993 792 2035 usus
814 1970 948 2037 illicitus
972 1976 1039 2050 est,
1071 1971 1133 2037 nisi
1157 1973 1384 2039 consentiente
1407 1974 1478 2057 ipso

147 2063 351 2128 confitente.“
406 2060 444 2125 Id
467 2059 604 2126 sanein
627 2060 757 2125 casibus
787 2081 807 2125 a
836 2060 1015 2125 Lacroix
1046 2061 1309 2128 commemoratis
1340 2061 1479 2140 obtinet,

147 2172 241 2216 usum
265 2151 356 2216 illum
381 2170 454 2214 esse
477 2149 613 2225 licitum,
639 2149 812 2214 dummodo
828 2149 962 2214 tandem
985 2149 1118 2216 licentia
1141 2152 1355 2218 aconfitente
1372 2151 1480 2227 detur,

148 2241 211 2307 etsi
227 2240 268 2306 ab
285 2261 323 2305 eo
339 2260 404 2304 non
421 2239 525 2315 detur,
549 2238 613 2303 nisi
628 2243 802 2322 postquam
819 2238 967 2320 graviter
983 2244 1153 2323 correptus
1168 2239 1213 2305 sit
1228 2243 1263 2305 et
1277 2239 1424 2305 monitus
1440 2241 1481 2305 de

66 2348 67 2352 ’
148 2329 346 2412 gravissima
370 2328 497 2393 dandae
519 2326 673 2393 licentiae
696 2326 913 2409 obligatione:
937 2327 1016 2393 talis
1039 2328 1124 2393 enim
1148 2329 1311 2412 correptio
1335 2330 1482 2412 talisque

80 2475 83 2487 ,
149 2422 256 2484 metus
286 2417 435 2482 incussus
465 2415 642 2481 iustissime
667 2414 839 2482 adhibetur
867 2437 972 2498 neque
996 2417 1103 2483 reddit
1129 2417 1294 2483 licentiam
1320 2420 1482 2500 quodam·

150 2507 244 2571 modo
268 2509 444 2571 extortam.
491 2505 538 2571 At
566 2505 594 2570 si
625 2505 753 2569 denium
784 2509 861 2588 post
887 2505 1098 2571 monitionem
1121 2507 1153 2571 in
1177 2506 1385 2572 confessione
1408 2508 1483 2591 ipsa

148 2597 273 2662 factam
297 2631 337 2640 -
363 2615 439 2659 nam
469 2599 565 2660 extra
596 2592 832 2659 confessionem
857 2615 930 2659 eam
956 2595 1027 2660 fieri
1050 2616 1115 2660 non
1138 2595 1215 2662 licet
1237 2632 1283 2641 —
1305 2597 1482 2680 paenitens

150 2685 232 2751 nolit
248 2683 465 2765 acquiescere,
490 2683 560 2749 sine
577 2682 781 2749 absolutione
799 2683 928 2764 quidem
946 2684 1158 2751 dimittendus
1174 2688 1240 2762 est;
1265 2685 1324 2750 sed
1340 2687 1483 2753 notitiae

150 2795 227 2839 usus
251 2773 387 2855 quilibet
410 2773 439 2838 ei
463 2773 621 2839 molestus
643 2793 777 2856 prorsus
801 2772 995 2839 excluditur.

239 2879 354 2961 Neque
384 2879 475 2945 valet
505 2877 675 2945 excusatio
706 2879 760 2960 agi
791 2879 831 2943 de
860 2900 896 2944 re
926 2878 1122 2944 intrinsecus
1151 2879 1256 2957 mala,
1288 2901 1387 2962 quam
1413 2881 1482 2959 ille,

150 2970 271 3052 quiex
295 2968 498 3033 confessione
522 2967 692 3033 scientiam
716 2969 848 3046 habeat,
872 2969 982 3033 iacere
1001 2973 1152 3050 nequeat.
1192 2969 1279 3034 Nam
1295 2971 1481 3053 respondeo

150 3059 255 3124 satius
286 3078 358 3122 esse
389 3056 500 3122 facere
527 3077 595 3122 rem
623 3057 841 3123 materialiter
867 3057 1004 3134 malam,
1039 3078 1136 3139 quam
1166 3060 1410 3125 sacramentale
1437 3060 1483 3125 si·

150 3148 263 3230 gillum
287 3146 435 3218 laedere:
469 3167 575 3228 neque
597 3145 631 3209 in
654 3146 713 3211 tali
738 3167 834 3223 casu,
868 3145 953 3228 quod
986 3146 1068 3212 alias
1093 3147 1215 3211 malum
1242 3151 1311 3226 est,
1344 3169 1481 3214 manere

149 3236 345 3303 intrinsecus
368 3235 499 3301 malum.
544 3234 706 3317 Exempla
735 3236 853 3300 saltem
877 3234 980 3300 allata
1009 3257 1078 3299 rem
1102 3236 1289 3302 nullatenus
1313 3237 1480 3304 evincunt.

149 3325 232 3403 Quid
263 3324 346 3389 enirn
371 3326 459 3389 Deus
490 3345 554 3388 non
585 3327 695 3406 potest
723 3323 774 3388 ius
804 3324 974 3406 coniugale
1004 3324 1181 3390 concedere
1210 3325 1244 3390 in
1272 3347 1362 3404 sam,
1395 3349 1480 3410 quae

150 3415 233 3480 alias
256 3435 339 3477 uxor
370 3435 434 3478 non
464 3412 531 3479 sit?
578 3413 680 3478 lmmo
710 3414 840 3495 quando
870 3414 981 3494 agitur
1004 3413 1044 3479 de
1075 3413 1316 3496 impedimentis
1340 3417 1481 3500 exlege

151 3502 373 3569 ecclesiastica
404 3501 647 3579 dirimentibus,
681 3524 758 3567 num
782 3504 871 3567 Deus
900 3503 973 3585 lege
1004 3502 1225 3569 ecclesiastica
1254 3504 1402 3571 humana
1430 3507 1479 3570 in·

152 3593 252 3658 ferior
276 3595 350 3657 est?

240 3698 280 3764 R.
305 3701 335 3763 3.
381 3697 417 3762 In
450 3702 562 3763 nostro
592 3697 693 3780 igitur
723 3719 800 3764 casu
824 3697 1013 3763 Maxentius
1036 3718 1172 3763 uxorem
1195 3719 1288 3764 suam
1315 3721 1481 3784 provere

151 3808 254 3852 uxore
277 3786 398 3851 habere
422 3791 456 3853 et
478 3791 516 3852 ut
538 3808 650 3852 veram
673 3808 807 3852 uxorem
832 3791 979 3853 tractare
1003 3787 1109 3864 debet,
1138 3788 1309 3872 coniugale
1333 3791 1479 3858 debitum

151 3877 291 3943 reddens
322 3881 356 3940 et
386 3877 522 3958 exigens
547 3881 584 3941 nt
607 3879 722 3940 antea:
754 3876 850 3940 aliter
873 3897 972 3958 agere
1000 3881 1089 3942 esset
1111 3897 1165 3943 res
1187 3880 1332 3946 maxime
1355 3880 1479 3959 odiosa,

152 3967 213 4031 nisi
237 3966 309 4049 ipsa
332 3970 450 4049 sponte
473 3965 697 4030 remissionem
721 3965 820 4031 debiti
844 3966 988 4031 offerret.

90 4107 143 4162 568
242 4089 295 4153 An
325 4110 515 4164 ocxssrruu
540 4092 579 4153 3ιιι
601 4090 640 4156 R.
669 4093 696 4154 1.
743 4089 897 4166 Quaestio
928 4111 1004 4154 num
1034 4089 1134 4154 liceat
1161 4089 1332 4156 Maxentio
1363 4115 1480 4160 cavere

153 4181 195 4245 ab
224 4178 367 4256 insidiis,
399 4199 480 4260 quas
510 4178 570 4243 sibi
601 4180 795 4244 instructum
826 4179 866 4242 iri
893 4199 934 4242 ex
958 4178 1162 4244 confessione
1186 4179 1299 4245 uxoris
1322 4185 1478 4267 percepit,

154 4268 349 4334 difficultate
373 4288 436 4331 non
461 4271 561 4332 caret.
594 4267 680 4332 Nam
703 4266 735 4331 id
760 4268 955 4350 confessario
979 4267 1031 4331 cui
1054 4268 1190 4334 insidiae
1214 4273 1389 4337 struantur
1411 4276 1478 4338 sine

154 4358 286 4424 licentia
316 4355 515 4440 paenitentis
545 4377 609 4420 non
638 4354 753 4429 licere,
789 4354 817 4419 si
847 4355 921 4420 inde
953 4355 1100 4422 conicere
1130 4358 1186 4423 alii
1216 4359 1344 4441 possint
1370 4361 1479 4444 paeni·

153 4448 254 4514 tentis
277 4449 448 4530 peccatum
479 4445 572 4526 eique
602 4444 753 4510 molestia
776 4450 921 4523 creetur,
952 4446 1153 4511 communius
1183 4448 1301 4513 docent
1324 4449 1479 4533 theologi,

154 4538 217 4602 etsi
239 4537 325 4600 forte
349 4534 520 4617 paenitens
543 4533 655 4598 illicite
684 4534 850 4600 licentiam
881 4540 980 4616 neget
1010 4539 1044 4600 et
1067 4540 1241 4619 propterea
1264 4537 1479 4606 absolutionis
1515 4574 1520 4585 ·

153 4628 212 4690 fiat
228 4625 377 4707 incapax.
412 4625 442 4690 S.
462 4622 570 4707 Alph.
589 4622 644 4697 VI,
663 4626 744 4699 est;
768 4623 1078 4690 Ballou-Palm.
1095 4625 1116 4690 l.
1134 4647 1160 4691 c.
1178 4648 1209 4692 n.
1230 4629 1333 4705 1014;
1359 4629 1479 4713 (dury,
