3044 5174
135 245 199 310 130
655 239 696 295 De
713 257 750 296 se.
770 239 942 295 eucharistia.

133 439 155 484 a
176 416 298 483 missae
321 415 492 498 qualitate,
517 436 590 481 cnm
613 415 769 483 fundetur
790 415 824 481 in
848 419 969 482 aarum
991 417 1165 502 smrificcli
1187 419 1313 482 nomine
1338 415 1440 481 Clerici

134 509 288 591 peracta3
327 505 466 571 diversis
500 505 620 571 missae
657 504 806 571 formulis
844 526 901 571 sen
939 505 1059 571 missae
1097 504 1250 587 qualitati
1280 504 1440 588 responde

134 595 263 662 fructus
300 593 513 662 accidentalis
550 615 593 660 ex
629 594 781 678 precibus
811 593 980 659 Ecclesiae
1017 594 1183 661 oriundus.
1219 632 1265 644 -
1300 593 1440 660 similite

134 685 246 751 licebit
274 684 407 749 missam
439 683 479 749 do
508 683 590 765 Req.
621 683 806 762 celebrare,
839 683 867 748 si
897 682 1034 749 dicenda
1064 686 1116 750 est
1149 683 1210 762 ,ad
1240 681 1440 750 intentioner

134 773 244 840 dantis
278 773 555 856 eleemosynam“,
594 772 656 839 etsi
694 772 781 840 forte
814 772 872 838 illa
906 771 1044 839 intentio
1082 772 1128 838 sit
1160 793 1219 856 pro
1257 771 1439 838 necessitet

133 883 295 930 vivorum.

223 959 263 1026 R.
288 961 318 1026 3.
365 957 501 1035 Quando
524 958 649 1041 petitnr
671 957 772 1023 missa
793 957 828 1022 in
851 956 1007 1023 honorem
1031 957 1167 1024 alicuine
1190 957 1314 1036 sancti,
1339 978 1400 1042 per
1423 979 1439 1022 s

134 1049 294 1115 sumenda
317 1052 368 1114 est
391 1047 492 1112 missa
514 1047 629 1112 votiva
651 1046 747 1112 huins
771 1047 886 1114 sancti.
933 1047 986 1113 lta
1009 1047 1139 1130 quidem
1161 1047 1293 1131 saepins
1317 1046 1440 1113 decreti

135 1138 167 1204 S.
192 1138 231 1204 lt.
256 1137 289 1204 C.
314 1136 517 1203 declaratum
548 1141 600 1202 est
630 1134 717 1201 circa
740 1134 857 1201 missas
880 1135 1052 1216 fundatas,
1082 1137 1132 1202 ita
1156 1141 1192 1203 nt
1214 1136 1324 1220 potins
1347 1141 1440 1202 trans

95 1268 101 1274 -
134 1226 292 1293 ferendae
315 1225 381 1292 sint
404 1224 562 1291 eiusmodi
592 1224 713 1291 missae
744 1225 785 1290 ad
809 1224 878 1290 dies
901 1225 1038 1302 liberos,
1070 1246 1168 1307 qnam
1198 1225 1291 1291 utin
1322 1225 1375 1290 die
1398 1246 1440 1290 sn

134 1317 200 1381 fixo
234 1313 390 1399 impedito
422 1313 617 1379 celebranda
646 1312 691 1380 sit
721 1313 787 1379 alia
820 1312 921 1378 missa
952 1313 1059 1379 officio
1090 1314 1301 1381 concordans.
1355 1314 1437 1395 ldqn

135 1426 177 1470 ex
200 1403 344 1489 paritate
367 1422 486 1469 causae
509 1423 569 1486 per
592 1424 629 1468 se
651 1402 918 1470 transferendum
941 1408 994 1470 est
1021 1403 1064 1469 ad
1087 1403 1205 1469 missas
1228 1424 1271 1469 ex
1293 1402 1440 1487 stipendi

135 1492 289 1573 manuali,
307 1490 370 1558 nisi
384 1491 472 1559 forte
488 1491 657 1558 moraliter
673 1496 803 1558 constet
820 1493 936 1557 dantes
951 1491 1115 1575 stipendia
1130 1492 1306 1576 specialem
1323 1493 1440 1558 missar

135 1582 282 1649 votivam
306 1602 371 1647 non
394 1581 572 1665 postulare.
619 1581 760 1656 Verum,
792 1585 830 1647 nt
852 1584 946 1665 patet
969 1602 1012 1647 ex
1040 1581 1200 1666 rescripto
1224 1581 1256 1648 S.
1280 1581 1441 1647 Paeniten

134 1671 252 1739 tiarine
280 1672 309 1738 d.
335 1671 365 1736 d.
391 1672 408 1736 7
433 1671 511 1735 Dec.
539 1670 641 1746 1892,
673 1669 758 1751 qnod
782 1669 1054 1736 communicatum
1077 1670 1179 1737 habes
1201 1691 1301 1754 snpra
1323 1693 1356 1737 n.
1382 1673 1440 1736 20(

134 1765 249 1827 nostra
272 1764 383 1826 aetate
407 1759 487 1830 haec
510 1759 565 1824 lex
588 1779 653 1823 non
676 1758 725 1824 ita
747 1778 862 1824 severe
885 1759 1066 1826 sustinetur
1080 1760 1185 1826 relate
1209 1759 1252 1825 ad
1273 1759 1394 1824 missas
1417 1780 1440 1824 e:

134 1849 295 1934 stipendio
319 1847 461 1914 manuali
485 1846 648 1916 dicendas.

222 1946 262 2014 R.
286 1949 317 2013 4.
362 1945 396 2012 Si
419 1944 520 2028 igitnr
542 1944 716 2026 aliquando
741 1942 895 2026 obligatio
919 1966 978 2028 pro
1001 1945 1155 2027 graviore
1178 1945 1231 2010 vel
1255 1944 1356 2010 etiam
1380 1944 1441 2009 sim

134 2035 262 2121 pliciter
284 2035 380 2120 gravi
402 2033 552 2100 habenda
575 2038 642 2111 est,
672 2033 706 2098 id
732 2035 770 2099 fit
794 2054 853 2117 per
875 2033 1042 2113 accidens,
1072 2057 1104 2102 v,
1133 2055 1164 2117 g.
1196 2034 1282 2116 qnod
1305 2038 1440 2118 petente

135 2125 284 2203 missam,
316 2124 445 2207 qnando
474 2123 589 2189 volunt
611 2122 783 2200 assistere,
814 2122 1037 2198 offendantur,
1067 2123 1095 2188 si
1125 2122 1267 2190 viderint
1298 2122 1440 2188 celebrar

134 2214 267 2281 missam
298 2234 363 2278 non
393 2210 656 2287 convenientem
690 2211 743 2276 vel
775 2211 803 2276 si
833 2211 946 2276 diebns
978 2212 1093 2294 quibus
1123 2232 1182 2296 per
1210 2211 1357 2277 rubricas
1381 2211 1440 2277 lice

134 2304 267 2369 missam
291 2302 331 2367 de
354 2304 474 2389 Requie
496 2321 624 2366 sumere
654 2299 806 2365 sacerdos
836 2299 1000 2382 obligatus
1030 2301 1071 2366 nd
1102 2300 1293 2366 lucrandum
1323 2300 1440 2383 privile

135 2393 224 2473 glum
248 2390 364 2457 altaris
382 2412 441 2474 pro
458 2389 611 2456 defuncto
628 2409 701 2454 sese
716 2388 876 2455 facultate
892 2389 952 2454 hoc
969 2389 1176 2474 privilegium
1192 2389 1339 2455 lucrandi
1357 2389 1440 2456 desti

135 2485 243 2547 tuerat
267 2502 305 2545 eo
330 2479 415 2561 quod
440 2479 492 2544 vel
516 2499 580 2544 non
604 2478 785 2544 celebraret
809 2479 851 2544 ad
881 2479 987 2544 altare
1010 2479 1270 2562 privilegiatum,
1301 2478 1354 2544 vel
1386 2480 1438 2544 loc

135 2569 254 2635 missae
278 2569 318 2633 de
340 2569 460 2653 Requic
483 2567 581 2632 aliam
611 2571 755 2633 sumeret
785 2571 883 2649 atque
912 2567 960 2633 ita
991 2567 1178 2634 defunctum
1208 2567 1382 2652 privilegio
1410 2569 1441 2633 al

134 2658 217 2724 taris
240 2656 459 2723 defraudaret.

73 2795 126 2849 226
224 2783 277 2847 An
301 2801 492 2858 onsnsrrnu
517 2783 556 2844 2¹²¹
579 2799 770 2862 responsum
794 2800 836 2844 ex
859 2779 955 2845 dictis
978 2785 1079 2864 patct.
1127 2779 1289 2847 Videlicet
1312 2780 1440 2846 Christo

136 2870 257 2955 pharus
281 2870 387 2954 quoad
410 2869 554 2951 reliquas
584 2869 702 2933 missas
731 2868 993 2935 substantialiter
1023 2869 1186 2936 satisfacit
1217 2873 1317 2952 atque
1340 2871 1440 2936 salter

135 2965 212 3044 post
230 2960 358 3036 ‚factum
382 2957 588 3040 acquiescere
610 2960 735 3041 potest3
767 2958 823 3023 sed
853 2957 959 3023 relate
989 2959 1031 3023 ad
1061 2959 1178 3024 missas
1208 2979 1289 3040 quas
1317 2959 1440 3042 prode

136 3049 257 3116 functis
285 3049 326 3115 ad
350 3048 455 3114 altare
478 3046 721 3130 privilegiatum
751 3046 860 3112 dicere
891 3047 1018 3127 debuit,
1048 3047 1089 3113 iis
1117 3047 1230 3112 diebus
1261 3047 1377 3130 quibus
1400 3069 1440 3131 pe

136 3138 282 3204 rubricas
305 3137 426 3203 licebat
448 3136 580 3202 missam
604 3134 644 3200 de
667 3135 791 3218 Reqnie
814 3136 996 3213 celebrare,
1028 3157 1093 3201 non
1116 3136 1211 3220 plene
1234 3136 1398 3202 satisfecit
1421 3159 1440 3201 e

137 3228 222 3309 quod
243 3229 408 3314 privilepio
431 3224 547 3291 altaris
570 3246 635 3289 non
659 3229 710 3290 est
740 3246 827 3290 usus.
874 3225 945 3290 Etsi
977 3225 1061 3290 enim
1092 3224 1313 3291 condicionem
1344 3229 1440 3291 uitari

137 3317 329 3393 servaverit,
355 3337 418 3381 uon
442 3313 588 3380 servavit
612 3313 829 3379 condicionem
849 3317 1012 3400 pricileqii
1035 3338 1069 3380 re
1086 3317 1266 3400 aquirendi.
1299 3315 1385 3380 Hinc
1409 3337 1440 3380 es

138 3405 223 3487 qnod
247 3405 365 3471 debeat
387 3403 519 3470 studere
543 3402 789 3485 aequivalentes
811 3403 938 3484 gratias
960 3424 1019 3486 pro
1043 3404 1207 3470 defunctis
1230 3404 1360 3481 lucrari,
1385 3403 1405 3469 i.
1431 3426 1440 3468 ι

138 3494 374 3576 indulgentiam
398 3491 577 3576 plenariam
601 3491 699 3558 toties
723 3492 852 3573 quoties
875 3492 1005 3569 deerat,
1036 3514 1067 3559 v.
1092 3514 1123 3574 g.
1155 3515 1213 3577 per
1236 3493 1323 3557 viam
1354 3493 1441 3558 cruci

138 3582 246 3648 aliave
275 3582 434 3648 exercitia
466 3581 581 3663 quibus
612 3600 761 3645 annexae
793 3586 870 3648 sunt
901 3581 1069 3664 plenariae
1101 3582 1340 3665 indulgentiam
1374 3582 1440 3648 inte

138 3693 221 3755 qnae
245 3671 475 3754 Christophoro
499 3670 640 3735 maxime
664 3670 883 3735 commendari
913 3668 1023 3753 potest
1053 3671 1157 3737 oratio
1185 3672 1254 3748 ,En
1278 3674 1357 3753 ego“
1386 3694 1440 3756 pos

138 3761 269 3827 missam
294 3760 430 3827 dicenda
453 3781 524 3824 cnm
546 3759 711 3825 consuetis
729 3760 879 3842 precibus
905 3760 946 3825 ad
973 3759 1186 3827 intentionem
1210 3760 1327 3825 summi
1351 3761 1440 3843 ponti

137 3851 216 3916 ficis.
241 3888 285 3898 -
307 3850 343 3915 In
369 3856 536 3934 posterum
561 3853 670 3914 autem
695 3849 866 3914 attendere
887 3849 993 3927 debet,
1018 3854 1055 3915 ut
1077 3849 1161 3914 hanc
1181 3849 1440 3916 circumstantia1

137 3938 300 4024 privilegii
323 3938 439 4006 altaris
463 3936 645 4002 formaliter
667 3936 812 4019 impleat.

418 4130 690 4197 surrurvnrnn
712 4130 760 4195 nv
784 4129 895 4197 clsu
920 4094 1184 4197 nrulrrouis.

713 4294 822 4361 (lasus.
843 4303 900 4372 (65)

228 4437 430 4506 Theobaldnn,
462 4456 527 4495 cnm
558 4437 660 4495 dolens
682 4441 823 4512 expertus
845 4437 884 4495 sit
913 4457 945 4496 sc
967 4436 997 4494 in
1018 4436 1085 4495 vico
1107 4457 1160 4495 sno
1182 4436 1302 4512 saepius
1325 4437 1440 4496 debuiss

140 4517 231 4578 missa
253 4536 370 4585 carere,
399 4517 600 4575 fundationem
628 4516 702 4575 facit
732 4518 904 4576 100001110.
932 4537 985 4593 pro
1014 4517 1141 4576 ecclesia
1169 4517 1334 4593 parochiali
1363 4518 1440 4595 oppii

139 4598 230 4656 vicini
259 4617 323 4655 cum
354 4597 533 4671 obligatione
562 4602 594 4655 nt
621 4596 734 4656 reditus
764 4598 872 4656 cedant
900 4597 927 4655 ei
949 4597 1096 4656 sacerdoti
1127 4597 1174 4672 qni
1197 4597 1280 4656 feriis
1303 4598 1329 4654 V
1352 4605 1383 4658 et
1405 4618 1440 4658 on
