3044 5174
514 111 717 165 Matrimonium
736 109 941 182 praecedentia:
962 141 994 149 -
1015 110 1117 164 Banna.
1420 116 1484 180 497

10 360 27 375 Γ
150 286 297 352 exsistat
320 285 589 370 impedimentum
613 285 876 370 indispensabile,
900 285 1099 369 impossibile
1123 289 1174 352 est
1190 291 1228 352 ut
1243 287 1487 372 dispensatione

17 376 29 443 1
150 374 332 441 difficultas
354 379 583 451 removeatur;
613 375 672 441 sed
695 379 847 459 superest
869 379 907 441 ut
928 374 1170 441 matrimonium
1200 397 1266 440 non
1291 381 1484 444 attentetur.

10 523 33 535 .,
63 526 65 531 ,
151 464 326 530 Servatius
355 463 473 546 igitur,
507 463 569 529 nisi
599 465 669 548 ipse
699 485 830 529 monere
860 464 966 548 possit
992 470 1131 530 matrem
1154 465 1249 530 Pauli
1279 468 1333 531 vel
1356 472 1485 550 patrem

10 554 28 563 “
149 554 279 631 Annae,
303 556 343 620 ut
364 574 425 619 sua
447 552 643 637 interposita
667 554 864 619 auctoritate
884 553 1144 620 coniunctionem
1167 555 1264 620 istam
1287 555 1487 623 interdicant

23 720 29 725 1
62 642 67 665 ²
150 641 304 725 quaesito
335 641 444 725 aliquo
473 646 667 726 praetextu,
699 647 832 708 moneat
862 642 1056 725 parochum,
1087 647 1125 710 ut
1151 643 1206 709 ille
1229 645 1314 709 idem
1339 650 1484 711 conetur.

10 788 31 819 .·.
149 732 197 797 At
220 731 248 797 si
273 731 396 797 Paulus
420 734 455 798 et
477 730 574 796 Anna
597 752 618 797 a
640 732 832 815 parentibus
854 753 891 796 ss
913 752 1106 815 permovere
1128 754 1194 797 non
1217 733 1343 810 sinant,
1373 734 1485 800 durius

149 820 285 887 videtur
307 841 420 886 eorum
443 823 571 904 patrem
593 821 646 885 vel
669 825 810 886 matrem
833 821 981 903 obligari,
1006 825 1044 886 ut
1066 842 1102 886 se
1126 843 1237 887 coram
1260 823 1300 888 iis
1317 824 1486 889 diffament

10 908 34 993 {f
150 915 253 992 atque
276 910 326 976 ita
347 909 591 975 matrimonium
615 913 816 976 attentatum
839 909 1033 993 impediant,
1056 911 1200 976 maxime
1224 933 1296 976 oum
1319 913 1484 997 propriam

149 998 389 1083 turpitudinem
413 1000 575 1064 asserenti
599 999 687 1063 credi
710 1019 776 1063 non
800 1000 928 1065 debeat.

240 1105 295 1169 Ex
319 1104 385 1170 alio
403 1125 482 1170 vero
507 1103 670 1170 consortio
686 1104 776 1189 turpi
792 1104 885 1169 Pauli
902 1125 975 1169 oum
992 1108 1097 1169 matre
1113 1105 1230 1171 Annae
1246 1106 1384 1171 Paulum
1399 1107 1487 1173 inter

10 1196 32 1204 ”’
151 1196 185 1258 et
200 1193 334 1259 Annam
358 1197 432 1260 orta
456 1196 508 1259 est
524 1192 668 1259 affinitas
684 1193 780 1277 primi
802 1194 934 1276 gradus,
960 1213 1043 1275 quae
1067 1214 1109 1258 ex
1129 1215 1202 1259 sese
1218 1196 1486 1279 impedimentum

150 1282 354 1349 matrimonii
377 1282 531 1348 dirimens
556 1283 737 1349 constituit.
772 1283 863 1359 Quod
886 1282 1153 1366 impedimentum
1177 1306 1236 1368 pro
1260 1289 1484 1368 assumptum

152 1370 373 1456 dispensabile
405 1371 536 1454 quidem
567 1377 634 1448 est;
668 1376 816 1437 attamen
845 1372 879 1437 in
910 1375 1023 1437 nostro
1054 1393 1149 1448 casu,
1183 1373 1211 1437 si
1242 1375 1283 1438 ad
1306 1375 1484 1458 parochum

10 1463 32 1505 ¹
151 1460 344 1544 pervenerit
372 1461 468 1526 huius
498 1461 721 1550 impedimenti
751 1460 870 1527 notitia
899 1461 995 1525 simul
1028 1481 1101 1525 curn
1131 1461 1250 1528 notitia
1282 1464 1400 1546 prioris
1423 1465 1487 1529 im-

10 1553 32 1595 ²
150 1549 342 1633 pedimenti,
365 1549 452 1616 ratio
476 1555 528 1616 est
547 1571 669 1632 urgens
685 1571 743 1616 our
757 1556 893 1634 propter
908 1550 1013 1614 solum
1029 1550 1202 1616 affinitatis
1217 1551 1485 1634 impedimentum

151 1639 291 1705 Paulum
315 1640 456 1723 repellat
479 1639 520 1704 ab
544 1639 684 1704 ineundo
708 1639 932 1716 matrimonio,
957 1638 1056 1704 etiam
1081 1640 1181 1704 silens
1205 1641 1244 1704 de
1268 1642 1323 1705 illo
1347 1642 1486 1725 impedi·

10 1750 29 1789 a·
151 1731 265 1795 mento
288 1727 594 1810 consanguinitatis,
619 1732 718 1809 atque
735 1729 837 1794 Paulo
861 1728 1060 1811 persuadeat
1084 1728 1359 1812 dispensationem
1384 1753 1404 1795 a
1425 1753 1484 1797 suo

10 1850 27 1861 -
57 1844 61 1853 ·
151 1817 329 1884 affinitatis
350 1815 582 1902 impedimento
606 1838 671 1882 nou
694 1838 767 1882 esse
790 1818 996 1901 sperandam.
1032 1817 1081 1881 Re
1103 1839 1184 1883 vera
1208 1818 1292 1883 enim
1317 1820 1350 1884 in
1373 1820 1484 1885 libello

151 1905 311 1991 supplici,
345 1927 442 1988 quem
465 1907 603 1971 Romam
633 1905 797 1981 mitteret,
829 1906 1012 1990 exprimere
1039 1906 1201 1989 parochus
1225 1908 1375 1985 deberet,
1407 1911 1484 1975 sub·

151 2017 225 2062 esse
248 1995 348 2061 simul
371 2016 444 2061 cum
467 1994 632 2061 affinitate
654 1995 867 2078 probabiliter
890 1994 1157 2077 impedimentum
1188 1997 1484 2080 consanguinitatis

150 2084 248 2168 primi
271 2084 412 2168 gradus,
444 2084 529 2166 quod
553 2083 633 2149 iuris
657 2084 786 2166 quidem
809 2083 1075 2168 praesumptione
1098 2084 1284 2167 ignoretur,
1313 2108 1349 2152 re
1371 2092 1483 2153 tamen

150 2194 215 2240 nou
251 2173 298 2240 sit
329 2173 515 2239 exclusum:
549 2173 666 2256 quibus
699 2174 857 2256 expositis
887 2193 1063 2253 numquam
1095 2174 1336 2258 dispensabitur
1368 2197 1409 2240 ne
1442 2178 1483 2242 ab

151 2262 319 2330 affinitate
343 2262 482 2345 quidem,
507 2283 548 2327 ne
571 2284 653 2328 ansa
677 2263 772 2328 detur
795 2262 1002 2328 matrimonio
1026 2262 1235 2328 nihilominus
1258 2264 1411 2332 invalide.

512 2479 802 2547 DISPENSATIO
827 2479 856 2545 A
881 2481 1046 2549 BANNIS
1071 2480 1124 2562 (Ι).

719 2647 830 2715 Casus.
846 2656 922 2724 (253)

239 2797 355 2858 Baldus
376 2794 542 2855 Blandiuae
563 2815 581 2853 a
603 2815 635 2853 se
657 2796 787 2855 violatae
808 2796 1025 2855 matrimonium
1047 2798 1240 2874 promiserat:
1271 2800 1346 2874 quod
1368 2800 1397 2858 in
1420 2801 1482 2860 dies

152 2878 262 2950 differt,
284 2878 373 2937 immo
393 2879 482 2954 parat
502 2875 560 2935 iter
581 2876 750 2935 diuturnum
765 2877 961 2953 promissione
975 2879 1104 2935 nondum
1120 2878 1250 2954 implete.
1281 2878 1378 2948 Quare
1393 2880 1482 2938 Blan-

151 2958 220 3018 dina
241 2958 307 3018 adit
326 2956 486 3034 parochum
508 2956 681 3033 supplicans
702 2962 735 3015 ut
756 2957 857 3014 statim
886 2957 1003 3016 omissis
1030 2957 1314 3032 proclamationibus
1335 2961 1482 3020 matrimo-

150 3038 199 3098 nio
220 3038 363 3106 assistat;
393 3036 481 3096 aliter
509 3056 541 3094 se
568 3036 731 3095 timereris
753 3036 864 3095 Baldus
885 3036 1040 3113 promissis
1062 3057 1121 3096 non
1149 3045 1269 3096 maneat
1290 3039 1384 3098 fidelis
1406 3061 1482 3099 neve

150 3119 218 3196 ipsa
237 3119 271 3179 in
291 3117 482 3194 ignominiam
504 3116 600 3175 cadat.
642 3116 796 3176 Parochus
818 3117 937 3186 annuit;
967 3136 1070 3174 verum
1099 3119 1135 3176 ab
1158 3117 1341 3177 ordinariatu
1361 3127 1483 3198 propter

150 3200 279 3259 omissas
300 3196 549 3275 proclamationes
557 3197 704 3271 graviter
724 3197 958 3273 reprehenditur.

152 3321 331 3394 Quasnam
353 3322 383 3380 1ο
404 3321 468 3398 quis
491 3323 527 3380 ob
549 3340 622 3396 quas
645 3339 753 3379 causas
776 3341 794 3379 a
814 3321 1099 3396 proclamationibus
1121 3321 1281 3397 dispenset.

352 3420 383 3477 2ο
403 3419 473 3494 quid
494 3419 530 3477 de
551 3419 659 3493 agendi
680 3418 795 3477 ratione
816 3419 938 3494 parochi
960 3419 1148 3477 iudicandum
1170 3420 1217 3479 sit.

352 3517 383 3576 3⁰
405 3517 498 3655 qnid,t
512 3516 538 3655 sli
558 3516 718 3656 Bpandina,
739 3517 777 3575 ad
798 3516 1010 3575 ordinariatum
1032 3536 1065 3575 re
1087 3518 1195 3590 delata,
1218 3520 1255 3577 ab
1277 3538 1311 3578 eo
1333 3520 1481 3596 repulsam

405 3616 463 3654 ram
498 3616 517 3654 u
530 3616 602 3656 era.

750 3788 886 3856 Solutio.

239 3940 293 4006 An
317 3960 509 4016 onassmuu
536 3942 572 4003 1³
602 3940 641 4005 R.
668 3941 695 4005 1.
750 3939 994 4005 Ordinariomm
1026 3946 1077 4006 est
1107 3941 1138 4005 in
1170 3938 1519 4023 proclamationibus&

150 4029 358 4115 dispensare,
386 4028 484 4110 idque
507 4050 572 4093 non
596 4029 701 4093 solum
724 4033 860 4113 propter
883 4029 1071 4110 generalem
1104 4031 1267 4111 regulam,
1302 4030 1479 4094 secundum

149 4140 248 4202 quam
280 4139 394 4184 eorum
426 4123 477 4184 est
508 4117 541 4182 in
574 4119 672 4183 rebus
703 4118 812 4200 legum
843 4118 1139 4184 ecclesiasticarum
1173 4139 1257 4199 quae
1289 4117 1480 4199 frequenter

148 4211 326 4274 occurrunt
356 4207 562 4290 dispensare,
594 4207 652 4272 sed
682 4207 782 4273 etiarn
812 4228 854 4271 cx
885 4228 1043 4290 expressa
1067 4207 1279 4292 dispositione
1303 4205 1383 4271 iuris
1407 4207 1479 4271 Tri·

148 4297 275 4365 dentini
303 4296 384 4375 ,nisi
413 4297 612 4362 Ordinariua
634 4296 704 4380 ipse
728 4296 884 4379 expedire
907 4295 1118 4371 iudicaverit,
1150 4300 1187 4361 ut
1210 4296 1398 4379 praedictae
1423 4296 1478 4361 de·

147 4385 372 4454 nuntiationes
395 4385 616 4462 remittantur,
641 4386 726 4468 quod
750 4385 836 4451 illius
859 4385 1052 4469 prudentiae
1075 4389 1109 4450 et
1132 4385 1248 4450 iudicio
1274 4385 1304 4450 S.
1328 4385 1478 4468 Synodus

146 4476 336 4559 relinquit‘.

197 4585 369 4634 Lehmknhl,
383 4585 456 4628 Orsus
470 4584 630 4626 eonscientiae.
648 4585 677 4625 ΙΙ.
1236 4576 1269 4628 32
