3044 5174
304 1070 380 1153 DE
410 1063 804 1152 SACRAMENTIS
837 1061 1180 1147 GENERATIM.

183 1316 432 1387 DISTINC'I'IO
456 1311 862 1383 SACRAMENTORUM.
885 1348 931 1359 -
953 1308 1308 1376 auvlvlscuuum.

70 1356 72 1411 l

70 1435 73 1523 i
660 1477 771 1545 Casus.
792 1486 833 1554 (1)

173 1623 314 1684 Callistus
343 1621 376 1681 in
406 1619 589 1681 conferentia
619 1617 822 1688 sacerdotum,
854 1635 920 1675 cum
951 1616 986 1675 de
1015 1616 1211 1677 sacramentis
1239 1617 1408 1693 dissereret,

103 1703 302 1764 distinctionem
330 1702 410 1761 inter
438 1704 627 1760 sacramenta
654 1698 789 1758 rivorum
817 1701 848 1756 et
873 1702 1054 1756 mortuorum
1083 1697 1159 1757 dixit
1186 1716 1253 1758 ease
1279 1699 1408 1774 inanem,

102 1784 228 1860 siquidem
248 1802 303 1862 pro
325 1782 457 1859 quolibet
478 1783 665 1843 sacramento
697 1778 920 1854 dispositionem
943 1796 1006 1835 eam
1029 1783 1059 1835 et
1080 1778 1189 1854 requiri
1211 1784 1242 1838 et
1261 1780 1408 1852 sufficere,

100 1882 144 1940 qua
168 1865 234 1941 quis
262 1868 421 1922 conaretur
449 1880 486 1920 ex
515 1880 570 1919 sua
597 1864 683 1936 parte
711 1877 779 1918 sese
807 1876 873 1916 cum
900 1857 964 1916 Deo
992 1858 1201 1930 reconciliare;
1229 1860 1408 1920 reviviscen-

100 1944 156 2003 tiam
169 1964 256 2021 quam
266 1947 377 2003 vocant
391 1947 643 2002 sacramentorum
658 1957 724 1998 esse
738 1943 824 2016 putat
838 1936 964 1997 otiosam
978 1937 1183 2013 theologorum
1197 1939 1409 2012 inventionem,

100 2043 160 2100 quae
178 2025 373 2084 fundamento
395 2027 505 2093 careat,
527 2040 593 2080 cum
614 2019 714 2078 valida
735 2018 851 2095 quidem
872 2022 905 2076 at
918 2016 1065 2092 sacrilega
1087 2019 1238 2095 susceptio
1253 2019 1327 2079 nihil
1341 2040 1409 2098 ope·

101 2109 166 2164 retur
184 2105 244 2165 nisi
266 2105 471 2164 characterem
492 2119 586 2177 neque
607 2100 684 2159 alius
707 2100 829 2158 effectus
851 2099 1035 2173 subsequens
1055 2097 1153 2175 possit
1172 2099 1301 2177 probari.

102 2214 261 2285 Quumrua
283 2217 313 2275 1ο
335 2215 404 2292 quid
424 2214 613 2273 iudicandum
633 2214 675 2273 sit
696 2214 732 2273 de
754 2212 869 2273 Callisti
890 2212 1035 2290 opinione.

285 2307 316 2364 2⁰
337 2305 407 2396 quid
427 2305 529 2362 valeat
544 2306 673 2380 practice
694 2302 844 2362 distinctio
865 2302 945 2361 inter
965 2306 1155 2361 sacramenta
1177 2307 1358 2363 mortuorum
1380 2311 1411 2365 et

283 2474 315 2534 8⁰
336 2404 495 2612 {¹1¹2quss
520 2471 654 2549 practica
685 2471 799 2530 utilitas
834 2470 987 2530 doctrinae
1018 2470 1054 2529 de
1085 2476 1337 2532 sacramentorum
1367 2492 1410 2532 re·

336 2572 473 2612 viviscen
487 2572 524 2612 re.

677 2699 815 2767 Salutio.

171 2844 223 2908 Ao
254 2862 447 2918 ouaasrruu
481 2846 518 2907 1²¹¹
548 2842 587 2907 R.
615 2845 644 2908 1.
691 2841 783 2918 Quod
812 2841 967 2907 Callistus
998 2840 1078 2908 dicit
1107 2863 1228 2908 vanam
1258 2863 1330 2909 esse
1360 2843 1433 2910 di-1

106 2930 293 2998 eductionem
311 2931 399 2997 inter
414 2934 621 2998 sacramenta
637 2936 839 2997 mortuorum
855 2935 889 2997 et
904 2930 1055 2996 vivorum
1072 2935 1124 2998 est
1145 2953 1237 2997 error
1251 2932 1408 3000 incolere»

70 3054 72 3059 ·
104 3014 173 3100 bilis,
206 3041 271 3104 quo
294 3021 449 3086 Callistus
471 3042 508 3086 se
531 3020 761 3104 sapientiorem
793 3020 893 3086 habet
916 3018 1065 3085 omnibus
1100 3021 1322 3101 catechismis,
1354 3023 1409 3105 qni

105 3103 167 3176 hanc
189 3110 433 3176 distinctionem
456 3115 494 3177 ut
516 3131 585 3175 rem
601 3110 713 3191 magni
728 3110 884 3176 momenti
901 3109 1050 3174 omnibus
1066 3109 1216 3175 fidelibus
1232 3110 1407 3178 inculcant.

172 3217 210 3283 R.
236 3220 267 3283 2.
300 3218 378 3282 Cum
403 3217 474 3282 sola
497 3220 705 3282 sacramenta
721 3216 875 3299 baptismi
899 3220 933 3282 et
956 3215 1180 3298 paenitentiae
1196 3216 1263 3285 sint
1278 3218 1408 3302 proprie

104 3310 292 3372 aeramenta
307 3311 520 3383 mortuorum,
545 3305 700 3371 Callistus
716 3305 885 3370 contendit
906 3306 948 3369 ab
972 3305 1060 3370 omni
1082 3306 1195 3371 adulto
1211 3306 1407 3390 baptizando

104 3397 128 3459 et
145 3396 182 3460 ab
215 3394 303 3461 omni
334 3397 522 3478 paenitente
554 3394 742 3459 confessuro
773 3395 827 3475 qui
857 3395 970 3477 gravis
1001 3394 1129 3477 peccati
1159 3396 1323 3461 commissi
1346 3397 1407 3462 sibi

102 3485 232 3550 muscius
256 3484 301 3549 sit
323 3484 444 3566 requiri
469 3488 622 3550 conatum
644 3484 793 3548 eliciendi
817 3488 910 3549 actus
925 3482 1095 3566 perfectae
1112 3484 1262 3550 caritatis
1277 3491 1311 3552 at
1330 3507 1407 3551 con-

100 3572 241 3638 tritionis:
268 3593 352 3655 quae
376 3572 484 3656 opinio
508 3573 654 3638 haeresis
677 3572 807 3654 quidem
831 3594 896 3637 non
920 3578 988 3649 est,
1013 3572 1102 3638 ducit
1125 3577 1238 3639 tamen
1260 3574 1407 3657 legitime

99 3661 131 3726 ad
149 3683 276 3729 errores
299 3662 332 3727 in
355 3663 429 3728 fide.

171 3770 210 3835 R..
236 3773 266 3834 3.
288 3767 446 3834 Similiter
461 3769 547 3850 quod
564 3772 661 3851 putat
672 3767 706 3832 in
719 3768 852 3850 reliquis
868 3767 1085 3833 sacramentis
1097 3768 1249 3834 sufficere
1261 3778 1407 3835 matum

98 3859 306 3936 contritionis,
338 3858 516 3923 universim
547 3856 677 3922 defendi
707 3859 806 3941 plane
835 3857 958 3938 nequit.
1006 3856 1093 3921 Nam
1121 3860 1150 3921 1⁰
1173 3857 1351 3939 requiritur
1373 3859 1406 3923 in

97 3949 233 4014 omnibus
248 3947 463 4013 sacramentis
478 3947 627 4011 vivorum
645 3950 753 4012 status
769 3947 898 4028 gratiae
913 3967 950 4010 re
966 3945 1038 4027 ipsa
1056 3945 1233 4024 exsistens;
1257 3948 1404 4029 ideoque,

96 4041 125 4102 ut
143 4059 182 4103 ea
198 4041 407 4103 sacramenta
422 4037 587 4119 suscipere
603 4036 710 4112 liceat,
736 4037 905 4100 comecias
916 4038 1087 4121 persuasio
1104 4035 1144 4100 de
1160 4039 1250 4101 statu
1267 4037 1405 4118 gratiae.

96 4123 131 4192 llt
150 4127 229 4193 licet
251 4127 334 4191 haec
357 4126 524 4209 persuasio
548 4125 608 4190 niti
624 4125 729 4207 possit
747 4126 781 4190 in
797 4125 884 4190 serio
900 4128 1019 4189 conatu
1036 4128 1130 4189 actus
1146 4125 1313 4207 perfectae
1329 4146 1405 4190 con-

94 4215 243 4294 tritionis,
276 4220 388 4281 tamen
418 4215 473 4280 ille
504 4219 642 4280 conatus
672 4236 735 4278 non
767 4214 888 4279 sufficit
919 4236 982 4299 quo
1016 4222 1156 4280 coecatus.
1205 4218 1237 4277 2ο
1267 4215 1304 4278 ln
1333 4235 1404 4278 sus-

96 4303 232 4387 cipienda
262 4310 372 4370 autem
402 4326 445 4370 ss.
478 4303 676 4369 eucharistia
706 4303 872 4380 sufficere,
905 4307 1044 4384 excepto
1076 4324 1154 4367 casu
1186 4303 1405 4381 necessitatis,

95 4394 186 4459 solam
211 4393 441 4460 contritionem
464 4392 667 4458 sollemniter
690 4393 941 4459 condemnatum
966 4396 1016 4456 est
1039 4394 1168 4457 acono.
1190 4394 1282 4459 Trio.
1306 4414 1332 4458 s.
1354 4396 1403 4471 13,

94 4501 154 4550 can.
175 4488 231 4557 11;
256 4504 297 4548 ac
313 4482 516 4547 declaratum
532 4481 662 4546 omnino
679 4483 899 4547 necessarium
917 4502 989 4546 esse
1006 4483 1042 4544 ut
1058 4480 1080 4545 ii
1101 4502 1181 4562 quos
1206 4482 1406 4548 conscientia

93 4573 209 4654 peccati
233 4571 385 4639 mortalis
408 4577 527 4654 gravet
550 4573 822 4638 sacramentalem
846 4569 1081 4636 confessionem
1105 4572 1330 4653 praemittant.

136 4684 303 4730 Lehmknhl.
319 4683 391 4725 Casus
404 4683 564 4725 eonscientiae.
587 4683 615 4724 11.
1184 4677 1195 4728 l
