3044 5174
1514 234 1518 267 l

163 289 226 353 188
613 281 818 336 Sacramentum
837 281 1029 352 paenitentiae.
1514 274 1518 309 ¹

251 462 290 526 lt.
327 463 356 525 2.
412 457 608 524 Universale
642 458 740 525 debet
773 479 846 524 esse
879 457 1098 543 propositum,
1138 458 1267 541 quando
1302 459 1414 542 agitur
1448 461 1485 525 de
1516 542 1517 547 ἵ

162 549 307 633 peccatis
330 547 532 639 mortalibus.
579 546 666 612 Nam
697 548 737 612 de
767 548 911 631 peccatis
933 547 1114 612 venialibus
1138 547 1260 614 sufficit
1286 546 1373 613 sicut
1397 549 1486 614 dolor
1515 556 1519 639 q

161 639 210 706 ita
233 638 333 706 etiam
355 636 557 722 propositum
581 635 669 702 circa
692 637 823 718 aliquod
845 642 1026 720 peccatum,
1050 636 1192 702 maxime
1215 637 1244 702 si
1266 640 1319 703 est
1341 638 1485 720 gravius.
1515 644 1519 673 ¹

252 745 290 810 R.
316 747 346 810 3.
393 743 486 808 Haec
509 741 739 808 universalitas
762 743 795 807 in
818 743 984 828 proposito
1008 743 1107 808 latius
1131 747 1245 826 patere
1269 744 1367 810 debet
1390 765 1485 826 quam

162 834 195 898 in
219 834 340 899 dolore.
386 832 488 897 Dolor
511 832 597 897 enim
620 852 686 897 non
708 836 802 916 patet
831 832 931 899 latius
954 853 1050 915 quam
1074 836 1152 898 sunt
1178 837 1317 916 peccata
1339 854 1376 898 re
1400 854 1484 898 com·

162 923 279 1000 missa;
310 922 368 987 sed
397 921 600 1005 propositum
629 941 694 986 non
723 921 844 987 sufficit
872 921 1017 986 evitandi
1047 925 1184 1004 peccata
1208 922 1399 999 commissa,
1430 923 1484 987 sed

164 1013 262 1079 debet
285 1032 357 1076 esse
380 1010 507 1076 vitandi
530 1014 667 1094 peccata
689 1011 842 1076 mortalia
865 1009 1058 1093 simpliciter
1072 1030 1130 1074 seu
1153 1011 1250 1094 plane
1274 1011 1393 1088 omnia,
1418 1012 1484 1077 sive

163 1107 263 1169 antea
286 1098 460 1166 commissa
482 1098 552 1164 sive
575 1119 639 1163 non
655 1099 838 1166 commissa.
877 1099 926 1164 Re
941 1099 1012 1182 ipsa
1029 1104 1137 1165 autem
1157 1100 1238 1164 haec
1254 1100 1483 1166 universalitas

162 1190 318 1275 implicite
348 1188 478 1272 quidem
508 1187 619 1267 adest,
651 1189 779 1270 quando
810 1189 850 1254 de
879 1194 1016 1272 peccato
1046 1188 1177 1254 mortali
1205 1187 1305 1256 etiam
1328 1190 1483 1271 singulari

162 1284 291 1346 tantum
316 1277 496 1362 concipitur
525 1277 617 1343 dolor
647 1277 766 1343 efficax
795 1299 838 1342 ex
865 1278 988 1343 motivo
1011 1277 1206 1354 universali,
1237 1277 1397 1361 siquidem
1426 1280 1482 1344 hoc

162 1369 321 1434 motivum
344 1367 378 1432 in
394 1366 543 1433 omnibus
558 1371 592 1433 et
615 1366 813 1448 quibuslibet
835 1367 979 1450 peccatis
994 1366 1186 1432 mortalibus
1201 1367 1368 1434 invenitur
1383 1367 1481 1444 idem;

161 1458 196 1522 in
225 1457 337 1522 dolore
367 1477 409 1521 ex
431 1455 555 1522 motivo
585 1455 774 1539 particulari
805 1477 871 1519 non
899 1455 1001 1532 inest,
1033 1455 1091 1520 sed
1121 1455 1305 1521 necessario
1329 1456 1406 1522 addi
1429 1479 1482 1522 seu

160 1545 295 1613 extendi
318 1545 424 1612 debet.

251 1644 290 1709 R.
315 1649 345 1709 4.
390 1642 473 1707 Sunt
496 1641 625 1724 quidem
650 1641 705 1724 qui
728 1644 845 1725 putent
867 1641 967 1707 etiam
990 1641 1023 1706 in
1046 1641 1213 1724 proposito
1237 1643 1388 1708 sufficere
1412 1665 1482 1726 pro·

161 1732 303 1818 positum
333 1730 457 1814 concipi
488 1731 528 1796 de
557 1731 701 1814 peccatis
730 1729 927 1806 commissis,
960 1730 988 1795 si
1018 1731 1113 1795 modo
1147 1732 1232 1798 absit
1264 1752 1482 1815 quaecumque

162 1822 316 1888 voluntas
344 1818 488 1903 positiva
516 1819 614 1885 ullius
644 1819 770 1903 peccati
799 1820 948 1885 mortalis
978 1819 1034 1901 (cf.
1058 1820 1215 1885 Reuter
1241 1821 1261 1886 l.
1286 1842 1313 1886 c.
1338 1843 1369 1888 n.
1397 1821 1480 1903 290).

161 1908 399 1994 Quaeopinio,
431 1908 593 1973 communi
618 1909 786 1973 doctrinae
809 1908 989 1985 contraria,
1021 1913 1099 1974 ante
1129 1908 1252 1974 factum
1275 1931 1391 1976 norma
1415 1932 1482 1976 esse

161 1999 290 2083 nequit;
321 2019 436 2062 verum
465 2001 540 2081 post
567 1998 691 2063 factum
714 1998 804 2063 utilis
827 2018 899 2062 esse
922 2001 1033 2080 potest
1056 1998 1096 2062 ad
1121 1998 1282 2063 sedandos
1305 2000 1482 2084 scrupulos,

161 2089 189 2154 si
213 2088 284 2171 quis
307 2087 395 2153 forte
418 2086 546 2152 dubitet
575 2086 615 2151 de
645 2086 811 2170 proposito
835 2087 1012 2151 universali
1036 2107 1055 2150 a
1079 2107 1115 2151 se
1138 2092 1312 2170 concepto,
1343 2089 1482 2154 maxime
1515 2122 1520 2162 ς

161 2199 234 2243 cum
258 2176 368 2260 potius
393 2177 539 2240 eicientur
562 2175 705 2240 abfuisse
728 2175 785 2240 illa
808 2175 965 2258 propositi
986 2175 1227 2255 universalitas,
1252 2198 1392 2259 quaere
1415 2178 1483 2261 ipsa
1515 2210 1520 2217 ·

161 2265 314 2332 adfuerit.
361 2264 540 2340 Nimirum,
571 2267 608 2328 ut
637 2269 732 2331 notat
762 2264 1069 2330 Bellen-Palm.
1101 2264 1122 2330 l.
1154 2285 1180 2331 c.
1208 2287 1238 2330 n.
1267 2268 1346 2342 15o,
1379 2267 1482 2331 solent
1511 2299 1520 2347 ,3

161 2355 369 2440 paenitentes
385 2354 425 2418 ob
442 2353 553 2418 oculos
574 2352 695 2418 habere
718 2353 921 2435 potissimum
944 2359 1090 2436 peccata,
1115 2353 1146 2416 in
1165 2375 1248 2436 quae
1271 2354 1337 2419 labi
1361 2357 1481 2431 solent;
1512 2352 1520 2359 ”

162 2445 281 2529 quippe
316 2443 355 2509 de
391 2442 464 2506 aliis
498 2441 589 2507 nulla
624 2462 680 2507 eos
714 2442 823 2524 tangit
859 2442 1007 2508 formido.
1062 2442 1224 2508 Voluntas
1259 2443 1386 2509 vitandi
1421 2446 1483 2510 alia

162 2539 308 2618 peccata,
334 2552 417 2615 quae
441 2530 567 2597 directa
591 2534 650 2609 est,
674 2551 740 2595 non
761 2531 896 2609 reflexa,
920 2531 978 2595 vix
1001 2530 1194 2597 advertitur.

1509 2362 1520 2545 —.—=—.—r—

100 2669 152 2724 322
250 2654 303 2719 An
327 2673 519 2730 ouansrruu
543 2655 582 2717 2¹¹¹
606 2653 645 2719 R.
674 2656 700 2720 1.
748 2653 901 2720 Firmitas
931 2675 1015 2735 quae
1045 2654 1223 2735 requiritur
1252 2660 1304 2722 est
1332 2657 1484 2722 voluntas
1518 2654 1520 2657 ’

163 2747 308 2810 absoluto
337 2744 389 2808 hio
419 2747 453 2809 et
483 2763 568 2807 nunc
598 2762 754 2825 praesens
777 2762 841 2807 non
865 2743 1004 2826 amplius
1031 2744 1202 2826 peccandi,
1234 2743 1282 2810 ita
1312 2748 1349 2809 ut
1380 2746 1484 2810 nullus

161 2854 257 2899 casus
280 2832 434 2913 nullaque
458 2830 604 2896 condicio
628 2831 801 2909 eximatur,
828 2853 887 2915 pro
911 2854 976 2914 qua
999 2832 1170 2916 paenitens
1193 2833 1349 2917 peccandi
1373 2835 1483 2899 volun-

161 2927 266 2989 tatem
289 2921 447 2995 retineat;
477 2920 606 3004 paucis:
638 2920 776 2984 firmitas
804 2920 1028 3006 depromenti
1050 2921 1250 3005 paenitentis
1273 2922 1484 3007 dispositione
1518 2993 1520 2998 ,

160 3009 371 3092 intellegitur,
396 3031 461 3074 non
485 3009 525 3074 de
549 3009 661 3075 futura
684 3008 876 3075 stabilitate.

249 3109 288 3175 R.
306 3111 336 3174 2.
376 3107 516 3173 Mutatio
539 3107 720 3173 voluntatis
744 3128 802 3172 seu
821 3107 971 3189 relapsus
987 3107 1077 3172 brevi
1095 3113 1228 3173 secutus
1243 3109 1297 3174 vel
1313 3114 1485 3176 secuturus
1519 3138 1520 3194 j

160 3220 225 3264 non
257 3201 309 3262 est
340 3195 524 3262 formaliter
556 3202 671 3262 contra
703 3196 787 3261 hanc
818 3196 1037 3261 condicionem
1069 3197 1229 3280 propositi
1258 3199 1482 3272 essentialem:
1519 3237 1520 3264 r

161 3291 271 3370 potest
301 3290 412 3351 tamen
443 3285 606 3350 defectum
637 3284 780 3350 indicare
804 3286 858 3350 vel
882 3285 1098 3368 suspicionem
1128 3307 1277 3365 movere,
1309 3309 1400 3366 cum,
1433 3289 1484 3370 qui
1514 3250 1518 3318 ⁴

159 3379 295 3460 firmiter
318 3379 478 3458 proponat
502 3378 536 3440 et
559 3378 650 3456 serio,
674 3395 739 3438 non
762 3375 869 3441 soleat
892 3375 973 3440 adeo
999 3375 1063 3440 cito
1087 3375 1230 3452 resilire;
1258 3381 1294 3443 at
1317 3398 1384 3442 non
1407 3387 1487 3443 cerlo

161 3464 318 3530 eiusmodi
341 3463 504 3528 defectum
528 3463 742 3530 demonstrat.

251 3570 289 3635 R.
307 3572 337 3635 3.
376 3569 535 3634 Immone
553 3569 716 3653 praevisio
741 3569 870 3651 quidem
894 3568 1085 3634 confessarii
1107 3570 1285 3653 probabilis
1308 3572 1362 3637 vel
1387 3572 1483 3639 etiam

161 3659 330 3725 moraliter
360 3661 466 3737 certa,
498 3679 561 3740 qua
591 3657 712 3725 iudicet
741 3658 964 3741 paenitentem
994 3659 1198 3741 relapsurum
1228 3681 1317 3737 esse,
1350 3661 1486 3745 impedit

162 3748 239 3830 quin
261 3748 415 3813 voluntas
445 3747 643 3831 paenitentis
666 3767 823 3831 praesens
846 3747 889 3812 sit
913 3752 946 3812 et
975 3747 1136 3814 iudicetur
1159 3749 1360 3816 sufficienter
1383 3753 1483 3816 firma.

162 3838 212 3901 De
242 3858 306 3918 qua
332 3859 368 3901 re
392 3841 486 3904 notat
508 3835 688 3902 Lacroix
718 3837 738 3903 l.
764 3858 791 3901 c.
816 3858 847 3903 n.
875 3838 976 3901 1733:
1012 3836 1077 3914 ,Ut
1107 3837 1278 3921 paenitens
1308 3840 1486 3922 prudenter

161 3925 322 3991 iudicetur
352 3925 473 3990 habere
502 3927 664 3991 sincerum
694 3926 839 3991 dolorem
869 3930 902 3990 et
932 3926 1150 4009 propositum,
1182 3947 1246 3992 non
1270 3933 1323 3994 est
1345 3949 1428 4013 opus
1452 3935 1485 3993 ut

163 4015 316 4081 credatur
338 4037 402 4080 non
426 4015 630 4098 relapsurus,
663 4015 739 4096 quia
762 4015 964 4099 propositum
988 4036 1051 4079 non
1076 4015 1225 4082 consistit
1255 4017 1289 4080 in
1316 4016 1378 4082 hoc
1402 4020 1484 4101 quod

162 4104 333 4189 paenitens
363 4125 428 4168 non
458 4104 502 4168 sit
531 4104 670 4187 amplius
700 4109 912 4187 peccaturus,
944 4104 1000 4168 sed
1028 4103 1060 4168 in
1085 4126 1122 4170 eo
1147 4105 1232 4186 quod
1262 4105 1362 4173 habet
1386 4109 1485 4173 talem

163 4194 368 4260 voluntatem
391 4214 455 4257 non
479 4193 643 4275 peccandi,
668 4198 704 4259 ut
728 4214 800 4257 cum
824 4214 872 4270 ea,
898 4192 1051 4274 quamdiu
1075 4194 1288 4275 permanebit,
1313 4200 1405 4262 stare
1423 4218 1484 4262 non

163 4283 266 4366 possit
296 4283 449 4347 voluntas
479 4282 663 4364 peccandi.“
719 4282 801 4347 Item
833 4304 863 4347 n.
898 4285 999 4346 1822:
1037 4282 1145 4359 ,Sicut
1174 4283 1273 4348 etiam
1304 4285 1336 4351 S.
1370 4285 1486 4352 Petrus

163 4393 227 4436 non
250 4372 322 4436 ideo
346 4371 507 4436 iudicatus
531 4376 581 4437 est
604 4371 815 4455 indispositus
838 4372 881 4436 ad
904 4370 1177 4448 communionem,
1204 4371 1289 4454 quod
1314 4394 1334 4439 a
1357 4375 1486 4440 Christo

163 4461 301 4525 sciretur
336 4461 541 4543 relapsurus,
577 4460 625 4525 ita
658 4481 718 4524 nec
753 4459 1057 4525 consuetudinarios
1093 4461 1272 4525 censendus
1304 4467 1357 4529 est
1388 4464 1487 4529 indis·

163 4549 288 4633 positus
313 4550 354 4614 ad
384 4549 637 4623 absolutionem,
669 4549 819 4630 quamvis
842 4548 1010 4614 moraliter
1034 4549 1157 4615 sciatur
1181 4572 1254 4615 eum
1278 4572 1351 4617 esse
1380 4555 1486 4637 relap-

163 4642 301 4703 surum.“
