3044 5174
609 251 813 306 Sacramentum
832 249 1004 303 matrimonii.

467 464 773 539 MATRIMONH
801 463 1140 539 CONTRAOTUS.

339 644 591 711 CONSENSUS
615 643 887 710 MATRIMONII
910 640 1273 728 CONDICIONATUS.

703 810 813 877 Casus.
834 817 908 885 (255)

230 956 336 1013 Maura
357 974 422 1013 cum
437 954 602 1013 Faustino
593 974 623 1012 m
639 953 865 1013 Transsilvania
885 953 942 1011 init
962 951 1188 1023 matrimonium,
1210 951 1269 1010 hac
1282 951 1367 1010 facta
1381 951 1470 1028 stipu-

140 1035 252 1094 latione
274 1040 308 1094 ut
327 1055 380 1112 pro
402 1054 457 1094 usu
477 1034 657 1094 matrimonii
679 1035 841 1092 Faustinus
868 1053 928 1092 nou
956 1032 1049 1107 eligat
1069 1032 1127 1090 nisi
1150 1031 1213 1090 dies
1242 1031 1281 1089 ad
1303 1031 1471 1108 concipien-

142 1115 210 1174 dum
231 1115 328 1174 minus
349 1120 402 1192 apt
403 1136 446 1185 os,
469 1121 500 1174 et
488 1121 562 1186 t‚ut
584 1115 700 1191 quando
721 1113 912 1174 nihilominus
934 1119 1037 1171 secuta
1006 1111 1150 1171 tfuerit
1171 1111 1338 1188 conceptio,
1360 1112 1419 1172 sibi
1439 1113 1470 1171 li·

142 1200 210 1254 ceat
237 1196 348 1271 prolem
381 1180 510 1254 abiicere
539 1195 605 1254 et
597 1214 628 1253 1n
662 1194 912 1271 orphanotrophio
941 1193 1165 1252 collocare.—-
1196 1193 1362 1251 Faustinus
1391 1211 1471 1265 vero,

141 1274 352 1347 calvinianus,
388 1295 563 1352 persuasum
593 1274 649 1333 sibi
681 1275 771 1333 habet
801 1274 892 1333 licere
921 1273 1158 1344 matrimonium,
1194 1272 1220 1331 si
1252 1274 1331 1331 forte
1363 1273 1471 1331 evadat

141 1355 229 1413 nimis
256 1375 364 1430 grave,
393 1356 556 1414 dissolvere
585 1360 673 1430 atque
701 1355 781 1413 aliud
808 1354 898 1424 inire;
930 1373 1024 1429 neque
1055 1353 1080 1411 si
1111 1352 1291 1412 contrarium
1321 1352 1470 1425 scivisset,

140 1436 358 1494 matrimonium
380 1436 555 1495 contrahere
576 1454 667 1494 ausus
689 1439 778 1494 esset.

141 1539 318 1611 (inuasurus
342 1543 370 1600 1⁰
391 1541 440 1618 qui
461 1542 628 1618 requiratur
649 1560 812 1600 consensus
840 1541 878 1600 ad
904 1539 1120 1600 matrimonium
1141 1559 1244 1599 verum
1273 1541 1470 1600 efficiendum.

342 1633 372 1688 2⁰
392 1630 462 1707 quid
484 1636 623 1707 operetur
644 1650 807 1690 consensus
830 1629 1053 1689 condicionalis.

342 1720 372 1779 3ο
394 1719 472 1778 sitne
492 1720 719 1791 matrimonium,
742 1720 777 1778 de
799 1719 907 1794 quoin
929 1738 1010 1790 casu,
1032 1717 1170 1777 validum.

738 1900 873 1967 Solutio.

77 2066 132 2122 868
229 2045 281 2109 An
304 2046 552 2120 Quans1uuu1⁰¹
575 2044 613 2110 R.
635 2047 661 2108 l.
710 2042 899 2126 Requiritur
923 2047 1000 2108 ante
1025 2042 1133 2107 omnia
1157 2063 1336 2108 consensus
1359 2065 1470 2109 cerus:

139 2154 224 2218 quae
239 2134 341 2215 igitur
357 2133 542 2199 voluntario
559 2137 753 2216 repugnant,
771 2132 871 2196 etiam
888 2136 1073 2216 repugnant
1089 2131 1262 2197 consensui
1278 2152 1343 2212 quo
1355 2153 1470 2197 verum

140 2223 381 2290 matrimonium
406 2222 577 2287 efficiatur.
615 2221 807 2287 Voluntario
824 2225 935 2286 autem
958 2225 1091 2304 praeter
1109 2241 1294 2286 erroreme
1276 2226 1311 2287 et
1335 2225 1469 2299 metum,

140 2313 180 2378 de
210 2313 326 2394 quibus
355 2312 442 2377 inter
471 2310 704 2395 impedimenta
667 2310 921 2376 tdirimentia
950 2331 1057 2374 sermo
1079 2313 1243 2387 recurret,
1274 2311 1470 2395 praeprimis

140 2403 252 2468 obstat
237 2403 337 2485 tfict'
327 2422 366 2466 ιο.
413 2399 519 2476 Quare
543 2401 598 2481 qui
619 2402 688 2483 ficte
711 2399 890 2475 consenti,t
922 2398 984 2464 etsi
1014 2399 1102 2465 fictio
1129 2399 1186 2464 illa
1208 2419 1274 2463 non
1297 2404 1469 2482 appareat,

140 2491 241 2557 efficit
258 2495 294 2555 ut
310 2489 552 2555 matrimonium
576 2489 620 2554 sit
641 2490 786 2570 uallum
813 2449 928 2570 quodsi
958 2488 1023 2553 fict
1000 2492 1046 2553 tro
1068 2488 1127 2552 illa
1150 2488 1255 2571 possit
1279 2490 1413 2570 probari
1436 2495 1470 2555 et

139 2600 175 2644 rc
199 2579 271 2661 ipsa
294 2579 465 2661 probetur,
499 2577 598 2643 etiam
622 2577 656 2642 in
679 2578 750 2642 iuro
775 2583 833 2642 ext
835 2598 913 2642 erno
936 2577 1180 2642 matrimonium
1207 2598 1266 2661 pro
1296 2578 1386 2642 nullo
1411 2578 1470 2643 ha·

140 2669 252 2744 betur;
277 2668 359 2732 alias
382 2667 416 2731 in
439 2669 577 2732 externo
601 2666 672 2731 foro
696 2666 836 2731 habetur
851 2688 910 2749 pro
927 2687 1006 2731 vero
1022 2671 1122 2748 atque
1137 2666 1274 2747 fingenti
1290 2667 1354 2732 erit
1368 2687 1469 2748 gene·

139 2757 238 2823 ratim
262 2757 419 2838 obligatio
443 2755 646 2821 revalidandi
670 2755 878 2820 matrimonii.

229 2855 267 2920 R.
294 2858 323 2921 2.
371 2854 559 2935 Requiritur
582 2874 771 2930 consensus,
795 2853 815 2918 i.
833 2874 860 2918 e.
886 2862 1035 2933 muturrs;
1057 2853 1090 2917 id
1114 2853 1199 2918 enim
1223 2852 1256 2917 in
1280 2853 1368 2918 omni
1392 2875 1470 2918 con·

139 2947 249 3011 tractu
273 2965 331 3009 sno
355 2944 450 3008 modo
474 2943 693 3007 necessarium
718 2947 785 3017 est3
810 2947 910 3024 atque
934 2942 1039 3023 magis
1063 2941 1162 3009 etiam
1178 2942 1212 3006 in
1228 2942 1289 3007 hoc
1305 2943 1469 3009 bilaterali

140 3037 328 3109 contractu,
361 3033 415 3113 qui
444 3032 478 3096 in
508 3037 623 3097 mutua
648 3031 766 3096 iurium
797 3031 975 3097 traditione
999 3036 1033 3097 et
1056 3031 1282 3114 acceptatione
1306 3033 1467 3098 consistit.

141 3123 225 3187 Hinc
249 3122 277 3186 si
301 3121 493 3188 alterutrius
517 3142 694 3186 consensus
718 3120 854 3186 vitiatus
878 3125 946 3198 est,
978 3126 1094 3185 neuter
1124 3122 1276 3186 effectum
1300 3142 1395 3185 suum
1420 3127 1471 3187 est

140 3213 296 3288 sortitum
331 3232 527 3293 quamquam
562 3210 612 3274 ius
644 3215 678 3276 et
711 3210 867 3291 obligatio
900 3230 943 3274 ex
974 3209 1093 3274 iniuria
1125 3210 1178 3274 vel
1214 3210 1332 3275 damno
1367 3210 1469 3276 illatis

141 3301 300 3366 oriuntur.

229 3399 267 3462 n.
286 3400 315 3462 3.
349 3397 539 3478 Requiritur
563 3416 740 3461 consensus
764 3404 930 3460 externus:
953 3395 986 3459 id
1010 3395 1095 3459 enirn
1120 3399 1154 3460 et
1177 3394 1261 3460 ratio
1279 3401 1469 3462 contractus

140 3491 174 3552 et
203 3486 287 3550 ratio
319 3486 516 3551 sacramenti
547 3485 702 3568 postulat.
750 3484 837 3549 Nam
861 3489 1050 3550 contractus
1082 3488 1213 3549 mutuus
1242 3484 1313 3548 fieri
1345 3487 1467 3567 nequit,

139 3575 202 3640 nisi
226 3576 274 3640 alt
260 3580 311 3640 ter
335 3575 382 3640 alt
384 3574 470 3639 erius
489 3576 642 3639 voluntat
590 3578 694 3639 ttem
717 3574 767 3638 int
768 3573 929 3650 allexerit,
954 3575 1001 3639 alt
987 3579 1039 3639 ter
1062 3575 1109 3638 alt
1111 3573 1168 3650 eri,
1192 3572 1269 3674 quid
1293 3575 1469 3641 offeratet

140 3668 301 3747 acceptet
326 3664 479 3729 manifest
466 3663 598 3729 taverit.
630 3663 746 3745 Neque
767 3667 1009 3727 sacramentum
1026 3662 1176 3734 efficitur
1200 3662 1264 3727 nisi
1279 3662 1392 3728 sito
1339 3684 1469 3746 signum

140 3758 322 3830 externum,
348 3756 398 3817 est
422 3756 532 3817 autem
549 3773 724 3817 consensus
741 3773 798 3816 seu
815 3751 1027 3817 contractus
1019 3773 1088 3835 ipse
1104 3755 1363 3829 sacramentum3
1389 3774 1469 3882 ergo

141 3864 317 3909 consensus
340 3841 395 3906 ille
420 3842 517 3907 debet
540 3862 613 3907 esse
637 3845 803 3906 externus.

229 3942 267 4006 R
293 3942 323 4005 4.
371 3938 562 4020 Requiritur
585 3959 762 4003 consensus
787 3940 1010 4023 depraecans
1035 3937 1055 4003 i
1074 3958 1101 4004 e
1119 3938 1159 4002 dc
1176 3943 1388 4023 repraesenta
1412 3962 1469 4005 seu

140 4030 180 4095 de
204 4029 369 4112 praesenti
392 4029 472 4093 iuris
495 4028 671 4094 traditione
695 4033 729 4093 et
752 4027 994 4111 acceptatione:
1019 4027 1162 4109 alioquin
1183 4027 1347 4094 habentur
1370 4050 1469 4112 spon·

139 4119 232 4184 salia.
272 4119 373 4200 quue
398 4119 479 4183 adeo
503 4139 617 4182 verum
641 4122 692 4182 est
716 4121 752 4181 ut
776 4118 876 4182 etiarn
899 4117 932 4180 in
957 4138 1117 4181 consensu
1141 4116 1368 4183 condicionato
1392 4140 1468 4184 con·

138 4208 264 4273 dicione
288 4208 400 4272 futura
423 4207 629 4272 nihilominus
653 4207 806 4271 voluntas
829 4210 905 4272 actu
930 4206 1092 4289 praesenti
1124 4206 1292 4271 declarata
1316 4209 1467 4274 effectum

139 4318 232 4362 suum
256 4298 432 4381 producat,
465 4297 599 4380 impleta
624 4295 826 4373 condicione,
858 4295 1164 4376 matrimoniurnque
1194 4295 1377 4362 constituat
1400 4299 1468 4363 sine

139 4387 205 4452 alia
228 4409 314 4452 nova
338 4386 568 4451 declaratione.
621 4387 676 4450 Tu..
702 4408 741 4452 arr.
767 4386 807 4463 ΙΙ,
834 4387 909 4450 685.

76 4529 130 4585 869
230 4513 281 4574 An
305 4514 559 4585 ousssnuuar
582 4509 620 4575 R
649 4511 677 4574 1.
718 4509 820 4573 Hac
812 4530 845 4572 ιη
870 4530 906 4572 re
930 4508 1159 4610 distinguenda
1183 4513 1235 4574 est
1220 4510 1405 4576 tcondicio
1430 4511 1468 4575 de

140 4599 250 4665 futuro
281 4620 301 4662 a
332 4598 518 4663 condicione
549 4599 620 4662 sive
651 4598 690 4662 de
720 4598 887 4681 praesenti
876 4598 1029 4661 rsive(
1019 4599 1059 4662 de
1087 4602 1182 4681 praet
1184 4598 1277 4664 erit.o
1326 4600 1445 4666 Nam
1437 4621 1467 4664 ru
