3044 5174
163 243 225 346 126
679 277 719 332 De
738 295 775 333 ss.
795 278 966 336 eucharistia.

159 458 234 520 erat
263 454 296 519 in
328 454 519 520 memoriam
549 454 744 538 plenamque
774 454 1017 521 observantiam
1048 454 1153 521 denuo
1184 455 1270 541 apud
1294 476 1409 522 omnes
1433 478 1484 523 re·

160 565 280 610 vocare
304 547 338 608 et
361 549 546 628 opportuna
568 543 702 627 insuper
724 543 893 610 sanctione
916 543 1052 610 munire.

248 640 419 706 Praesenti
442 641 544 724 igitur
567 642 697 707 decreto
721 645 872 707 statuunt
896 645 933 707 ut
955 641 987 706 in
1014 645 1191 729 postemm,
1215 641 1244 707 si
1267 641 1340 724 quis
1363 663 1407 708 ex
1430 664 1482 708 sa·

159 730 318 796 cerdotali
342 731 453 795 ordine
478 735 592 796 contra
615 729 785 796 enuntiata
809 730 942 797 decreta
963 729 1145 812 deliquerit,
1169 731 1375 814 suspensioni
1399 733 1483 798 adi·

158 818 244 883 vinis
261 819 292 887 S.
310 819 385 885 Sedi
408 823 598 885 reservatae
614 824 648 885 et
663 819 734 903 ipso
750 819 840 885 facto
854 819 1069 885 incurrendae
1086 820 1244 886 obnoxius
1260 819 1320 896 sit;
1345 820 1483 887 clericus

159 913 269 973 autem
293 908 475 974 sacerdotio
500 908 640 973 nondum
658 907 805 974 initiatus
829 906 933 972 eidem
957 908 1160 991 suspensioni
1183 909 1291 990 quoad
1311 914 1483 994 susceptos

159 998 290 1062 ordines
321 996 471 1062 similiter
501 997 669 1062 subiaceat
701 1004 735 1062 et
764 997 915 1062 inhabilis
945 1001 1118 1080 praeterea
1140 999 1200 1063 fiat
1231 998 1273 1063 ad
1295 999 1481 1083 superiores

158 1086 288 1151 ordines
310 1085 529 1170 recipiendos;
559 1085 634 1152 laici
665 1086 793 1150 demum
818 1086 1154 1152 excommunicatione
1183 1085 1273 1152 latae
1295 1088 1481 1155 sententiae

157 1175 318 1259 episcopis
341 1180 514 1241 reservata
538 1174 796 1256 obstringuntur.

246 1273 423 1339 Praeterea
446 1294 518 1338 cum
552 1271 758 1355 experientia
791 1270 939 1337 docuerit
968 1272 1057 1336 mala
1087 1293 1170 1353 quae
1201 1272 1416 1354 deplorantur
1439 1295 1480 1338 ex

157 1383 195 1426 eo
228 1361 432 1445 potissimum
456 1361 614 1445 originem
638 1360 789 1443 viresque
812 1360 947 1439 ducere,
976 1361 1062 1443 quod
1085 1360 1119 1426 in
1143 1360 1345 1443 quorundam
1368 1362 1480 1446 priva-

157 1456 265 1517 torum
288 1471 403 1515 manus
432 1451 537 1516 maior
566 1450 740 1515 missarum
769 1470 923 1515 numerus
952 1448 1156 1532 congeritur,
1190 1470 1287 1532 quam
1310 1449 1400 1518 iusta
1423 1473 1480 1517 ue-

157 1540 294 1607 cessitas
318 1540 431 1622 exigit,
455 1540 528 1605 ideo
551 1539 648 1604 iidem
663 1538 717 1604 E¹1¹¹
732 1537 850 1604 Patres
868 1589 875 1604 .
893 1591 900 1606 .
919 1590 927 1604 .
948 1539 1008 1603 sub
1023 1538 1119 1620 gravi
1142 1538 1368 1605 oboedientiae
1383 1562 1479 1624 prae·

158 1634 253 1712 cepto
278 1630 456 1695 decernunt
480 1650 518 1693 ac
541 1628 708 1704 mandant,
733 1626 825 1693 utin
849 1631 1015 1711 posterum
1039 1648 1152 1693 omnes
1174 1632 1209 1694 et
1223 1627 1345 1711 singuli
1360 1628 1479 1712 ubique

156 1717 300 1784 locorum
324 1716 507 1784 beneficiati
531 1723 565 1783 et
587 1716 870 1782 administratores
893 1716 1017 1800 piarum
1042 1737 1214 1782 causarum
1230 1723 1288 1783 aut
1304 1720 1479 1801 utcumque

157 1807 199 1872 ad
221 1807 395 1872 missarum
419 1827 518 1871 onera
541 1805 706 1889 implenda
729 1804 875 1888 obligati,
900 1805 969 1870 sire
993 1805 1204 1871 ecclesiastici
1229 1806 1300 1871 sive
1323 1806 1415 1885 laici,
1446 1807 1479 1872 in

156 1897 220 1960 fine
253 1894 424 1961 cuiuslibet
454 1894 530 1961 anni
565 1894 738 1960 missarum
770 1915 869 1959 onera
909 1914 992 1977 quae
1028 1894 1153 1976 reliqua
1184 1900 1262 1960 sunt
1294 1900 1328 1963 et
1361 1896 1478 1978 quibus

156 1984 296 2050 nondum
321 1983 558 2062 satisfecerint,
588 1983 727 2067 propriis
751 1982 921 2048 ordinariis
944 1983 1079 2049 tradant
1101 1983 1196 2049 iuxta
1219 1982 1348 2049 modum
1373 1985 1416 2051 ab
1438 1985 1478 2050 iis

156 2073 381 2140 definiendum.
415 2072 578 2138 Ordinarii
602 2078 711 2138 autem
735 2076 889 2155 acceptas
912 2071 1083 2137 missarum
1100 2069 1298 2140 intentiones
1323 2095 1397 2138 cum
1420 2075 1477 2139 ad-

155 2184 240 2228 nexo
265 2162 425 2245 stipendio
449 2162 589 2246 primum
605 2161 801 2226 distribuent
816 2161 903 2226 inter
917 2161 1105 2227 sacerdotes
1129 2161 1190 2226 sibi
1208 2161 1373 2228 subiectos
1397 2185 1478 2245 quos

156 2252 202 2317 eis
232 2252 378 2333 indigere
402 2250 568 2328 noverint;
600 2249 682 2316 alias
711 2249 827 2315 deinde
857 2254 915 2315 aut
944 2249 976 2317 S.
1008 2249 1083 2315 Sedi
1113 2255 1171 2316 aut
1200 2251 1274 2315 aliis
1304 2250 1477 2317 ordinariis

156 2340 371 2418 committent,
388 2340 571 2417 autetiam,
589 2339 616 2404 si
633 2339 745 2417 velint,
764 2338 989 2404 sacerdotibus
1004 2338 1142 2404 aliarum
1158 2338 1359 2420 dioeceseon,
1385 2340 1477 2406 dum-

155 2430 250 2494 modo
281 2429 342 2493 sibi
372 2428 441 2494 noti
470 2428 537 2494 sint
566 2429 717 2510 omnique
747 2427 938 2511 exceptione
968 2428 1108 2493 maiores
1138 2433 1173 2494 et
1202 2427 1350 2510 legitima
1379 2429 1476 2496 docu-

155 2522 265 2584 menta
281 2518 381 2583 edant
396 2518 482 2583 inter
498 2519 678 2602 praefixum
690 2521 820 2600 tempus
839 2537 1027 2600 congruum,
1045 2517 1160 2599 quibus
1173 2515 1213 2582 de
1225 2523 1345 2584 exacta
1357 2539 1475 2585 earun-

155 2608 228 2672 dem
251 2607 476 2673 satisfactione
500 2609 657 2673 constet.“

92 2739 144 2792 220
242 2722 282 2788 u.
314 2725 344 2790 2.
390 2721 466 2786 Alia
496 2725 681 2786 mercatura
711 2718 840 2804 proprie
871 2720 959 2785 dicta
994 2741 1064 2785 cum
1101 2718 1271 2803 stipendiis
1301 2722 1474 2788 missarum

153 2811 316 2894 prohibita
340 2814 391 2877 est
413 2832 472 2894 per
500 2809 764 2876 constitutionem
790 2811 1007 2894 ,Apostolicee
1030 2809 1143 2876 Sedis“
1170 2810 1229 2874 sub
1253 2813 1474 2877 excommuni-

154 2899 291 2966 cationis
313 2920 418 2984 poena
439 2900 483 2964 R?
499 2898 648 2964 Pontifici
670 2900 850 2964 reservata.
882 2898 1043 2963 Nimirum
1069 2898 1145 2964 ibid.
1170 2919 1233 2964 ser.
1259 2902 1289 2977 2,
1315 2899 1333 2981 ἕ
1353 2903 1394 2965 12
1418 2923 1474 2966 ex-

153 2985 530 3055 communicatio‘fertur
554 2991 587 3053 irc
611 2989 849 3066 contuentes
873 2989 1033 3073 stipendio
1054 2990 1187 3053 creaioris
1204 2991 1304 3072 pretii
1327 2998 1423 3076 atque
1438 3014 1474 3056 cc

155 3082 195 3144 iis
225 3081 348 3142 lucrum
382 3081 538 3162 capientes
573 3081 687 3141 uliares
718 3078 871 3141 celebrer-i
898 3078 1052 3158 facientes
1079 3099 1138 3162 pro
1169 3079 1325 3161 stipendio
1353 3082 1474 3145 minore

155 3170 187 3231 irc
218 3170 309 3250 locis,
344 3168 398 3232 ubi
429 3167 591 3252 stipendia
623 3168 750 3230 nrinorc
783 3174 930 3230 consueta
964 3175 1052 3230 steort:
1083 3165 1170 3247 quod
1201 3187 1287 3231 nunc
1319 3187 1362 3232 ex
1394 3169 1477 3234 decr.

156 3258 196 3320 13
220 3256 288 3322 lan.
316 3257 400 3321 1892
425 3254 473 3321 ita
497 3255 752 3336 intellegendum
776 3259 828 3318 est
852 3259 889 3319 ut
911 3275 1016 3338 poena
1044 3254 1230 3320 incurratur
1252 3276 1318 3320 non
1340 3260 1478 3332 tantum,

154 3343 182 3409 si
204 3344 324 3408 missae
347 3344 563 3409 celebrandae
583 3348 739 3409 curantur
762 3344 851 3426 alibi,
876 3344 1060 3421 sedetiam,
1084 3344 1112 3409 si
1135 3344 1168 3408 in
1192 3343 1305 3408 eodem
1329 3345 1404 3412 loco
1428 3347 1478 3412 ubi

153 3433 478 3587 sqtssipendiasscogzepta
503 3438 590 3510 sunt,
614 3432 642 3497 si
666 3432 709 3497 ibi
734 3452 862 3514 quoque
885 3438 1041 3498 consueta
1064 3433 1227 3516 stipendia
1243 3438 1320 3500 sunt
1343 3435 1476 3502 minora.

206 3574 213 3588 .
238 3545 278 3591 m.
337 3572 344 3600 ,
438 3574 444 3588 .

91 3652 141 3706 221
242 3637 280 3702 R.
306 3639 335 3702 3.
382 3636 505 3701 Verum
528 3635 725 3720 prohibitum
749 3657 814 3700 non
838 3640 889 3701 est
918 3635 1010 3718 quin,
1035 3637 1089 3719 qui
1114 3658 1196 3702 onus
1219 3635 1251 3701 in
1275 3658 1312 3703 se
1334 3641 1476 3724 suscepit
1514 3651 1516 3655 '

152 3746 212 3809 pro
236 3724 309 3790 aliis
332 3725 495 3808 stipendia
518 3724 691 3807 colligendi
724 3746 827 3806 eaque
850 3725 1106 3791 transmittenda
1130 3728 1240 3804 curat,
1273 3728 1473 3796 moderatam
1510 3732 1516 3863 Ι

154 3814 400 3879 retributionem
424 3813 562 3898 recipiat
584 3835 643 3897 pro
660 3813 813 3897 expensis
828 3815 881 3878 vel
899 3814 1010 3879 labore
1030 3836 1124 3896 quem
1141 3815 1354 3899 impenderit:
1380 3819 1474 3883 adeo·

154 3924 216 3984 que
240 3905 295 3967 boc
318 3906 406 3968 titulo
434 3903 556 3984 aliquid
587 3924 629 3968 ex
660 3902 829 3986 stipendiis
861 3902 1006 3969 collectis
1030 3905 1204 3969 detrahere
1236 3925 1301 3969 non
1326 3912 1474 3973 censetur
1512 3894 1516 3989 Ι

152 3991 317 4068 illicitum,
351 3991 496 4056 simodo
520 3992 870 4057 numerusmissarum
895 3993 1162 4058 celebrandarum
1186 4014 1250 4057 non
1274 3993 1471 4063 diminuitur.
1513 4004 1515 4013 ’

154 4081 245 4158 Quod
268 4085 380 4147 tamen
403 4081 536 4147 extendi
561 4081 673 4163 nequit
696 4081 738 4146 ad
769 4101 842 4145 eum
875 4081 929 4162 qui
953 4082 1115 4164 stipendia
1138 4082 1312 4147 missarum
1336 4085 1400 4150 sibi
1423 4106 1472 4151 ac·

154 4174 287 4253 ceperat
317 4190 419 4251 eaque
450 4169 582 4247 deinde,
613 4175 650 4237 ut
680 4169 749 4252 ipse
772 4170 814 4234 ab
838 4192 935 4235 onere
959 4171 1143 4236 celebrandi
1166 4172 1349 4252 relevetur,
1382 4173 1471 4242 alteri

153 4258 336 4325 committit.
384 4258 416 4327 S.
440 4259 557 4343 Alph.
582 4260 638 4337 VI,
664 4261 738 4336 322,
764 4259 837 4326 dub.
863 4262 898 4335 3;
928 4262 984 4327 ΤΙι.
1009 4284 1049 4326 ro.
1074 4260 1114 4338 II,
1141 4263 1214 4326 204.

92 4372 143 4424 222
240 4356 356 4438 Neque
385 4356 549 4438 prohibita
577 4361 628 4422 est
651 4359 804 4442 precelibet
832 4357 1066 4441 stipendiorum
1089 4358 1262 4423 missarum
1286 4380 1360 4424 cum
1385 4360 1471 4426 libris
1509 4343 1513 4450 l

153 4445 267 4510 aliisve
291 4444 451 4511 mercibus
479 4447 706 4523 commutatm,
735 4446 792 4510 sed
823 4467 862 4511 ea
885 4451 1013 4512 tantum
1039 4468 1122 4528 quae
1152 4447 1184 4511 in
1209 4447 1341 4514 decreto
1369 4452 1469 4533 „Vipi-

152 4537 249 4600 louli“
278 4533 463 4601 decribitnr.

240 4631 276 4694 ln
301 4631 385 4696 hunc
408 4653 538 4697 sensum
563 4633 664 4698 habes
687 4654 844 4715 responsa
868 4632 899 4698 S.
924 4633 956 4698 C.
981 4632 1013 4697 0.
1040 4636 1081 4697 24
1105 4633 1183 4716 Apr.
1212 4634 1315 4700 1874:
