3044 5174
139 315 204 380 506
607 309 812 365 Sacramentum
831 309 1005 364 matrimonii.

139 490 245 572 quoad
269 488 471 555 matrimonii
492 489 640 555 valorem
663 489 920 566 incommodum,
952 487 1071 572 quippe
1095 489 1180 570 quod
1203 488 1302 554 facile
1326 489 1472 554 validum

138 578 290 644 videatur
319 578 391 643 fieri
421 578 540 644 saltem
570 600 629 662 per
658 578 911 659 subsequentem
934 578 1161 661 putativorum
1192 577 1387 661 coniugum.
1419 579 1473 644 vel

138 667 239 733 solius
263 667 393 744 uxoris,
424 667 563 733 tacitum
587 688 780 732 consensum
812 667 922 749 quiin
946 666 1092 749 quolibet
1122 672 1198 734 actu
1222 667 1390 750 coniugali
1412 668 1472 732 im-

138 756 251 841 plicite
274 757 492 823 contineatur.
539 756 589 822 De
613 761 723 822 cetero
748 756 790 823 cf.
820 757 876 822 Tb.
901 779 942 822 m.
967 756 1009 834 ΙΙ,
1034 759 1099 822 823
1115 777 1164 838 sq.

76 891 128 945 878
228 880 281 944 Ac
297 900 489 956 oneremur
507 882 545 943 2¹¹¹
560 880 600 946 R.
620 881 648 945 1.
688 879 752 944 Per
774 879 995 962 ignorantiam
1019 879 1065 944 rei
1090 878 1343 945 matrimonialis
1364 879 1471 944 Ludo-

138 968 223 1047 vioa,
243 968 391 1050 rigorose
414 968 587 1050 loquendo,
612 968 662 1033 ius
685 969 809 1033 nullum
834 968 983 1050 acquirit,
1008 967 1070 1033 nisi
1094 967 1181 1034 forte
1204 967 1296 1033 dicas
1319 968 1372 1033 ius
1397 991 1471 1034 oon-

138 1057 285 1140 fugiendi
315 1058 357 1122 ad
389 1058 420 1123 S.
452 1057 568 1123 Sedem
599 1077 736 1140 eamque
764 1058 942 1122 remedium
973 1057 1121 1140 rogandi.
1168 1056 1261 1133 Quod
1294 1057 1471 1140 aliquando

138 1147 171 1213 in
207 1147 267 1212 tali
302 1167 380 1212 casu
415 1146 513 1213 datur
542 1167 603 1231 per
632 1147 827 1213 solutionem
863 1147 1061 1212 matrimonii
1100 1146 1183 1225 rati,
1219 1148 1363 1212 nondum
1397 1168 1472 1212 con-

138 1235 304 1302 summati.

227 1343 267 1410 R.
285 1345 315 1408 2.
347 1342 471 1407 Verum
488 1341 655 1407 Ludovioa
679 1364 699 1408 a
722 1347 880 1408 communi
895 1346 966 1408 iore
989 1363 1056 1407 non
1071 1342 1266 1420 excluditur,
1291 1343 1471 1407 secundum

139 1432 225 1515 quod
249 1431 327 1497 licet
349 1452 409 1515 pcr
432 1431 588 1498 bimestre
611 1430 815 1513 coniugalem
840 1432 943 1498 vitam
967 1431 1113 1508 differre,
1144 1436 1182 1498 ut
1204 1431 1245 1497 dc
1269 1432 1473 1515 capessenda

138 1522 210 1587 vita
241 1520 437 1605 perfectiore
467 1520 501 1586 in
532 1520 684 1602 religioso
711 1521 822 1587 ordine
846 1521 1054 1587 deliberetur.
1101 1520 1261 1602 Ideoque,
1294 1526 1472 1603 antequam

138 1609 382 1677 matrimonium
407 1610 525 1693 copula
548 1610 672 1676 cernuli
695 1609 796 1675 fuerit
812 1614 1082 1688 consummatum,
1106 1609 1273 1675 Ludovioa
1296 1609 1348 1675 ius
1373 1611 1473 1676 habet

138 1700 354 1765 assumendae
371 1698 460 1764 vitae
476 1698 649 1780 religiosae
674 1698 807 1781 eiusque
832 1699 1092 1782 experimentum
1115 1698 1226 1764 facere
1248 1698 1282 1763 in
1306 1701 1471 1765 novitiatu

138 1788 261 1853 ordinis
284 1788 429 1870 religiosi
453 1809 474 1854 a
497 1789 530 1854 S.
554 1788 637 1853 Sede
661 1788 844 1871 approbati.

226 1895 265 1961 R.
291 1899 321 1963 3.
354 1894 416 1960 Sed
441 1894 594 1976 quoniam
617 1894 785 1975 ingressus
806 1894 839 1958 in
856 1894 959 1959 solam
975 1892 1162 1974 religiosam
1180 1895 1470 1978 congregationem

137 2005 201 2048 non
226 1984 340 2049 codem
363 1982 459 2048 modo
484 2004 547 2065 quo
569 1983 738 2066 ingressus
768 1982 801 2047 in
826 1983 971 2048 ordinem
995 1982 1184 2065 religiosum
1208 1983 1324 2049 stricte
1349 1983 1472 2049 dictum

137 2073 302 2138 vinculum
327 2072 566 2138 matrimoniale
589 2072 690 2138 solvit
710 2092 766 2137 scu
784 2077 986 2155 compertam
1001 2073 1043 2137 ad
1059 2072 1233 2137 ineundum
1251 2073 1340 2138 aliud
1355 2073 1472 2139 matri·

137 2163 281 2227 monium
309 2161 446 2226 liberum
476 2161 600 2227 reddit:
631 2161 811 2227 consultius
835 2165 887 2227 est
914 2161 1004 2227 adire
1028 2161 1060 2227 S.
1085 2161 1201 2227 Sedem
1232 2161 1325 2239 ilico,
1358 2166 1412 2238 ut,
1445 2162 1471 2226 si

137 2251 304 2317 Ludovioa
327 2271 363 2315 re
386 2249 458 2333 ipsa
481 2250 609 2316 mavult
631 2250 817 2332 religiosam
842 2250 945 2316 vitam
970 2251 1142 2334 amplecti,
1173 2251 1204 2317 S.
1229 2251 1332 2316 Sedes
1355 2251 1471 2317 statim

138 2340 247 2406 solvat
271 2339 512 2405 matrimonium
539 2346 665 2416 ratum,
696 2340 839 2404 nondum
869 2344 1145 2419 consummatum,
1180 2340 1266 2422 quod
1290 2340 1375 2406 alias
1402 2340 1473 2405 sola

139 2429 288 2495 sollemni
312 2433 464 2494 votorum
488 2428 692 2512 professione
714 2429 864 2495 solvitur.

77 2565 129 2621 879
229 2552 281 2616 Ao
305 2572 496 2628 Qunrsrrnrr
521 2555 560 2616 3¹n
580 2552 618 2617 R.
642 2554 671 2619 1.
719 2552 778 2616 Vir
801 2556 878 2618 ante
908 2552 1050 2618 solutum
1082 2552 1281 2618 matrimonii
1304 2552 1471 2618 vinculum

139 2662 198 2725 per
221 2641 456 2724 professionem
480 2644 658 2706 sollemnem
682 2641 795 2723 nequit
825 2662 945 2707 novum
977 2641 1220 2707 matrimonium
1243 2641 1344 2719 inire,
1377 2642 1472 2724 eique

138 2731 318 2795 necessitas
335 2730 548 2813 exspectandi
564 2729 742 2813 imponitur
757 2752 833 2794 num
851 2751 886 2795 re
901 2730 974 2814 ipsa
986 2730 1151 2796 Ludovioa
1163 2751 1223 2814 per
1233 2729 1471 2814 professionem

138 2823 262 2885 statum
279 2819 466 2902 religiosum
483 2822 639 2886 assumat.
672 2819 842 2896 Quodnisi
862 2822 922 2885 fiat
945 2841 1050 2901 neque
1066 2842 1212 2886 summus
1235 2821 1388 2903 pontifex
1411 2841 1470 2885 sua

139 2908 338 2975 auctoritate
362 2908 604 2973 matrimonium
629 2909 714 2990 quod
738 2914 846 2974 ratum
862 2913 992 2975 tantum
1013 2912 1064 2973 est
1080 2910 1198 2987 solvat,
1222 2909 1394 2975 Ludovioa
1417 2931 1470 2975 co·

138 2999 246 3081 genda
270 3002 322 3064 est
343 3002 381 3063 ut
404 2998 520 3064 redeat
543 3002 577 3063 et
600 2997 702 3063 vitam
727 2998 826 3063 ducat
849 2998 1063 3080 coniugalem.

226 3104 266 3169 R.
301 3107 331 3170 2.
378 3103 555 3181 Attamen,
592 3102 654 3167 nisi
688 3125 709 3168 a
744 3103 775 3170 S.
810 3104 893 3170 Sede
928 3125 981 3169 res
1017 3104 1112 3171 citius
1148 3110 1385 3187 componatur,
1421 3103 1469 3167 vir

138 3193 305 3277 postulare
335 3195 447 3276 potest
475 3198 529 3270 ut,
561 3196 679 3257 exacto
710 3193 805 3257 unius
836 3193 913 3257 anni
943 3193 1124 3271 novitiatu,
1156 3194 1324 3258 Ludovioa
1355 3193 1467 3260 autin

138 3281 245 3347 stricti
269 3282 408 3347 nominis
432 3282 545 3347 ordine
575 3282 779 3347 sollemniter
803 3283 998 3365 profiteatur
1020 3287 1120 3365 atque
1153 3282 1201 3348 ita
1224 3283 1467 3348 matrimonium

138 3373 256 3445 solvat,
282 3375 340 3436 aut
370 3371 503 3453 expleto
534 3392 620 3436 anno
651 3371 693 3436 ad
723 3392 759 3435 se
788 3371 912 3438 redeat.
960 3372 1096 3438 Interim
1121 3377 1231 3437 autem
1255 3371 1374 3437 mulier
1399 3370 1466 3454 cogi

139 3460 262 3541 nequii.

76 3596 128 3652 880
228 3585 280 3648 An
297 3604 488 3659 Qunssrrunr
505 3589 544 3648 4¹⁰
567 3584 606 3651 R.
626 3587 654 3650 1.
702 3583 861 3649 Rationes
884 3589 954 3650 tum
979 3605 1021 3648 cx
1044 3589 1140 3667 parte
1163 3583 1307 3649 mulieris
1332 3587 1404 3649 tum
1429 3605 1467 3649 ex

138 3677 232 3756 parte
263 3672 341 3749 viri,
374 3694 415 3736 ne
445 3673 566 3739 diutius
596 3679 751 3739 teneatur
773 3673 877 3740 vitam
907 3672 1063 3738 caelibem
1095 3673 1229 3751 ducere,
1261 3673 1405 3740 suadent
1435 3677 1467 3738 ut

138 3761 170 3827 S.
196 3762 296 3826 Sedes
320 3761 459 3827 adeatur
481 3784 541 3847 pro
564 3763 727 3827 solutione
750 3761 871 3827 vinculi
898 3762 1097 3828 matrimonii
1120 3763 1196 3840 rati,
1227 3763 1371 3827 nondum
1397 3785 1467 3828 oon·

137 3851 302 3917 summati.

227 3957 266 4024 R.
292 3959 321 4022 2.
369 3956 472 4021 Iudex
496 3956 738 4024 ecclesiasticus
761 3955 873 4040 igitur,
898 3957 926 4022 si
943 3957 974 4023 S.
993 3958 1094 4024 Sedes
1117 3980 1182 4023 non
1207 3957 1326 4035 aditur,
1351 3979 1468 4041 cogere

137 4046 250 4127 nequit
280 4045 478 4111 Ludovioam
515 4051 553 4112 ut
591 4047 633 4111 ad
663 4046 768 4111 virum
801 4047 932 4123 redeat3
964 4051 1112 4113 attamen
1143 4068 1261 4130 cogere
1291 4050 1405 4131 potest
1435 4051 1468 4112 ut

137 4135 396 4218 experimentum
427 4139 537 4201 sumat
566 4135 689 4200 ordinis
718 4135 834 4202 stricte
865 4135 959 4214 dicti,
995 4158 1058 4218 quo
1088 4136 1157 4201 fieri
1192 4135 1297 4220 possit
1327 4142 1366 4204 ut
1396 4141 1468 4222 post

137 4245 258 4289 annum
281 4245 342 4308 per
365 4225 555 4290 sollemnem
579 4224 815 4308 professionem
839 4225 1081 4291 matrimonium
1105 4227 1263 4292 solvatur.

227 4330 265 4395 R.
291 4333 321 4395 3.
369 4330 490 4406 Quodsi
514 4331 545 4395 S.
565 4330 674 4408 Sedes,
699 4352 763 4395 non
787 4335 982 4414 exspectata
1005 4332 1191 4398 Ludovicae
1214 4332 1371 4414 religiosa
1395 4353 1467 4417 pro-

137 4418 279 4483 fessione
303 4419 355 4483 vel
380 4419 412 4483 in
437 4419 594 4502 religione
618 4420 882 4503 perseverantia,
908 4421 1151 4486 matrimonium
1175 4422 1301 4497 solvat,
1328 4423 1415 4489 solet
1437 4422 1466 4486 in

138 4507 235 4572 simili
259 4529 337 4572 casu
363 4508 482 4573 addere
506 4509 756 4592 prohibitionem
780 4530 821 4573 ne
837 4509 954 4574 mulier
976 4510 1081 4593 possit
1104 4510 1137 4574 in
1161 4516 1331 4594 posterum
1354 4511 1466 4578 matri·

139 4597 280 4660 monium
305 4618 425 4662 novum
449 4597 531 4663 inire
554 4599 624 4662 sine
649 4598 770 4662 Sacrae
794 4599 910 4681 Congr.
937 4599 1029 4665 Rom.
1054 4599 1253 4668 interventu.
