3044 5174
145 279 210 349 374
488 273 696 330 Sacramentum
714 274 905 345 paenitentiae.
924 305 958 317 -
978 274 1130 347 appendix.

144 455 243 518 dunt:
267 452 383 535 quodsi
405 473 468 518 non
494 457 584 519 certo
608 452 796 529 excludunt,
821 452 916 518 favor
938 452 1003 530 ille,
1028 457 1143 537 utpote
1166 454 1256 520 latae
1270 453 1473 538 interpreta-

143 542 253 620 tionis,
277 541 422 625 practice
445 541 493 607 ita
515 542 662 625 intellegi
686 542 720 607 in
743 542 888 624 quolibet
910 542 1051 607 iubilaeo
1074 545 1148 608 tuto
1170 545 1298 627 potest,
1323 564 1385 626 pro
1410 564 1472 626 quo

145 631 210 696 alia
240 652 305 696 non
335 632 394 697 fiat
423 631 616 697 authentica
643 631 818 697 restrictio.
862 632 918 697 Tb.
950 655 989 698 m.
1022 631 1069 709 ΙΙ,
1101 633 1183 708 555;
1213 631 1473 699 d’Annibale

145 724 223 785 tom.
242 721 266 809 l,
288 742 320 787 u.
338 721 402 786 348
427 719 490 801 (ed.
509 721 560 801 3);
584 720 632 785 ita
656 719 755 786 etiam
771 719 1079 786 Bellen-Palm.
1103 721 1125 786 l.
1143 741 1169 787 c.
1187 742 1218 787 n.
1238 723 1296 797 72;
1322 726 1357 788 et
1382 722 1471 788 auth.

146 810 325 875 declaratio
349 830 408 894 pro
432 807 572 875 iubilaeo
595 808 671 874 anui
698 811 781 875 1901
808 812 904 876 Anat.
929 809 999 874 eccl.
1024 808 1081 887 IX,
1106 811 1159 876 35.

236 898 321 962 Hinc
352 902 442 963 recte
474 897 574 963 Lucia
606 896 733 963 absolvi
765 899 870 962 denuo
905 901 1037 982 poterat
1071 919 1092 964 a
1126 919 1265 964 censura
1300 901 1475 965 contracta

145 992 281 1070 propter
303 986 538 1071 professionem
561 985 747 1052 haereticae
770 990 898 1065 sectae,
929 991 966 1052 ut
989 1008 1074 1052 nunc
1105 987 1234 1052 demum
1264 986 1372 1070 prima
1403 987 1474 1055 vioe

145 1076 321 1141 iubilaeum
345 1079 457 1159 posset
479 1075 616 1140 lucrari:
650 1076 676 1142 si
708 1080 818 1142 autern
848 1076 1010 1157 agebatur
1040 1076 1079 1142 de
1108 1075 1249 1142 iubilaeo
1272 1097 1360 1142 anno
1390 1079 1474 1145 1900

146 1164 179 1228 vi
198 1164 314 1230 Bullae
330 1167 462 1230 Aeterni
476 1165 622 1230 Pastoris
645 1165 811 1242 lucrando,
835 1164 1055 1230 necessarium
1079 1170 1153 1231 erat
1175 1169 1212 1231 ut
1234 1165 1293 1231 illa
1317 1165 1475 1232 adhaesio

145 1253 187 1319 ad
212 1252 516 1337 protestantismum
540 1273 605 1318 non
628 1257 715 1320 esset
739 1253 923 1321 exanimo.
956 1254 1041 1320 Dein
1064 1254 1162 1320 adde:
1186 1254 1236 1321 ita
1258 1253 1392 1337 quidem
1416 1256 1474 1321 ab·

146 1342 230 1408 solvi
260 1342 394 1408 Luciam
426 1342 587 1426 potuisse,
621 1342 649 1407 si
681 1343 785 1408 solum
815 1347 987 1426 peccatum
1018 1346 1055 1408 ut
1083 1342 1116 1407 in
1146 1342 1219 1409 foro
1251 1343 1474 1411 conscientiae

146 1432 299 1496 luendum
330 1431 528 1496 consideras.
575 1431 697 1496 Verum
727 1431 942 1498 communiter
971 1431 1049 1498 talis
1080 1433 1122 1498 ad
1155 1431 1358 1498 acatholicos
1392 1433 1475 1499 ritus

146 1520 289 1585 accessio
314 1519 513 1586 estfactum
537 1520 711 1603 publicum,
736 1541 799 1602 quo
823 1520 953 1604 publica
976 1522 1013 1587 fit
1036 1520 1141 1586 falsae
1164 1526 1276 1589 sectae
1299 1521 1473 1606 professio.

146 1609 236 1686 Quae
258 1609 434 1676 retractari
457 1609 657 1675 sufficienter·
687 1608 815 1692 nequit,
847 1609 907 1675 nisi
940 1611 1039 1675 etiam
1069 1610 1198 1695 publice
1226 1612 1286 1678 fiat
1316 1610 1357 1677 de
1388 1632 1474 1678 novo

145 1698 305 1781 professio
329 1697 492 1765 catholica
516 1700 551 1763 et
573 1697 702 1782 publica
726 1719 798 1763 cum
822 1697 971 1764 Ecclesia
995 1698 1227 1766 reconciliatio.
1263 1699 1474 1767 Solummodo

146 1786 174 1852 si
198 1787 305 1853 resin
330 1809 451 1871 magna
475 1787 555 1852 urbe
578 1788 753 1854 mansisset
776 1787 850 1853 aliis
872 1787 1040 1869 incognita
1064 1788 1211 1871 adeoque
1234 1789 1385 1867 occulta,
1410 1811 1473 1856 nou

146 1898 230 1958 nego
254 1877 325 1943 fieri
347 1898 444 1960 posse
467 1881 505 1943 ut
527 1880 633 1942 totum
657 1876 824 1959 negotium
839 1875 872 1940 in
888 1877 958 1942 solo
975 1877 1046 1942 foro
1062 1878 1282 1943 conscientiae
1299 1899 1472 1962 compone-

145 1970 246 2032 retur.
295 1966 328 2031 Si
350 1966 452 2049 igitur
476 1965 633 2030 eiusmodi
657 1965 923 2032 circumstantiae
947 1970 1041 2032 erant
1063 1965 1098 2031 in
1122 1987 1222 2033 causa
1240 1966 1372 2043 Lucios,
1398 1989 1473 2033 con·

145 2055 304 2120 fessarius
319 2059 410 2121 recte
427 2053 511 2138 egit3
531 2055 614 2119 alias
631 2055 771 2121 debebat
786 2075 856 2120 rem
872 2055 999 2139 publice
1016 2058 1163 2121 tractare
1178 2059 1279 2139 atque
1294 2058 1472 2123 secundum

147 2144 312 2209 Ordinam‘i
335 2145 385 2210 sui
409 2143 622 2228 praescripta.

82 2251 136 2306 657
236 2233 274 2299 It.
300 2237 330 2300 4.
363 2232 477 2311 Quoad
500 2231 788 2298 commutationem
812 2231 880 2298 voti
904 2233 993 2297 nulla
1018 2235 1106 2297 esset
1130 2232 1318 2311 difficultas,
1342 2234 1373 2298 si
1396 2255 1472 2317 age·

145 2326 238 2389 retur
267 2322 308 2388 de
338 2327 433 2398 voto,
465 2323 551 2405 quod
573 2321 704 2387 Amalia
735 2325 812 2386 ante
841 2325 971 2403 tempus
1000 2320 1130 2387 iubilaei
1162 2322 1215 2388 vel
1246 2323 1365 2388 saltem
1398 2329 1471 2390 aute

146 2412 284 2495 primam
307 2411 397 2476 illam
422 2411 536 2488 vicem,
562 2431 626 2491 qua
649 2410 823 2476 iubilaeum
847 2410 976 2476 lucrata
999 2415 1066 2487 est,
1091 2411 1263 2478 emisisset.
1311 2411 1365 2477 Ad
1389 2413 1469 2478 eius·

146 2501 231 2565 modi
257 2501 544 2566 commutationem
570 2499 779 2565 obtinendam
803 2500 853 2563 ius
877 2499 1113 2581 quodammodo
1138 2500 1313 2583 acquisivit
1332 2503 1470 2585 eoquod

146 2610 246 2672 opera
269 2589 310 2654 ad
338 2589 529 2654 lucrandum
559 2589 733 2654 iubilaeum
764 2590 968 2673 praescripta
994 2589 1207 2672 praestiterit.
1254 2589 1380 2667 Quare,
1412 2591 1468 2656 etsi

145 2678 178 2742 in
203 2678 260 2743 illa
284 2677 487 2744 confessione
511 2677 580 2743 eius
603 2676 867 2743 commutationis
889 2678 1051 2762 petendae
1074 2698 1199 2744 memor
1221 2699 1286 2743 non
1303 2678 1405 2746 fuerit
1422 2681 1469 2745 vel
1510 2679 1512 2703 '

147 2789 258 2833 curam
282 2789 347 2832 non
371 2766 532 2845 habuerit,
557 2770 667 2832 tamen
692 2772 807 2850 postea
832 2787 902 2831 eam
927 2769 1038 2851 potest
1062 2787 1081 2831 a
1105 2766 1251 2849 quolibet
1271 2768 1468 2834 confessario

147 2857 304 2934 obtinere,
334 2857 432 2922 etiam
458 2878 522 2922 non
546 2855 676 2923 iteratis
700 2856 773 2921 aliis
797 2855 949 2939 operibus
972 2855 1184 2939 praescriptis
1208 2855 1250 2921 ad
1272 2856 1395 2923 iterum
1419 2879 1467 2923 ac-

147 2946 338 3028 quirendam
361 2945 492 3012 iubilaei
516 2945 763 3027 indulgentiam,
787 2945 845 3009 sed
869 2945 939 3009 sola
963 2946 1157 3027 confessicae
1172 2945 1417 3024 sacramentali,
1440 2946 1468 3011 in

147 3056 211 3118 qua
235 3035 446 3101 commutatio
470 3036 527 3102 illa
550 3037 618 3101 fiat.
650 3034 765 3116 Neque
789 3038 901 3099 tamen
924 3033 965 3098 ab
982 3032 1042 3098 hoc
1058 3034 1214 3100 beneficio
1231 3035 1467 3111 excluderetur,

147 3122 177 3189 si
199 3124 285 3190 forte
309 3125 349 3188 ob
374 3125 515 3207 aliquam
540 3145 672 3189 causam
697 3123 816 3189 absolvi
838 3145 901 3188 non
924 3126 1045 3207 posset.
1079 3123 1191 3200 lmmo,
1216 3122 1317 3189 etiam
1340 3123 1467 3191 iubilaei

146 3219 293 3297 tempore
318 3213 438 3297 elaps0,
462 3214 546 3279 hanc
570 3213 856 3278 commutationem
880 3211 985 3276 adhuc
1006 3216 1120 3296 petere
1136 3216 1170 3278 et
1186 3212 1336 3279 obtinere
1351 3219 1467 3298 potest.

147 3303 237 3367 Haec
261 3307 371 3368 tamen
396 3303 484 3369 dicta
507 3324 579 3367 esse
602 3302 772 3384 intellege,
803 3301 865 3366 nisi
896 3302 948 3365 vel
977 3305 1053 3385 post
1083 3305 1212 3386 tempus
1238 3301 1390 3383 iubilaei,
1421 3303 1467 3369 vel

147 3396 222 3475 post
259 3393 428 3457 obtentam
465 3392 595 3457 iubilaei
631 3390 867 3474 indulgentiam
900 3396 1013 3457 votum
1045 3390 1146 3456 fuerit
1178 3397 1386 3458 renovatum.
1437 3395 1469 3457 ln

146 3480 254 3564 priore
277 3480 500 3565 suppositione
524 3486 648 3547 certum
673 3484 725 3546 est
741 3480 902 3546 Amaliam
927 3479 1055 3546 ratione
1071 3479 1243 3563 praeteriti
1258 3479 1394 3547 iubilaei
1410 3504 1469 3548 non

147 3569 286 3652 amplius
310 3591 406 3653 posse
425 3571 711 3635 commutationem
729 3569 796 3635 voti
814 3568 976 3644 obtinere;
1001 3568 1032 3633 in
1050 3569 1232 3652 posteriore
1248 3570 1469 3654 suppositione

147 3659 271 3723 valebit
295 3658 471 3741 probabilis
493 3659 721 3742 interpretatio
746 3680 842 3741 quam
867 3659 1004 3724 daturus
1027 3678 1098 3722 sum
1121 3657 1154 3723 iu
1177 3658 1217 3724 R.
1234 3660 1265 3735 5,
1289 3659 1319 3723 si
1343 3662 1469 3743 quando

146 3747 279 3812 iubilaei
302 3747 505 3829 indulgentia
527 3749 658 3832 saepius
682 3747 805 3829 acquiri
828 3747 932 3831 possit
955 3751 990 3811 et
1013 3745 1164 3830 repetitis
1193 3746 1346 3830 operibus
1378 3771 1469 3834 prae·

146 3837 277 3921 scriptis
307 3837 411 3902 denuo
442 3837 639 3921 acquiratur.
685 3838 733 3903 ef.
769 3838 825 3904 Tb.
855 3860 894 3902 m.
927 3836 974 3914 ΙΙ,
1006 3838 1081 3902 552.
1121 3836 1153 3902 S.
1186 3836 1390 3920 Alphons.
1418 3840 1468 3916 Vl,

146 3949 178 3993 n.
204 3929 279 4003 537,
303 3949 333 4008 q.
358 3926 414 3991 IV.

83 4037 137 4092 658
236 4017 275 4083 R.
293 4019 322 4081 5.
355 4016 433 4080 Cum
455 4015 557 4097 igitur
573 4015 703 4081 Amalia
726 4020 838 4081 votum
862 4014 952 4092 illud,
976 4017 1152 4096 postquam
1175 4015 1306 4080 lucrata
1321 4019 1376 4081 est
1391 4016 1470 4081 iubi-

146 4106 271 4182 laeum,
296 4105 421 4170 emisit:
451 4104 586 4186 gravior
608 4106 713 4170 oritur
735 4104 921 4170 difficultas.
968 4102 1045 4168 Sine
1069 4102 1166 4167 dubio
1189 4107 1303 4185 posset
1333 4105 1471 4172 durante

146 4193 296 4271 iubilae0‚
321 4194 389 4259 voti
414 4193 513 4260 etiam
538 4198 613 4277 post
632 4193 731 4257 semel
747 4192 940 4274 acquisitam
957 4191 1088 4256 iubilaei
1106 4191 1346 4274 indulgentiam
1363 4194 1470 4260 emissi

147 4282 434 4349 commutationem
459 4283 615 4356 obtinere,
641 4283 768 4363 quando
792 4282 912 4348 iterato
929 4281 1053 4362 acquiri
1069 4280 1127 4346 illa
1141 4280 1346 4364 indulgentia
1363 4287 1470 4368 potest

147 4378 246 4454 atque
270 4394 342 4437 eam
367 4373 497 4437 Amalia
520 4392 578 4454 per
600 4371 722 4436 iterata
746 4393 845 4455 opera
875 4370 1080 4455 praescripta
1109 4370 1230 4436 lucrari
1260 4376 1383 4455 parata
1414 4379 1468 4448 est,

147 4462 175 4525 si
194 4465 305 4546 prima
328 4466 392 4526 vire
415 4464 501 4525 nullo
522 4462 635 4543 fucore
658 4483 781 4527 cancro
806 4469 850 4526 est
872 4484 942 4527 aaa.
976 4461 1039 4525 Sed
1062 4459 1139 4542 quia
1163 4481 1227 4525 uno
1250 4459 1380 4539 favore,
1405 4463 1425 4529 i.
1445 4483 1468 4528 e.

148 4550 351 4616 absolutione
374 4572 394 4615 a
418 4549 605 4626 reservatis,
629 4549 693 4613 iam
719 4572 776 4615 usa
800 4557 861 4626 est,
886 4549 990 4615 videri
1013 4553 1124 4631 potest
1138 4548 1282 4614 facultas
1298 4551 1468 4628 exhausta,

147 4661 220 4704 cum
243 4639 374 4722 saepius
398 4639 598 4705 declaratum
623 4640 676 4719 sit,
701 4641 800 4705 semel
824 4645 953 4706 tantum
978 4638 1118 4719 aliquem
1142 4637 1312 4704 favoribus
1336 4640 1470 4708 annexis
