<?xml version="1.0" encoding="UTF-8"?>
<!DOCTYPE html PUBLIC "-//W3C//DTD XHTML 1.0 Transitional//EN"
    "http://www.w3.org/TR/xhtml1/DTD/xhtml1-transitional.dtd">
<html xmlns="http://www.w3.org/1999/xhtml" xml:lang="en" lang="en">
 <head>
  <title>
</title>
<meta http-equiv="Content-Type" content="text/html;charset=utf-8" />
  <meta name='ocr-system' content='tesseract 3.04.00' />
  <meta name='ocr-capabilities' content='ocr_page ocr_carea ocr_par ocr_line ocrx_word'/>
</head>
<body>
  <div class='ocr_page' id='page_1' title='image "./casusconscienti00lehmgoog_0025.png"; bbox 0 0 3044 5174; ppageno 0'>
   <div class='ocr_carea' id='block_1_1' title="bbox 228 292 1362 365">
    <p class='ocr_par' dir='ltr' id='par_1_1' title="bbox 228 292 1362 365">
     <span class='ocr_line' id='line_1_1' title="bbox 228 292 1362 365; baseline 0.002 -18"><span class='ocrx_word' id='word_1_1' title='bbox 228 293 468 349; x_wconf 82' lang='lat' dir='ltr'>Sacramentorum</span> <span class='ocrx_word' id='word_1_2' title='bbox 486 294 556 349; x_wconf 84' lang='lat' dir='ltr'>ritus</span> <span class='ocrx_word' id='word_1_3' title='bbox 574 295 689 349; x_wconf 87' lang='lat' dir='ltr'>mutatio</span> <span class='ocrx_word' id='word_1_4' title='bbox 708 322 741 333; x_wconf 90' lang='lat'>-</span> <span class='ocrx_word' id='word_1_5' title='bbox 761 292 916 347; x_wconf 83' lang='lat' dir='ltr'>essentialis</span> <span class='ocrx_word' id='word_1_6' title='bbox 935 296 963 348; x_wconf 88' lang='lat' dir='ltr'>et</span> <span class='ocrx_word' id='word_1_7' title='bbox 981 294 1165 350; x_wconf 84' lang='lat' dir='ltr'>accidentalis.</span> <span class='ocrx_word' id='word_1_8' title='bbox 1344 303 1362 365; x_wconf 83' lang='lat'><strong>9</strong></span> 
     </span>
    </p>
   </div>
   <div class='ocr_carea' id='block_1_2' title="bbox 37 470 1364 645">
    <p class='ocr_par' dir='ltr' id='par_1_2' title="bbox 37 470 1364 645">
     <span class='ocr_line' id='line_1_2' title="bbox 38 470 1364 555; baseline 0.002 -18"><span class='ocrx_word' id='word_1_9' title='bbox 38 471 199 555; x_wconf 78' lang='lat' dir='ltr'>corruptio</span> <span class='ocrx_word' id='word_1_10' title='bbox 230 470 282 549; x_wconf 85' lang='lat' dir='ltr'>,in</span> <span class='ocrx_word' id='word_1_11' title='bbox 305 476 413 538; x_wconf 54' lang='lat' dir='ltr'>norro&amp;</span> <span class='ocrx_word' id='word_1_12' title='bbox 441 474 512 538; x_wconf 91' lang='lat' dir='ltr'>loco</span> <span class='ocrx_word' id='word_1_13' title='bbox 540 472 591 550; x_wconf 88' lang='lat' dir='ltr'>,in</span> <span class='ocrx_word' id='word_1_14' title='bbox 614 472 782 549; x_wconf 83' lang='lat' dir='ltr'>nomine“;</span> <span class='ocrx_word' id='word_1_15' title='bbox 814 471 960 537; x_wconf 90' lang='lat' dir='ltr'>homines</span> <span class='ocrx_word' id='word_1_16' title='bbox 991 473 1076 539; x_wconf 91' lang='lat' dir='ltr'>enim</span> <span class='ocrx_word' id='word_1_17' title='bbox 1099 473 1269 541; x_wconf 74' lang='lat' dir='ltr'><strong>audientes</strong></span> <span class='ocrx_word' id='word_1_18' title='bbox 1292 494 1364 540; x_wconf 86' lang='lat' dir='ltr'>cer·</span> 
     </span>
     <span class='ocr_line' id='line_1_3' title="bbox 37 560 671 645; baseline 0.002 -19"><span class='ocrx_word' id='word_1_19' title='bbox 37 560 158 626; x_wconf 82' lang='lat' dir='ltr'>tissime</span> <span class='ocrx_word' id='word_1_20' title='bbox 182 560 370 645; x_wconf 90' lang='lat' dir='ltr'>percipiunt</span> <span class='ocrx_word' id='word_1_21' title='bbox 394 581 507 626; x_wconf 91' lang='lat' dir='ltr'>verum</span> <span class='ocrx_word' id='word_1_22' title='bbox 530 582 671 628; x_wconf 87' lang='lat' dir='ltr'>sensum.</span> 
     </span>
    </p>
   </div>
   <div class='ocr_carea' id='block_1_3' title="bbox 119 666 1317 751">
    <p class='ocr_par' dir='ltr' id='par_1_3' title="bbox 119 666 1317 751">
     <span class='ocr_line' id='line_1_4' title="bbox 119 666 1317 751; baseline 0.003 -20"><span class='ocrx_word' id='word_1_23' title='bbox 119 666 161 732; x_wconf 77' lang='lat' dir='ltr'>a.</span> <span class='ocrx_word' id='word_1_24' title='bbox 187 670 220 732; x_wconf 81' lang='grc'>2.</span> <span class='ocrx_word' id='word_1_25' title='bbox 260 667 351 732; x_wconf 85' lang='lat' dir='ltr'><strong>Idem</strong></span> <span class='ocrx_word' id='word_1_26' title='bbox 375 667 437 731; x_wconf 90' lang='lat' dir='ltr'>dici</span> <span class='ocrx_word' id='word_1_27' title='bbox 460 667 558 734; x_wconf 90' lang='lat' dir='ltr'>debet</span> <span class='ocrx_word' id='word_1_28' title='bbox 581 667 688 750; x_wconf 89' lang='lat' dir='ltr'>quoad</span> <span class='ocrx_word' id='word_1_29' title='bbox 711 687 826 732; x_wconf 87' lang='lat' dir='ltr'>vocem</span> <span class='ocrx_word' id='word_1_30' title='bbox 854 669 1019 744; x_wconf 82' lang='lat' dir='ltr'>,ascolvo“</span> <span class='ocrx_word' id='word_1_31' title='bbox 1046 689 1105 751; x_wconf 88' lang='lat' dir='ltr'>pro</span> <span class='ocrx_word' id='word_1_32' title='bbox 1133 670 1317 746; x_wconf 79' lang='lat' dir='ltr'>,absolvo“.</span> 
     </span>
    </p>
   </div>
   <div class='ocr_carea' id='block_1_4' title="bbox 30 773 1365 2104">
    <p class='ocr_par' dir='ltr' id='par_1_4' title="bbox 32 773 1365 1653">
     <span class='ocr_line' id='line_1_5' title="bbox 118 773 1359 858; baseline 0.002 -20"><span class='ocrx_word' id='word_1_33' title='bbox 118 773 161 840; x_wconf 87' lang='lat' dir='ltr'>R.</span> <span class='ocrx_word' id='word_1_34' title='bbox 179 776 213 840; x_wconf 82' lang='lat'>3.</span> <span class='ocrx_word' id='word_1_35' title='bbox 248 773 342 840; x_wconf 77' lang='lat' dir='ltr'>Circa</span> <span class='ocrx_word' id='word_1_36' title='bbox 365 774 606 858; x_wconf 75' lang='lat' dir='ltr'>corruptionem</span> <span class='ocrx_word' id='word_1_37' title='bbox 625 773 786 855; x_wconf 81' lang='lat' dir='ltr'>,indulget</span> <span class='ocrx_word' id='word_1_38' title='bbox 809 773 869 839; x_wconf 91' lang='lat' dir='ltr'>tibi</span> <span class='ocrx_word' id='word_1_39' title='bbox 884 774 1059 839; x_wconf 87' lang='lat' dir='ltr'>Dominus“</span> <span class='ocrx_word' id='word_1_40' title='bbox 1083 774 1154 840; x_wconf 90' lang='lat' dir='ltr'>loco</span> <span class='ocrx_word' id='word_1_41' title='bbox 1182 775 1359 857; x_wconf 76' lang='lat' dir='ltr'>,idulgecl“</span> 
     </span>
     <span class='ocr_line' id='line_1_6' title="bbox 36 862 1364 947; baseline 0.003 -19"><span class='ocrx_word' id='word_1_42' title='bbox 36 864 158 928; x_wconf 83' lang='lat' dir='ltr'>moveri</span> <span class='ocrx_word' id='word_1_43' title='bbox 191 862 324 945; x_wconf 92' lang='lat' dir='ltr'>quidem</span> <span class='ocrx_word' id='word_1_44' title='bbox 356 867 466 946; x_wconf 90' lang='lat' dir='ltr'>potest</span> <span class='ocrx_word' id='word_1_45' title='bbox 498 862 629 928; x_wconf 91' lang='lat' dir='ltr'>dubium</span> <span class='ocrx_word' id='word_1_46' title='bbox 662 884 704 928; x_wconf 85' lang='lat' dir='ltr'>ex</span> <span class='ocrx_word' id='word_1_47' title='bbox 736 883 774 928; x_wconf 93' lang='lat' dir='ltr'>eo</span> <span class='ocrx_word' id='word_1_48' title='bbox 807 864 894 945; x_wconf 91' lang='lat' dir='ltr'>quod</span> <span class='ocrx_word' id='word_1_49' title='bbox 926 867 1075 929; x_wconf 82' lang='lat' dir='ltr'>extrema</span> <span class='ocrx_word' id='word_1_50' title='bbox 1107 865 1217 930; x_wconf 89' lang='lat' dir='ltr'>unctio</span> <span class='ocrx_word' id='word_1_51' title='bbox 1250 865 1364 947; x_wconf 84' lang='lat' dir='ltr'>exigat</span> 
     </span>
     <span class='ocr_line' id='line_1_7' title="bbox 36 951 1362 1036; baseline 0.001 -19"><span class='ocrx_word' id='word_1_52' title='bbox 36 952 218 1018; x_wconf 88' lang='lat' dir='ltr'>orationem</span> <span class='ocrx_word' id='word_1_53' title='bbox 241 973 301 1018; x_wconf 91' lang='lat' dir='ltr'>seu</span> <span class='ocrx_word' id='word_1_54' title='bbox 324 951 602 1036; x_wconf 80' lang='lat' dir='ltr'>deprecationem,</span> <span class='ocrx_word' id='word_1_55' title='bbox 631 973 697 1017; x_wconf 84' lang='lat' dir='ltr'>vox</span> <span class='ocrx_word' id='word_1_56' title='bbox 722 956 833 1017; x_wconf 87' lang='lat' dir='ltr'>autem</span> <span class='ocrx_word' id='word_1_57' title='bbox 860 952 1043 1034; x_wconf 59' lang='lat' dir='ltr'>,indulged</span> <span class='ocrx_word' id='word_1_58' title='bbox 1073 974 1136 1019; x_wconf 87' lang='lat' dir='ltr'>non</span> <span class='ocrx_word' id='word_1_59' title='bbox 1161 954 1204 1018; x_wconf 85' lang='lat' dir='ltr'>sit</span> <span class='ocrx_word' id='word_1_60' title='bbox 1227 955 1362 1019; x_wconf 86' lang='lat' dir='ltr'>verbum</span> 
     </span>
     <span class='ocr_line' id='line_1_8' title="bbox 35 1041 1365 1125; baseline 0.002 -19"><span class='ocrx_word' id='word_1_61' title='bbox 35 1041 244 1125; x_wconf 83' lang='lat' dir='ltr'>deprecantis</span> <span class='ocrx_word' id='word_1_62' title='bbox 281 1041 339 1107; x_wconf 88' lang='lat' dir='ltr'>sed</span> <span class='ocrx_word' id='word_1_63' title='bbox 377 1041 565 1108; x_wconf 87' lang='lat' dir='ltr'>asserentis.</span> <span class='ocrx_word' id='word_1_64' title='bbox 623 1041 859 1119; x_wconf 78' lang='lat' dir='ltr'>NihilominuS,</span> <span class='ocrx_word' id='word_1_65' title='bbox 899 1041 926 1106; x_wconf 90' lang='lat' dir='ltr'>si</span> <span class='ocrx_word' id='word_1_66' title='bbox 965 1043 1061 1107; x_wconf 89' lang='lat' dir='ltr'>modo</span> <span class='ocrx_word' id='word_1_67' title='bbox 1096 1047 1187 1108; x_wconf 87' lang='lat' dir='ltr'>recta</span> <span class='ocrx_word' id='word_1_68' title='bbox 1222 1043 1365 1109; x_wconf 86' lang='lat' dir='ltr'>adfuerit</span> 
     </span>
     <span class='ocr_line' id='line_1_9' title="bbox 34 1130 1364 1215; baseline 0 -19"><span class='ocrx_word' id='word_1_69' title='bbox 34 1130 191 1209; x_wconf 85' lang='lat' dir='ltr'>intentio,</span> <span class='ocrx_word' id='word_1_70' title='bbox 230 1131 313 1196; x_wconf 89' lang='lat' dir='ltr'>haec</span> <span class='ocrx_word' id='word_1_71' title='bbox 346 1131 486 1198; x_wconf 88' lang='lat' dir='ltr'>mutatio</span> <span class='ocrx_word' id='word_1_72' title='bbox 519 1135 615 1197; x_wconf 88' lang='lat' dir='ltr'>tanta</span> <span class='ocrx_word' id='word_1_73' title='bbox 648 1152 713 1195; x_wconf 92' lang='lat' dir='ltr'>non</span> <span class='ocrx_word' id='word_1_74' title='bbox 749 1135 800 1197; x_wconf 86' lang='lat' dir='ltr'>est</span> <span class='ocrx_word' id='word_1_75' title='bbox 834 1135 871 1197; x_wconf 90' lang='lat' dir='ltr'>ut</span> <span class='ocrx_word' id='word_1_76' title='bbox 906 1132 991 1215; x_wconf 91' lang='lat' dir='ltr'>apud</span> <span class='ocrx_word' id='word_1_77' title='bbox 1027 1131 1198 1197; x_wconf 83' lang='lat' dir='ltr'>audientes</span> <span class='ocrx_word' id='word_1_78' title='bbox 1233 1153 1364 1196; x_wconf 88' lang='lat' dir='ltr'>sensum</span> 
     </span>
     <span class='ocr_line' id='line_1_10' title="bbox 34 1219 1364 1304; baseline 0.001 -19"><span class='ocrx_word' id='word_1_79' title='bbox 34 1219 297 1304; x_wconf 88' lang='lat' dir='ltr'>deprecatorium</span> <span class='ocrx_word' id='word_1_80' title='bbox 320 1220 495 1285; x_wconf 89' lang='lat' dir='ltr'>excludere</span> <span class='ocrx_word' id='word_1_81' title='bbox 518 1220 651 1297; x_wconf 88' lang='lat' dir='ltr'>debeat,</span> <span class='ocrx_word' id='word_1_82' title='bbox 680 1220 798 1285; x_wconf 86' lang='lat' dir='ltr'>saltem</span> <span class='ocrx_word' id='word_1_83' title='bbox 820 1220 849 1285; x_wconf 92' lang='lat' dir='ltr'>si</span> <span class='ocrx_word' id='word_1_84' title='bbox 872 1220 1056 1286; x_wconf 91' lang='lat' dir='ltr'>attenditur</span> <span class='ocrx_word' id='word_1_85' title='bbox 1079 1221 1121 1285; x_wconf 89' lang='lat' dir='ltr'>ad</span> <span class='ocrx_word' id='word_1_86' title='bbox 1144 1220 1246 1285; x_wconf 84' lang='lat' dir='ltr'>verba</span> <span class='ocrx_word' id='word_1_87' title='bbox 1270 1225 1364 1286; x_wconf 89' lang='lat' dir='ltr'>ante·</span> 
     </span>
     <span class='ocr_line' id='line_1_11' title="bbox 34 1309 1364 1394; baseline 0.001 -19"><span class='ocrx_word' id='word_1_88' title='bbox 34 1309 203 1375; x_wconf 82' lang='lat' dir='ltr'>cedentia:</span> <span class='ocrx_word' id='word_1_89' title='bbox 231 1330 309 1393; x_wconf 91' lang='lat' dir='ltr'>,per</span> <span class='ocrx_word' id='word_1_90' title='bbox 332 1330 425 1374; x_wconf 86' lang='lat' dir='ltr'>suam</span> <span class='ocrx_word' id='word_1_91' title='bbox 447 1309 627 1394; x_wconf 82' lang='lat' dir='ltr'>piissimam</span> <span class='ocrx_word' id='word_1_92' title='bbox 651 1309 937 1375; x_wconf 84' lang='lat' dir='ltr'>misericordiam“.</span> <span class='ocrx_word' id='word_1_93' title='bbox 974 1309 1065 1386; x_wconf 83' lang='lat' dir='ltr'>Quod</span> <span class='ocrx_word' id='word_1_94' title='bbox 1090 1330 1128 1375; x_wconf 91' lang='lat' dir='ltr'>eo</span> <span class='ocrx_word' id='word_1_95' title='bbox 1144 1309 1249 1392; x_wconf 86' lang='lat' dir='ltr'>magis</span> <span class='ocrx_word' id='word_1_96' title='bbox 1273 1310 1364 1376; x_wconf 89' lang='lat' dir='ltr'>valet</span> 
     </span>
     <span class='ocr_line' id='line_1_12' title="bbox 34 1397 1363 1482; baseline 0 -19"><span class='ocrx_word' id='word_1_97' title='bbox 34 1399 108 1482; x_wconf 90' lang='lat' dir='ltr'>quia</span> <span class='ocrx_word' id='word_1_98' title='bbox 131 1397 237 1464; x_wconf 88' lang='lat' dir='ltr'>etiam</span> <span class='ocrx_word' id='word_1_99' title='bbox 266 1398 379 1481; x_wconf 84' lang='lat' dir='ltr'>praxis</span> <span class='ocrx_word' id='word_1_100' title='bbox 410 1398 444 1462; x_wconf 94' lang='lat' dir='ltr'>in</span> <span class='ocrx_word' id='word_1_101' title='bbox 474 1397 609 1481; x_wconf 90' lang='lat' dir='ltr'>antiquo</span> <span class='ocrx_word' id='word_1_102' title='bbox 632 1397 698 1464; x_wconf 91' lang='lat' dir='ltr'>ritu</span> <span class='ocrx_word' id='word_1_103' title='bbox 721 1398 939 1463; x_wconf 86' lang='lat' dir='ltr'>Ambrosiano</span> <span class='ocrx_word' id='word_1_104' title='bbox 969 1398 1094 1465; x_wconf 89' lang='lat' dir='ltr'>usitata</span> <span class='ocrx_word' id='word_1_105' title='bbox 1117 1403 1205 1475; x_wconf 89' lang='lat' dir='ltr'>erat,</span> <span class='ocrx_word' id='word_1_106' title='bbox 1238 1405 1275 1464; x_wconf 89' lang='lat' dir='ltr'>ut</span> <span class='ocrx_word' id='word_1_107' title='bbox 1304 1399 1363 1464; x_wconf 89' lang='lat' dir='ltr'>ad·</span> 
     </span>
     <span class='ocr_line' id='line_1_13' title="bbox 32 1486 1364 1571; baseline 0.001 -18"><span class='ocrx_word' id='word_1_108' title='bbox 32 1488 186 1554; x_wconf 91' lang='lat' dir='ltr'>hiberent</span> <span class='ocrx_word' id='word_1_109' title='bbox 218 1486 357 1552; x_wconf 84' lang='lat' dir='ltr'>formam</span> <span class='ocrx_word' id='word_1_110' title='bbox 388 1486 497 1552; x_wconf 86' lang='lat' dir='ltr'>verbis</span> <span class='ocrx_word' id='word_1_111' title='bbox 529 1508 588 1571; x_wconf 93' lang='lat' dir='ltr'>per</span> <span class='ocrx_word' id='word_1_112' title='bbox 620 1507 655 1552; x_wconf 90' lang='lat' dir='ltr'>se</span> <span class='ocrx_word' id='word_1_113' title='bbox 687 1488 916 1565; x_wconf 78' lang='lat' dir='ltr'>assentorium,</span> <span class='ocrx_word' id='word_1_114' title='bbox 950 1487 1168 1570; x_wconf 85' lang='lat' dir='ltr'>precatoriam</span> <span class='ocrx_word' id='word_1_115' title='bbox 1201 1509 1299 1553; x_wconf 91' lang='lat' dir='ltr'>sensu</span> <span class='ocrx_word' id='word_1_116' title='bbox 1330 1493 1364 1554; x_wconf 91' lang='lat' dir='ltr'>et</span> 
     </span>
     <span class='ocr_line' id='line_1_14' title="bbox 32 1575 1218 1653; baseline 0.002 -11"><span class='ocrx_word' id='word_1_117' title='bbox 32 1576 227 1644; x_wconf 85' lang='lat' dir='ltr'>intentione.</span> <span class='ocrx_word' id='word_1_118' title='bbox 274 1575 382 1653; x_wconf 89' lang='lat' dir='ltr'>Quare</span> <span class='ocrx_word' id='word_1_119' title='bbox 406 1597 523 1642; x_wconf 90' lang='lat' dir='ltr'>censeo</span> <span class='ocrx_word' id='word_1_120' title='bbox 546 1576 759 1642; x_wconf 91' lang='lat' dir='ltr'>mutationem</span> <span class='ocrx_word' id='word_1_121' title='bbox 784 1597 848 1641; x_wconf 90' lang='lat' dir='ltr'>non</span> <span class='ocrx_word' id='word_1_122' title='bbox 871 1576 974 1642; x_wconf 85' lang='lat' dir='ltr'>fuisse</span> <span class='ocrx_word' id='word_1_123' title='bbox 998 1576 1218 1644; x_wconf 88' lang='lat' dir='ltr'>essentialem.</span> 
     </span>
    </p>

    <p class='ocr_par' dir='ltr' id='par_1_5' title="bbox 30 1665 1362 2104">
     <span class='ocr_line' id='line_1_15' title="bbox 120 1665 1359 1749; baseline 0 -19"><span class='ocrx_word' id='word_1_124' title='bbox 120 1665 233 1730; x_wconf 81' lang='lat' dir='ltr'>Minus</span> <span class='ocrx_word' id='word_1_125' title='bbox 249 1665 346 1731; x_wconf 88' lang='lat' dir='ltr'>etiam</span> <span class='ocrx_word' id='word_1_126' title='bbox 361 1665 546 1732; x_wconf 90' lang='lat' dir='ltr'>essentialis</span> <span class='ocrx_word' id='word_1_127' title='bbox 563 1668 614 1731; x_wconf 91' lang='lat' dir='ltr'>est</span> <span class='ocrx_word' id='word_1_128' title='bbox 630 1666 794 1749; x_wconf 89' lang='lat' dir='ltr'>corruptio</span> <span class='ocrx_word' id='word_1_129' title='bbox 807 1666 859 1730; x_wconf 91' lang='lat' dir='ltr'>vel</span> <span class='ocrx_word' id='word_1_130' title='bbox 876 1667 1038 1748; x_wconf 88' lang='lat' dir='ltr'>correptio</span> <span class='ocrx_word' id='word_1_131' title='bbox 1051 1666 1141 1730; x_wconf 91' lang='lat' dir='ltr'>vocis</span> <span class='ocrx_word' id='word_1_132' title='bbox 1157 1665 1359 1748; x_wconf 83' lang='lat' dir='ltr'>,deliquisti“</span> 
     </span>
     <span class='ocr_line' id='line_1_16' title="bbox 32 1754 1362 1838; baseline -0.002 -17"><span class='ocrx_word' id='word_1_133' title='bbox 32 1756 64 1821; x_wconf 92' lang='lat' dir='ltr'>in</span> <span class='ocrx_word' id='word_1_134' title='bbox 84 1755 293 1836; x_wconf 75' lang='lat' dir='ltr'>,delquisti“.</span> <span class='ocrx_word' id='word_1_135' title='bbox 328 1755 415 1820; x_wconf 90' lang='lat' dir='ltr'>Nam</span> <span class='ocrx_word' id='word_1_136' title='bbox 431 1754 655 1838; x_wconf 88' lang='lat' dir='ltr'>corruptiones</span> <span class='ocrx_word' id='word_1_137' title='bbox 671 1754 833 1832; x_wconf 89' lang='lat' dir='ltr'>minimae,</span> <span class='ocrx_word' id='word_1_138' title='bbox 857 1754 885 1819; x_wconf 93' lang='lat' dir='ltr'>si</span> <span class='ocrx_word' id='word_1_139' title='bbox 901 1775 1033 1820; x_wconf 90' lang='lat' dir='ltr'>sensum</span> <span class='ocrx_word' id='word_1_140' title='bbox 1049 1776 1170 1820; x_wconf 89' lang='lat' dir='ltr'>novum</span> <span class='ocrx_word' id='word_1_141' title='bbox 1187 1760 1220 1821; x_wconf 92' lang='lat' dir='ltr'>et</span> <span class='ocrx_word' id='word_1_142' title='bbox 1242 1756 1362 1820; x_wconf 86' lang='lat' dir='ltr'>falsum</span> 
     </span>
     <span class='ocr_line' id='line_1_17' title="bbox 30 1842 1359 1921; baseline -0.001 -12"><span class='ocrx_word' id='word_1_143' title='bbox 30 1865 95 1910; x_wconf 92' lang='lat' dir='ltr'>non</span> <span class='ocrx_word' id='word_1_144' title='bbox 111 1844 251 1921; x_wconf 88' lang='lat' dir='ltr'>faciunt,</span> <span class='ocrx_word' id='word_1_145' title='bbox 275 1843 345 1908; x_wconf 90' lang='lat' dir='ltr'>sine</span> <span class='ocrx_word' id='word_1_146' title='bbox 361 1843 522 1910; x_wconf 89' lang='lat' dir='ltr'>industria</span> <span class='ocrx_word' id='word_1_147' title='bbox 536 1842 646 1909; x_wconf 88' lang='lat' dir='ltr'>factae</span> <span class='ocrx_word' id='word_1_148' title='bbox 670 1843 889 1910; x_wconf 88' lang='lat' dir='ltr'>accidentales</span> <span class='ocrx_word' id='word_1_149' title='bbox 905 1843 1018 1909; x_wconf 85' lang='lat' dir='ltr'>haberi</span> <span class='ocrx_word' id='word_1_150' title='bbox 1042 1845 1172 1910; x_wconf 87' lang='lat' dir='ltr'>debent.</span> <span class='ocrx_word' id='word_1_151' title='bbox 1190 1881 1234 1890; x_wconf 90' lang='lat'><em>-</em></span> <span class='ocrx_word' id='word_1_152' title='bbox 1251 1844 1359 1921; x_wconf 88' lang='lat' dir='ltr'>Aliud,</span> 
     </span>
     <span class='ocr_line' id='line_1_18' title="bbox 30 1932 1361 2018; baseline 0 -20"><span class='ocrx_word' id='word_1_153' title='bbox 30 1934 57 1999; x_wconf 91' lang='lat' dir='ltr'>si</span> <span class='ocrx_word' id='word_1_154' title='bbox 86 1934 162 1998; x_wconf 90' lang='lat' dir='ltr'>loco</span> <span class='ocrx_word' id='word_1_155' title='bbox 199 1932 398 2015; x_wconf 84' lang='lat' dir='ltr'>,deliquisti“</span> <span class='ocrx_word' id='word_1_156' title='bbox 433 1933 661 2018; x_wconf 87' lang='lat' dir='ltr'>pronuntietur</span> <span class='ocrx_word' id='word_1_157' title='bbox 696 1933 953 2014; x_wconf 82' lang='lat' dir='ltr'>,dereliquisti“;</span> <span class='ocrx_word' id='word_1_158' title='bbox 985 1955 1158 1998; x_wconf 81' lang='lat' dir='ltr'>namnum</span> <span class='ocrx_word' id='word_1_159' title='bbox 1189 1934 1270 1998; x_wconf 90' lang='lat' dir='ltr'>haec</span> <span class='ocrx_word' id='word_1_160' title='bbox 1294 1954 1361 1999; x_wconf 84' lang='lat' dir='ltr'>vox</span> 
     </span>
     <span class='ocr_line' id='line_1_19' title="bbox 30 2021 1359 2104; baseline -0.002 -16"><span class='ocrx_word' id='word_1_161' title='bbox 30 2044 164 2088; x_wconf 88' lang='lat' dir='ltr'>sonsum</span> <span class='ocrx_word' id='word_1_162' title='bbox 187 2021 319 2104; x_wconf 89' lang='lat' dir='ltr'>quidem</span> <span class='ocrx_word' id='word_1_163' title='bbox 341 2021 454 2099; x_wconf 88' lang='lat' dir='ltr'>faciat,</span> <span class='ocrx_word' id='word_1_164' title='bbox 477 2023 535 2087; x_wconf 91' lang='lat' dir='ltr'>sed</span> <span class='ocrx_word' id='word_1_165' title='bbox 558 2043 679 2087; x_wconf 90' lang='lat' dir='ltr'>novum</span> <span class='ocrx_word' id='word_1_166' title='bbox 702 2025 737 2087; x_wconf 91' lang='lat' dir='ltr'>et</span> <span class='ocrx_word' id='word_1_167' title='bbox 760 2021 890 2100; x_wconf 88' lang='lat' dir='ltr'>falsum,</span> <span class='ocrx_word' id='word_1_168' title='bbox 914 2021 1072 2088; x_wconf 90' lang='lat' dir='ltr'>eiusmodi</span> <span class='ocrx_word' id='word_1_169' title='bbox 1095 2022 1235 2088; x_wconf 91' lang='lat' dir='ltr'>mutatio</span> <span class='ocrx_word' id='word_1_170' title='bbox 1260 2023 1359 2088; x_wconf 89' lang='lat' dir='ltr'>etiam</span> 
     </span>
    </p>
   </div>
   <div class='ocr_carea' id='block_1_5' title="bbox 32 2111 1360 2278">
    <p class='ocr_par' dir='ltr' id='par_1_6' title="bbox 32 2111 1360 2278">
     <span class='ocr_line' id='line_1_20' title="bbox 32 2111 1360 2193; baseline -0.001 -15"><span class='ocrx_word' id='word_1_171' title='bbox 32 2113 100 2178; x_wconf 92' lang='lat' dir='ltr'>sine</span> <span class='ocrx_word' id='word_1_172' title='bbox 123 2111 290 2178; x_wconf 88' lang='lat' dir='ltr'>industria</span> <span class='ocrx_word' id='word_1_173' title='bbox 311 2111 402 2177; x_wconf 85' lang='lat' dir='ltr'>facta</span> <span class='ocrx_word' id='word_1_174' title='bbox 424 2111 564 2176; x_wconf 89' lang='lat' dir='ltr'>formam</span> <span class='ocrx_word' id='word_1_175' title='bbox 587 2111 694 2177; x_wconf 90' lang='lat' dir='ltr'>reddit</span> <span class='ocrx_word' id='word_1_176' title='bbox 724 2112 871 2193; x_wconf 80' lang='lat' dir='ltr'>dubiam,</span> <span class='ocrx_word' id='word_1_177' title='bbox 904 2132 946 2175; x_wconf 85' lang='lat' dir='ltr'>ex</span> <span class='ocrx_word' id='word_1_178' title='bbox 969 2112 1132 2178; x_wconf 89' lang='lat' dir='ltr'>industria</span> <span class='ocrx_word' id='word_1_179' title='bbox 1154 2111 1246 2178; x_wconf 89' lang='lat' dir='ltr'>facta</span> <span class='ocrx_word' id='word_1_180' title='bbox 1270 2118 1360 2179; x_wconf 89' lang='lat' dir='ltr'>certo</span> 
     </span>
     <span class='ocr_line' id='line_1_21' title="bbox 33 2199 540 2278; baseline 0 -11"><span class='ocrx_word' id='word_1_181' title='bbox 33 2201 221 2267; x_wconf 82' lang='lat' dir='ltr'>invalidam.</span> <span class='ocrx_word' id='word_1_182' title='bbox 274 2200 331 2267; x_wconf 75' lang='lat' dir='ltr'>Th.</span> <span class='ocrx_word' id='word_1_183' title='bbox 354 2224 395 2266; x_wconf 82' lang='lat' dir='ltr'>or.</span> <span class='ocrx_word' id='word_1_184' title='bbox 419 2199 461 2278; x_wconf 93' lang='lat' dir='ltr'>II,</span> <span class='ocrx_word' id='word_1_185' title='bbox 489 2202 540 2267; x_wconf 83' lang='lat'>14.</span> 
     </span>
    </p>
   </div>
   <div class='ocr_carea' id='block_1_6' title="bbox 33 2296 1364 3006">
    <p class='ocr_par' dir='ltr' id='par_1_7' title="bbox 33 2296 1364 3006">
     <span class='ocr_line' id='line_1_22' title="bbox 121 2296 1362 2381; baseline 0 -17"><span class='ocrx_word' id='word_1_186' title='bbox 121 2297 215 2376; x_wconf 89' lang='lat' dir='ltr'>Quod</span> <span class='ocrx_word' id='word_1_187' title='bbox 232 2301 343 2363; x_wconf 89' lang='lat' dir='ltr'>autem</span> <span class='ocrx_word' id='word_1_188' title='bbox 365 2298 486 2364; x_wconf 90' lang='lat' dir='ltr'>dictum</span> <span class='ocrx_word' id='word_1_189' title='bbox 502 2296 547 2363; x_wconf 90' lang='lat' dir='ltr'>sit</span> <span class='ocrx_word' id='word_1_190' title='bbox 568 2318 643 2380; x_wconf 90' lang='lat' dir='ltr'>,per</span> <span class='ocrx_word' id='word_1_191' title='bbox 658 2300 808 2362; x_wconf 83' lang='lat' dir='ltr'>manum“</span> <span class='ocrx_word' id='word_1_192' title='bbox 828 2298 899 2363; x_wconf 92' lang='lat' dir='ltr'>loco</span> <span class='ocrx_word' id='word_1_193' title='bbox 922 2318 998 2381; x_wconf 86' lang='lat' dir='ltr'>,per</span> <span class='ocrx_word' id='word_1_194' title='bbox 1013 2301 1172 2376; x_wconf 87' lang='lat' dir='ltr'>tactum“,</span> <span class='ocrx_word' id='word_1_195' title='bbox 1197 2298 1362 2381; x_wconf 90' lang='lat' dir='ltr'>corruptio</span> 
     </span>
     <span class='ocr_line' id='line_1_23' title="bbox 34 2386 1363 2471; baseline -0.001 -18"><span class='ocrx_word' id='word_1_196' title='bbox 34 2388 164 2470; x_wconf 87' lang='lat' dir='ltr'>quidem</span> <span class='ocrx_word' id='word_1_197' title='bbox 195 2387 293 2471; x_wconf 91' lang='lat' dir='ltr'>plane</span> <span class='ocrx_word' id='word_1_198' title='bbox 322 2386 436 2453; x_wconf 92' lang='lat' dir='ltr'>illicita</span> <span class='ocrx_word' id='word_1_199' title='bbox 460 2390 527 2460; x_wconf 77' lang='lat' dir='ltr'>est3</span> <span class='ocrx_word' id='word_1_200' title='bbox 560 2408 673 2451; x_wconf 89' lang='lat' dir='ltr'>verum</span> <span class='ocrx_word' id='word_1_201' title='bbox 703 2408 768 2452; x_wconf 92' lang='lat' dir='ltr'>non</span> <span class='ocrx_word' id='word_1_202' title='bbox 798 2408 915 2453; x_wconf 86' lang='lat' dir='ltr'>censeo</span> <span class='ocrx_word' id='word_1_203' title='bbox 946 2408 1017 2452; x_wconf 89' lang='lat' dir='ltr'>eam</span> <span class='ocrx_word' id='word_1_204' title='bbox 1048 2409 1121 2453; x_wconf 88' lang='lat' dir='ltr'>esse</span> <span class='ocrx_word' id='word_1_205' title='bbox 1144 2387 1363 2465; x_wconf 88' lang='lat' dir='ltr'>essentialem,</span> 
     </span>
     <span class='ocr_line' id='line_1_24' title="bbox 33 2475 1363 2560; baseline -0.002 -17"><span class='ocrx_word' id='word_1_206' title='bbox 33 2477 193 2560; x_wconf 83' lang='lat' dir='ltr'>siquidem</span> <span class='ocrx_word' id='word_1_207' title='bbox 214 2496 331 2541; x_wconf 88' lang='lat' dir='ltr'>manus</span> <span class='ocrx_word' id='word_1_208' title='bbox 347 2481 400 2542; x_wconf 89' lang='lat' dir='ltr'>est</span> <span class='ocrx_word' id='word_1_209' title='bbox 422 2475 601 2560; x_wconf 86' lang='lat' dir='ltr'>principale</span> <span class='ocrx_word' id='word_1_210' title='bbox 624 2475 877 2543; x_wconf 88' lang='lat' dir='ltr'>instrumentum</span> <span class='ocrx_word' id='word_1_211' title='bbox 900 2482 1020 2542; x_wconf 91' lang='lat' dir='ltr'>tactus.</span> <span class='ocrx_word' id='word_1_212' title='bbox 1056 2476 1274 2542; x_wconf 89' lang='lat' dir='ltr'>Nihilominus</span> <span class='ocrx_word' id='word_1_213' title='bbox 1291 2498 1363 2541; x_wconf 90' lang='lat' dir='ltr'>cum</span> 
     </span>
     <span class='ocr_line' id='line_1_25' title="bbox 34 2564 1364 2647; baseline 0 -15"><span class='ocrx_word' id='word_1_214' title='bbox 34 2586 151 2632; x_wconf 89' lang='lat' dir='ltr'>manus</span> <span class='ocrx_word' id='word_1_215' title='bbox 174 2586 240 2630; x_wconf 91' lang='lat' dir='ltr'>non</span> <span class='ocrx_word' id='word_1_216' title='bbox 262 2564 482 2632; x_wconf 79' lang='lat' dir='ltr'>identificatur</span> <span class='ocrx_word' id='word_1_217' title='bbox 505 2587 578 2631; x_wconf 91' lang='lat' dir='ltr'>cum</span> <span class='ocrx_word' id='word_1_218' title='bbox 607 2586 720 2642; x_wconf 89' lang='lat' dir='ltr'>,sensu</span> <span class='ocrx_word' id='word_1_219' title='bbox 750 2569 893 2644; x_wconf 87' lang='lat' dir='ltr'>tactus“,</span> <span class='ocrx_word' id='word_1_220' title='bbox 923 2587 977 2630; x_wconf 91' lang='lat' dir='ltr'>res</span> <span class='ocrx_word' id='word_1_221' title='bbox 1001 2565 1238 2647; x_wconf 87' lang='lat' dir='ltr'>aliquantulum</span> <span class='ocrx_word' id='word_1_222' title='bbox 1266 2565 1364 2632; x_wconf 89' lang='lat' dir='ltr'>dubia</span> 
     </span>
     <span class='ocr_line' id='line_1_26' title="bbox 35 2653 1364 2739; baseline 0 -19"><span class='ocrx_word' id='word_1_223' title='bbox 35 2660 164 2729; x_wconf 82' lang='lat' dir='ltr'>manet,</span> <span class='ocrx_word' id='word_1_224' title='bbox 196 2653 246 2720; x_wconf 89' lang='lat' dir='ltr'>ita</span> <span class='ocrx_word' id='word_1_225' title='bbox 275 2657 312 2718; x_wconf 93' lang='lat' dir='ltr'>ut</span> <span class='ocrx_word' id='word_1_226' title='bbox 341 2657 462 2720; x_wconf 76' lang='lat' dir='ltr'>licitam</span> <span class='ocrx_word' id='word_1_227' title='bbox 491 2654 630 2720; x_wconf 91' lang='lat' dir='ltr'>habeam</span> <span class='ocrx_word' id='word_1_228' title='bbox 659 2653 887 2736; x_wconf 89' lang='lat' dir='ltr'>repetitionem</span> <span class='ocrx_word' id='word_1_229' title='bbox 921 2655 1083 2720; x_wconf 89' lang='lat' dir='ltr'>unctionis</span> <span class='ocrx_word' id='word_1_230' title='bbox 1112 2659 1248 2739; x_wconf 86' lang='lat' dir='ltr'>propter</span> <span class='ocrx_word' id='word_1_231' title='bbox 1277 2657 1364 2720; x_wconf 90' lang='lat' dir='ltr'>hunc</span> 
     </span>
     <span class='ocr_line' id='line_1_27' title="bbox 34 2742 1364 2827; baseline 0 -18"><span class='ocrx_word' id='word_1_232' title='bbox 34 2745 216 2821; x_wconf 84' lang='lat' dir='ltr'>defectum,</span> <span class='ocrx_word' id='word_1_233' title='bbox 247 2742 345 2807; x_wconf 89' lang='lat' dir='ltr'>immo</span> <span class='ocrx_word' id='word_1_234' title='bbox 371 2743 508 2808; x_wconf 79' lang='lat' dir='ltr'>dedito-m</span> <span class='ocrx_word' id='word_1_235' title='bbox 531 2765 590 2827; x_wconf 94' lang='lat' dir='ltr'>pro</span> <span class='ocrx_word' id='word_1_236' title='bbox 614 2764 693 2807; x_wconf 89' lang='lat' dir='ltr'>casu</span> <span class='ocrx_word' id='word_1_237' title='bbox 716 2763 780 2824; x_wconf 90' lang='lat' dir='ltr'>quo</span> <span class='ocrx_word' id='word_1_238' title='bbox 804 2746 953 2809; x_wconf 84' lang='lat' dir='ltr'>extrema</span> <span class='ocrx_word' id='word_1_239' title='bbox 976 2744 1087 2810; x_wconf 90' lang='lat' dir='ltr'>unctio</span> <span class='ocrx_word' id='word_1_240' title='bbox 1110 2750 1199 2810; x_wconf 90' lang='lat' dir='ltr'>esset</span> <span class='ocrx_word' id='word_1_241' title='bbox 1222 2744 1364 2809; x_wconf 90' lang='lat' dir='ltr'>medium</span> 
     </span>
     <span class='ocr_line' id='line_1_28' title="bbox 35 2831 1362 2902; baseline 0 -4"><span class='ocrx_word' id='word_1_242' title='bbox 35 2834 164 2898; x_wconf 91' lang='lat' dir='ltr'>unicum</span> <span class='ocrx_word' id='word_1_243' title='bbox 195 2831 313 2897; x_wconf 90' lang='lat' dir='ltr'>salutis</span> <span class='ocrx_word' id='word_1_244' title='bbox 343 2851 493 2902; x_wconf 87' lang='lat' dir='ltr'>securum</span> <span class='ocrx_word' id='word_1_245' title='bbox 522 2832 577 2896; x_wconf 84' lang='lat' dir='ltr'>vel</span> <span class='ocrx_word' id='word_1_246' title='bbox 609 2831 682 2896; x_wconf 90' lang='lat' dir='ltr'>aliis</span> <span class='ocrx_word' id='word_1_247' title='bbox 712 2832 928 2898; x_wconf 88' lang='lat' dir='ltr'>sacramentis</span> <span class='ocrx_word' id='word_1_248' title='bbox 958 2833 1120 2898; x_wconf 86' lang='lat' dir='ltr'>securius:</span> <span class='ocrx_word' id='word_1_249' title='bbox 1153 2834 1305 2898; x_wconf 87' lang='lat' dir='ltr'>nimirum</span> <span class='ocrx_word' id='word_1_250' title='bbox 1335 2832 1362 2898; x_wconf 91' lang='lat' dir='ltr'>si</span> 
     </span>
     <span class='ocr_line' id='line_1_29' title="bbox 34 2920 837 3006; baseline -0.001 -17"><span class='ocrx_word' id='word_1_251' title='bbox 34 2926 192 3006; x_wconf 79' lang='lat' dir='ltr'>ageretur</span> <span class='ocrx_word' id='word_1_252' title='bbox 215 2921 256 2986; x_wconf 92' lang='lat' dir='ltr'>de</span> <span class='ocrx_word' id='word_1_253' title='bbox 278 2920 470 2986; x_wconf 92' lang='lat' dir='ltr'>moribundo</span> <span class='ocrx_word' id='word_1_254' title='bbox 493 2921 643 2985; x_wconf 90' lang='lat' dir='ltr'>sensibus</span> <span class='ocrx_word' id='word_1_255' title='bbox 667 2920 837 2988; x_wconf 80' lang='lat' dir='ltr'>destituto</span> 
     </span>
    </p>
   </div>
   <div class='ocr_carea' id='block_1_7' title="bbox 33 3025 1364 3467">
    <p class='ocr_par' dir='ltr' id='par_1_8' title="bbox 33 3025 1364 3467">
     <span class='ocr_line' id='line_1_30' title="bbox 122 3025 1361 3108; baseline 0 -15"><span class='ocrx_word' id='word_1_256' title='bbox 122 3029 163 3094; x_wconf 89' lang='lat' dir='ltr'>R.</span> <span class='ocrx_word' id='word_1_257' title='bbox 188 3032 219 3094; x_wconf 82' lang='grc'>4.</span> <span class='ocrx_word' id='word_1_258' title='bbox 256 3026 413 3093; x_wconf 89' lang='lat' dir='ltr'>Defectus</span> <span class='ocrx_word' id='word_1_259' title='bbox 436 3027 469 3092; x_wconf 90' lang='lat' dir='ltr'>in</span> <span class='ocrx_word' id='word_1_260' title='bbox 492 3025 739 3092; x_wconf 89' lang='lat' dir='ltr'>consecratione</span> <span class='ocrx_word' id='word_1_261' title='bbox 757 3026 920 3092; x_wconf 90' lang='lat' dir='ltr'>commissi</span> <span class='ocrx_word' id='word_1_262' title='bbox 945 3027 1054 3091; x_wconf 90' lang='lat' dir='ltr'>caveri</span> <span class='ocrx_word' id='word_1_263' title='bbox 1080 3027 1207 3108; x_wconf 91' lang='lat' dir='ltr'>quidem</span> <span class='ocrx_word' id='word_1_264' title='bbox 1232 3028 1361 3105; x_wconf 90' lang='lat' dir='ltr'>debent,</span> 
     </span>
     <span class='ocr_line' id='line_1_31' title="bbox 34 3115 1363 3202; baseline -0.002 -18"><span class='ocrx_word' id='word_1_265' title='bbox 34 3124 135 3202; x_wconf 89' lang='lat' dir='ltr'>atque</span> <span class='ocrx_word' id='word_1_266' title='bbox 168 3115 345 3182; x_wconf 88' lang='lat' dir='ltr'>Zacharias</span> <span class='ocrx_word' id='word_1_267' title='bbox 377 3115 565 3198; x_wconf 86' lang='lat' dir='ltr'>diligentior</span> <span class='ocrx_word' id='word_1_268' title='bbox 597 3116 695 3180; x_wconf 90' lang='lat' dir='ltr'>debet</span> <span class='ocrx_word' id='word_1_269' title='bbox 727 3137 798 3180; x_wconf 89' lang='lat' dir='ltr'>esse</span> <span class='ocrx_word' id='word_1_270' title='bbox 831 3115 864 3180; x_wconf 93' lang='lat' dir='ltr'>in</span> <span class='ocrx_word' id='word_1_271' title='bbox 897 3115 1179 3199; x_wconf 87' lang='lat' dir='ltr'>pronuntiatione;</span> <span class='ocrx_word' id='word_1_272' title='bbox 1215 3121 1363 3182; x_wconf 87' lang='lat' dir='ltr'>attamen</span> 
     </span>
     <span class='ocr_line' id='line_1_32' title="bbox 33 3204 1364 3288; baseline -0.002 -15"><span class='ocrx_word' id='word_1_273' title='bbox 33 3208 160 3273; x_wconf 91' lang='lat' dir='ltr'>nullum</span> <span class='ocrx_word' id='word_1_274' title='bbox 191 3205 355 3271; x_wconf 87' lang='lat' dir='ltr'>defectum</span> <span class='ocrx_word' id='word_1_275' title='bbox 386 3226 428 3269; x_wconf 85' lang='lat' dir='ltr'>ex</span> <span class='ocrx_word' id='word_1_276' title='bbox 457 3204 628 3269; x_wconf 88' lang='lat' dir='ltr'>recensitis</span> <span class='ocrx_word' id='word_1_277' title='bbox 660 3204 765 3270; x_wconf 88' lang='lat' dir='ltr'>habeo</span> <span class='ocrx_word' id='word_1_278' title='bbox 797 3226 856 3288; x_wconf 91' lang='lat' dir='ltr'>pro</span> <span class='ocrx_word' id='word_1_279' title='bbox 887 3205 1072 3286; x_wconf 76' lang='lat' dir='ltr'>essentiali,</span> <span class='ocrx_word' id='word_1_280' title='bbox 1105 3227 1180 3272; x_wconf 91' lang='lat' dir='ltr'>nam</span> <span class='ocrx_word' id='word_1_281' title='bbox 1213 3205 1246 3268; x_wconf 95' lang='lat' dir='ltr'>in</span> <span class='ocrx_word' id='word_1_282' title='bbox 1276 3206 1364 3270; x_wconf 91' lang='lat' dir='ltr'>ordi·</span> 
     </span>
     <span class='ocr_line' id='line_1_33' title="bbox 35 3293 1364 3378; baseline -0.002 -15"><span class='ocrx_word' id='word_1_283' title='bbox 35 3297 129 3362; x_wconf 86' lang='lat' dir='ltr'>naria</span> <span class='ocrx_word' id='word_1_284' title='bbox 160 3295 248 3360; x_wconf 89' lang='lat' dir='ltr'>inter</span> <span class='ocrx_word' id='word_1_285' title='bbox 281 3293 428 3359; x_wconf 87' lang='lat' dir='ltr'>homines</span> <span class='ocrx_word' id='word_1_286' title='bbox 461 3293 711 3359; x_wconf 87' lang='lat' dir='ltr'>conversatione</span> <span class='ocrx_word' id='word_1_287' title='bbox 742 3314 837 3359; x_wconf 91' lang='lat' dir='ltr'>nemo</span> <span class='ocrx_word' id='word_1_288' title='bbox 870 3299 959 3360; x_wconf 89' lang='lat' dir='ltr'>esset</span> <span class='ocrx_word' id='word_1_289' title='bbox 993 3294 1048 3376; x_wconf 90' lang='lat' dir='ltr'>qui</span> <span class='ocrx_word' id='word_1_290' title='bbox 1081 3315 1144 3360; x_wconf 92' lang='lat' dir='ltr'>non</span> <span class='ocrx_word' id='word_1_291' title='bbox 1178 3294 1364 3378; x_wconf 90' lang='lat' dir='ltr'>conciperet</span> 
     </span>
     <span class='ocr_line' id='line_1_34' title="bbox 34 3383 1363 3467; baseline -0.002 -16"><span class='ocrx_word' id='word_1_292' title='bbox 34 3406 167 3451; x_wconf 80' lang='lat' dir='ltr'>semum</span> <span class='ocrx_word' id='word_1_293' title='bbox 199 3388 325 3449; x_wconf 88' lang='lat' dir='ltr'>rectum</span> <span class='ocrx_word' id='word_1_294' title='bbox 357 3387 391 3449; x_wconf 90' lang='lat' dir='ltr'>et</span> <span class='ocrx_word' id='word_1_295' title='bbox 425 3403 548 3449; x_wconf 90' lang='lat' dir='ltr'>verum.</span> <span class='ocrx_word' id='word_1_296' title='bbox 604 3384 715 3464; x_wconf 86' lang='lat' dir='ltr'>Atque</span> <span class='ocrx_word' id='word_1_297' title='bbox 746 3388 922 3467; x_wconf 89' lang='lat' dir='ltr'>propterea</span> <span class='ocrx_word' id='word_1_298' title='bbox 954 3383 1053 3449; x_wconf 88' lang='lat' dir='ltr'>etiam</span> <span class='ocrx_word' id='word_1_299' title='bbox 1086 3383 1234 3449; x_wconf 91' lang='lat' dir='ltr'>concludi</span> <span class='ocrx_word' id='word_1_300' title='bbox 1266 3385 1363 3450; x_wconf 86' lang='lat' dir='ltr'>debet</span> 
     </span>
    </p>
   </div>
   <div class='ocr_carea' id='block_1_8' title="bbox 35 3471 1362 3646">
    <p class='ocr_par' dir='ltr' id='par_1_9' title="bbox 35 3471 1362 3646">
     <span class='ocr_line' id='line_1_35' title="bbox 35 3471 1362 3629; baseline -0.001 -89"><span class='ocrx_word' id='word_1_301' title='bbox 35 3471 353 3629; x_wconf 57' lang='lat' dir='ltr'>il⁰pst⁰rneluli¹⁰ill</span> <span class='ocrx_word' id='word_1_302' title='bbox 360 3473 600 3625; x_wconf 36' lang='lat' dir='ltr'>cogarptionem</span> <span class='ocrx_word' id='word_1_303' title='bbox 618 3471 896 3538; x_wconf 86' lang='lat' dir='ltr'>consecrationem</span> <span class='ocrx_word' id='word_1_304' title='bbox 917 3473 1022 3557; x_wconf 88' lang='lat' dir='ltr'>repeti</span> <span class='ocrx_word' id='word_1_305' title='bbox 1045 3472 1234 3539; x_wconf 88' lang='lat' dir='ltr'>nullatcnus</span> <span class='ocrx_word' id='word_1_306' title='bbox 1256 3494 1362 3557; x_wconf 86' lang='lat' dir='ltr'>posse.</span> 
     </span>
     <span class='ocr_line' id='line_1_36' title="bbox 53 3574 463 3646; baseline -0.007 -27"><span class='ocrx_word' id='word_1_307' title='bbox 53 3606 82 3632; x_wconf 74' lang='lat'>‚,</span> <span class='ocrx_word' id='word_1_308' title='bbox 132 3617 141 3630; x_wconf 82' lang='grc'>,</span> <span class='ocrx_word' id='word_1_309' title='bbox 221 3583 243 3646; x_wconf 90' lang='lat' dir='ltr'>p</span> <span class='ocrx_word' id='word_1_310' title='bbox 275 3614 282 3628; x_wconf 81' lang='lat'>,</span> <span class='ocrx_word' id='word_1_311' title='bbox 355 3574 418 3638; x_wconf 45' lang='grc' dir='ltr'>,α’</span> <span class='ocrx_word' id='word_1_312' title='bbox 456 3614 463 3628; x_wconf 74' lang='lat'>,</span> 
     </span>
    </p>
   </div>
   <div class='ocr_carea' id='block_1_9' title="bbox 34 3667 1407 4744">
    <p class='ocr_par' dir='ltr' id='par_1_10' title="bbox 34 3667 1407 4272">
     <span class='ocr_line' id='line_1_37' title="bbox 124 3667 1407 3751; baseline -0.004 -17"><span class='ocrx_word' id='word_1_313' title='bbox 124 3670 164 3734; x_wconf 86' lang='lat' dir='ltr'>R.</span> <span class='ocrx_word' id='word_1_314' title='bbox 190 3670 219 3734; x_wconf 81' lang='lat'>5.</span> <span class='ocrx_word' id='word_1_315' title='bbox 267 3668 361 3733; x_wconf 84' lang='lat' dir='ltr'>Circa</span> <span class='ocrx_word' id='word_1_316' title='bbox 384 3671 565 3734; x_wconf 78' lang='lat' dir='ltr'>additiones</span> <span class='ocrx_word' id='word_1_317' title='bbox 596 3667 678 3734; x_wconf 85' lang='lat' dir='ltr'>istas</span> <span class='ocrx_word' id='word_1_318' title='bbox 709 3687 775 3732; x_wconf 89' lang='lat' dir='ltr'>non</span> <span class='ocrx_word' id='word_1_319' title='bbox 804 3667 853 3732; x_wconf 89' lang='lat' dir='ltr'>ita</span> <span class='ocrx_word' id='word_1_320' title='bbox 883 3667 1023 3751; x_wconf 83' lang='lat' dir='ltr'>simplex</span> <span class='ocrx_word' id='word_1_321' title='bbox 1047 3672 1081 3734; x_wconf 92' lang='lat' dir='ltr'>et</span> <span class='ocrx_word' id='word_1_322' title='bbox 1111 3669 1263 3734; x_wconf 88' lang='lat' dir='ltr'>absoluta</span> <span class='ocrx_word' id='word_1_323' title='bbox 1293 3669 1407 3733; x_wconf 85' lang='lat' dir='ltr'>dari13</span> 
     </span>
     <span class='ocr_line' id='line_1_38' title="bbox 35 3756 1363 3843; baseline 0.002 -19"><span class='ocrx_word' id='word_1_324' title='bbox 35 3763 146 3843; x_wconf 85' lang='lat' dir='ltr'>potest</span> <span class='ocrx_word' id='word_1_325' title='bbox 176 3757 354 3841; x_wconf 87' lang='lat' dir='ltr'>responsio.</span> <span class='ocrx_word' id='word_1_326' title='bbox 402 3758 489 3823; x_wconf 86' lang='lat' dir='ltr'>Ante</span> <span class='ocrx_word' id='word_1_327' title='bbox 513 3757 622 3823; x_wconf 89' lang='lat' dir='ltr'>omnia</span> <span class='ocrx_word' id='word_1_328' title='bbox 652 3756 787 3822; x_wconf 89' lang='lat' dir='ltr'>attende</span> <span class='ocrx_word' id='word_1_329' title='bbox 817 3756 999 3822; x_wconf 88' lang='lat' dir='ltr'>doctrinam</span> <span class='ocrx_word' id='word_1_330' title='bbox 1030 3758 1061 3824; x_wconf 80' lang='lat' dir='ltr'>S.</span> <span class='ocrx_word' id='word_1_331' title='bbox 1087 3757 1264 3823; x_wconf 89' lang='lat' dir='ltr'>Thomae</span> <span class='ocrx_word' id='word_1_332' title='bbox 1295 3759 1363 3839; x_wconf 87' lang='lat' dir='ltr'>Aq.</span> 
     </span>
     <span class='ocr_line' id='line_1_39' title="bbox 34 3845 1365 3931; baseline -0.002 -18"><span class='ocrx_word' id='word_1_333' title='bbox 34 3849 67 3913; x_wconf 93' lang='lat' dir='ltr'>in</span> <span class='ocrx_word' id='word_1_334' title='bbox 97 3850 232 3914; x_wconf 60' lang='lat' dir='ltr'>stenima</span> <span class='ocrx_word' id='word_1_335' title='bbox 262 3848 351 3913; x_wconf 77' lang='lat' dir='ltr'>theol.</span> <span class='ocrx_word' id='word_1_336' title='bbox 383 3847 446 3925; x_wconf 92' lang='lat' dir='ltr'>III,</span> <span class='ocrx_word' id='word_1_337' title='bbox 480 3868 511 3929; x_wconf 90' lang='lat' dir='ltr'>q.</span> <span class='ocrx_word' id='word_1_338' title='bbox 544 3850 603 3924; x_wconf 87' lang='lat'>60,</span> <span class='ocrx_word' id='word_1_339' title='bbox 637 3868 666 3914; x_wconf 91' lang='lat' dir='ltr'>a.</span> <span class='ocrx_word' id='word_1_340' title='bbox 699 3849 735 3923; x_wconf 87' lang='lat'>8,</span> <span class='ocrx_word' id='word_1_341' title='bbox 769 3845 823 3910; x_wconf 92' lang='lat' dir='ltr'>ubi</span> <span class='ocrx_word' id='word_1_342' title='bbox 855 3845 1013 3929; x_wconf 89' lang='lat' dir='ltr'>imprimis</span> <span class='ocrx_word' id='word_1_343' title='bbox 1045 3847 1142 3913; x_wconf 92' lang='lat' dir='ltr'>docet</span> <span class='ocrx_word' id='word_1_344' title='bbox 1171 3868 1215 3912; x_wconf 87' lang='lat' dir='ltr'>ex</span> <span class='ocrx_word' id='word_1_345' title='bbox 1245 3846 1365 3931; x_wconf 88' lang='lat' dir='ltr'>duplici</span> 
     </span>
     <span class='ocr_line' id='line_1_40' title="bbox 35 3934 1365 4022; baseline -0.002 -19"><span class='ocrx_word' id='word_1_346' title='bbox 35 3938 144 4022; x_wconf 87' lang='lat' dir='ltr'>capite</span> <span class='ocrx_word' id='word_1_347' title='bbox 176 3936 390 4003; x_wconf 89' lang='lat' dir='ltr'>mutationem</span> <span class='ocrx_word' id='word_1_348' title='bbox 424 3936 494 4001; x_wconf 91' lang='lat' dir='ltr'>fieri</span> <span class='ocrx_word' id='word_1_349' title='bbox 526 3957 622 4020; x_wconf 89' lang='lat' dir='ltr'>posse</span> <span class='ocrx_word' id='word_1_350' title='bbox 655 3934 882 4000; x_wconf 88' lang='lat' dir='ltr'>essentialem:</span> <span class='ocrx_word' id='word_1_351' title='bbox 919 3934 950 4016; x_wconf 84' lang='grc'>1)</span> <span class='ocrx_word' id='word_1_352' title='bbox 983 3940 1120 4019; x_wconf 89' lang='lat' dir='ltr'>propter</span> <span class='ocrx_word' id='word_1_353' title='bbox 1149 3936 1365 4003; x_wconf 88' lang='lat' dir='ltr'>intentionem</span> 
     </span>
     <span class='ocr_line' id='line_1_41' title="bbox 35 4024 1364 4109; baseline -0.003 -16"><span class='ocrx_word' id='word_1_354' title='bbox 35 4025 188 4101; x_wconf 90' lang='lat' dir='ltr'>ministri,</span> <span class='ocrx_word' id='word_1_355' title='bbox 214 4024 248 4105; x_wconf 85' lang='lat'>2)</span> <span class='ocrx_word' id='word_1_356' title='bbox 272 4029 406 4109; x_wconf 88' lang='lat' dir='ltr'>propter</span> <span class='ocrx_word' id='word_1_357' title='bbox 430 4024 530 4091; x_wconf 91' lang='lat' dir='ltr'>debiti</span> <span class='ocrx_word' id='word_1_358' title='bbox 553 4047 668 4089; x_wconf 88' lang='lat' dir='ltr'>sensus</span> <span class='ocrx_word' id='word_1_359' title='bbox 684 4024 899 4099; x_wconf 80' lang='lat' dir='ltr'>ablationem3</span> <span class='ocrx_word' id='word_1_360' title='bbox 925 4025 1009 4105; x_wconf 90' lang='lat' dir='ltr'>quod</span> <span class='ocrx_word' id='word_1_361' title='bbox 1031 4026 1175 4109; x_wconf 89' lang='lat' dir='ltr'>applicat</span> <span class='ocrx_word' id='word_1_362' title='bbox 1191 4026 1364 4091; x_wconf 90' lang='lat' dir='ltr'>mutationi</span> 
     </span>
     <span class='ocr_line' id='line_1_42' title="bbox 36 4113 1364 4199; baseline -0.003 -17"><span class='ocrx_word' id='word_1_363' title='bbox 36 4137 120 4199; x_wconf 87' lang='lat' dir='ltr'>quae</span> <span class='ocrx_word' id='word_1_364' title='bbox 150 4117 210 4180; x_wconf 89' lang='lat' dir='ltr'>liat</span> <span class='ocrx_word' id='word_1_365' title='bbox 234 4113 304 4179; x_wconf 88' lang='lat' dir='ltr'>sive</span> <span class='ocrx_word' id='word_1_366' title='bbox 333 4134 392 4197; x_wconf 90' lang='lat' dir='ltr'>per</span> <span class='ocrx_word' id='word_1_367' title='bbox 417 4113 661 4179; x_wconf 88' lang='lat' dir='ltr'>diminutionem</span> <span class='ocrx_word' id='word_1_368' title='bbox 685 4115 858 4179; x_wconf 86' lang='lat' dir='ltr'>verborum</span> <span class='ocrx_word' id='word_1_369' title='bbox 883 4113 953 4178; x_wconf 91' lang='lat' dir='ltr'>sive</span> <span class='ocrx_word' id='word_1_370' title='bbox 977 4136 1035 4197; x_wconf 92' lang='lat' dir='ltr'>per</span> <span class='ocrx_word' id='word_1_371' title='bbox 1058 4115 1267 4181; x_wconf 87' lang='lat' dir='ltr'>additionem.</span> <span class='ocrx_word' id='word_1_372' title='bbox 1314 4115 1364 4178; x_wconf 84' lang='lat' dir='ltr'>En</span> 
     </span>
     <span class='ocr_line' id='line_1_43' title="bbox 36 4205 249 4272; baseline -0.009 -1"><span class='ocrx_word' id='word_1_373' title='bbox 36 4207 104 4272; x_wconf 89' lang='lat' dir='ltr'>eius</span> <span class='ocrx_word' id='word_1_374' title='bbox 128 4205 249 4271; x_wconf 90' lang='lat' dir='ltr'>verba:</span> 
     </span>
    </p>

    <p class='ocr_par' dir='ltr' id='par_1_11' title="bbox 38 4300 1365 4744">
     <span class='ocr_line' id='line_1_44' title="bbox 128 4300 1365 4383; baseline -0.003 -15"><span class='ocrx_word' id='word_1_375' title='bbox 128 4303 241 4382; x_wconf 83' lang='lat' dir='ltr'>,Circa</span> <span class='ocrx_word' id='word_1_376' title='bbox 272 4321 384 4366; x_wconf 90' lang='lat' dir='ltr'>omnes</span> <span class='ocrx_word' id='word_1_377' title='bbox 413 4300 495 4367; x_wconf 89' lang='lat' dir='ltr'>istas</span> <span class='ocrx_word' id='word_1_378' title='bbox 519 4300 733 4376; x_wconf 88' lang='lat' dir='ltr'>mutationes,</span> <span class='ocrx_word' id='word_1_379' title='bbox 766 4321 850 4381; x_wconf 90' lang='lat' dir='ltr'>quae</span> <span class='ocrx_word' id='word_1_380' title='bbox 880 4303 1017 4383; x_wconf 88' lang='lat' dir='ltr'>possunt</span> <span class='ocrx_word' id='word_1_381' title='bbox 1046 4300 1080 4364; x_wconf 92' lang='lat' dir='ltr'>in</span> <span class='ocrx_word' id='word_1_382' title='bbox 1110 4301 1224 4365; x_wconf 83' lang='lat' dir='ltr'>formis</span> <span class='ocrx_word' id='word_1_383' title='bbox 1254 4320 1365 4364; x_wconf 88' lang='lat' dir='ltr'>sacra-</span> 
     </span>
     <span class='ocr_line' id='line_1_45' title="bbox 39 4388 1363 4471; baseline -0.005 -13"><span class='ocrx_word' id='word_1_384' title='bbox 39 4397 223 4460; x_wconf 90' lang='lat' dir='ltr'>mentorum</span> <span class='ocrx_word' id='word_1_385' title='bbox 248 4389 448 4471; x_wconf 84' lang='lat' dir='ltr'>contingere,</span> <span class='ocrx_word' id='word_1_386' title='bbox 473 4390 536 4455; x_wconf 92' lang='lat' dir='ltr'>duo</span> <span class='ocrx_word' id='word_1_387' title='bbox 561 4389 713 4455; x_wconf 90' lang='lat' dir='ltr'>videntur</span> <span class='ocrx_word' id='word_1_388' title='bbox 737 4410 809 4454; x_wconf 90' lang='lat' dir='ltr'>csse</span> <span class='ocrx_word' id='word_1_389' title='bbox 833 4389 1086 4455; x_wconf 86' lang='lat' dir='ltr'>consideranda:</span> <span class='ocrx_word' id='word_1_390' title='bbox 1112 4411 1211 4454; x_wconf 89' lang='lat' dir='ltr'>unum</span> <span class='ocrx_word' id='word_1_391' title='bbox 1236 4388 1363 4471; x_wconf 89' lang='lat' dir='ltr'>quidem</span> 
     </span>
     <span class='ocr_line' id='line_1_46' title="bbox 38 4478 1365 4567; baseline -0.005 -19"><span class='ocrx_word' id='word_1_392' title='bbox 38 4486 198 4567; x_wconf 87' lang='lat' dir='ltr'>exparte</span> <span class='ocrx_word' id='word_1_393' title='bbox 222 4479 293 4545; x_wconf 89' lang='lat' dir='ltr'>eius</span> <span class='ocrx_word' id='word_1_394' title='bbox 323 4480 377 4560; x_wconf 91' lang='lat' dir='ltr'>qui</span> <span class='ocrx_word' id='word_1_395' title='bbox 406 4479 532 4563; x_wconf 90' lang='lat' dir='ltr'>profert</span> <span class='ocrx_word' id='word_1_396' title='bbox 556 4479 672 4557; x_wconf 89' lang='lat' dir='ltr'>verba,</span> <span class='ocrx_word' id='word_1_397' title='bbox 705 4478 795 4544; x_wconf 91' lang='lat' dir='ltr'>cuius</span> <span class='ocrx_word' id='word_1_398' title='bbox 825 4479 963 4544; x_wconf 88' lang='lat' dir='ltr'>intentio</span> <span class='ocrx_word' id='word_1_399' title='bbox 991 4478 1167 4561; x_wconf 83' lang='lat' dir='ltr'>requiritur</span> <span class='ocrx_word' id='word_1_400' title='bbox 1190 4478 1231 4542; x_wconf 86' lang='lat' dir='ltr'>ad</span> <span class='ocrx_word' id='word_1_401' title='bbox 1255 4499 1365 4542; x_wconf 88' lang='lat' dir='ltr'>sacra-</span> 
     </span>
     <span class='ocr_line' id='line_1_47' title="bbox 38 4567 1365 4651; baseline -0.005 -15"><span class='ocrx_word' id='word_1_402' title='bbox 38 4578 192 4638; x_wconf 90' lang='lat' dir='ltr'>mentum.</span> <span class='ocrx_word' id='word_1_403' title='bbox 230 4570 275 4634; x_wconf 86' lang='lat' dir='ltr'>Et</span> <span class='ocrx_word' id='word_1_404' title='bbox 291 4567 363 4633; x_wconf 91' lang='lat' dir='ltr'>ideo</span> <span class='ocrx_word' id='word_1_405' title='bbox 380 4568 408 4633; x_wconf 91' lang='lat' dir='ltr'>si</span> <span class='ocrx_word' id='word_1_406' title='bbox 423 4568 573 4634; x_wconf 86' lang='lat' dir='ltr'>intendat</span> <span class='ocrx_word' id='word_1_407' title='bbox 589 4589 646 4651; x_wconf 89' lang='lat' dir='ltr'>per</span> <span class='ocrx_word' id='word_1_408' title='bbox 663 4567 818 4632; x_wconf 89' lang='lat' dir='ltr'>eiusmodi</span> <span class='ocrx_word' id='word_1_409' title='bbox 835 4568 1032 4632; x_wconf 89' lang='lat' dir='ltr'>additionem</span> <span class='ocrx_word' id='word_1_410' title='bbox 1050 4569 1103 4632; x_wconf 82' lang='lat' dir='ltr'>vel</span> <span class='ocrx_word' id='word_1_411' title='bbox 1121 4568 1365 4633; x_wconf 91' lang='lat' dir='ltr'>diminutionem</span> 
     </span>
     <span class='ocr_line' id='line_1_48' title="bbox 38 4656 1365 4744; baseline -0.005 -17"><span class='ocrx_word' id='word_1_412' title='bbox 38 4661 133 4727; x_wconf 90' lang='lat' dir='ltr'>alium</span> <span class='ocrx_word' id='word_1_413' title='bbox 158 4659 262 4726; x_wconf 93' lang='lat' dir='ltr'>ritum</span> <span class='ocrx_word' id='word_1_414' title='bbox 285 4656 452 4735; x_wconf 87' lang='lat' dir='ltr'>inducere,</span> <span class='ocrx_word' id='word_1_415' title='bbox 484 4656 539 4739; x_wconf 90' lang='lat' dir='ltr'>qui</span> <span class='ocrx_word' id='word_1_416' title='bbox 563 4678 627 4721; x_wconf 93' lang='lat' dir='ltr'>non</span> <span class='ocrx_word' id='word_1_417' title='bbox 651 4657 693 4722; x_wconf 89' lang='lat' dir='ltr'>sit</span> <span class='ocrx_word' id='word_1_418' title='bbox 717 4657 758 4723; x_wconf 91' lang='lat' dir='ltr'>ab</span> <span class='ocrx_word' id='word_1_419' title='bbox 782 4657 931 4722; x_wconf 84' lang='lat' dir='ltr'>Ecclesia</span> <span class='ocrx_word' id='word_1_420' title='bbox 954 4662 1122 4744; x_wconf 77' lang='lat' dir='ltr'>receptuS,</span> <span class='ocrx_word' id='word_1_421' title='bbox 1147 4678 1212 4721; x_wconf 94' lang='lat' dir='ltr'>non</span> <span class='ocrx_word' id='word_1_422' title='bbox 1236 4656 1365 4721; x_wconf 89' lang='lat' dir='ltr'>videtur</span> 
     </span>
    </p>
   </div>
   <div class='ocr_carea' id='block_1_10' title="bbox 0 0 1526 5174">
    <p class='ocr_par' dir='ltr' id='par_1_12' title="bbox 0 0 1526 5174">
     <span class='ocr_line' id='line_1_49' title="bbox 0 0 1526 5174; baseline 0 0"><span class='ocrx_word' id='word_1_423' title='bbox 0 0 1526 5174; x_wconf 95' lang='lat' dir='ltr'> </span> 
     </span>
    </p>
   </div>
  </div>
 </body>
</html>
