3044 5174
149 295 214 359 314
603 291 809 347 Sacramentum
828 293 1019 362 paenitentiae.

148 469 298 552 integrae
329 469 438 535 famae
471 489 551 534 sane
582 490 625 552 pa
626 474 752 537 teretur
784 469 960 537 detriment
946 473 1034 547 ι,ιιιιι
1068 469 1207 552 ideoque
1238 468 1340 552 sigilli
1372 468 1471 536 laesio

148 558 369 625 committeret
354 563 418 625 tur.
461 556 514 623 Ad
536 578 606 623 rem
628 561 704 624 nost
705 579 776 623 ram
800 558 878 625 dicit
902 559 1071 636 Suarez,
1095 559 1145 624 De
1163 561 1288 644 poenit.
1313 558 1396 642 disp.
1421 560 1472 629 38,

148 652 228 714 sect.
253 650 284 724 3,
309 669 339 715 n
365 651 402 713 8:
435 646 597 723 ,Maxime
620 642 876 714 cauendumt
824 653 885 724 est,
909 668 950 713 ne
974 608 1118 714 offendat
1103 653 1158 714 tur
1181 647 1361 714 communit
1362 668 1409 725 as,
1433 648 1472 713 ad

148 757 245 819 quam
269 697 346 803 ialis
369 757 510 820 persona
539 736 749 819 pertinet,u
752 736 822 802 tsi
854 697 943 801 dicat
972 739 1154 822 ιιιιφιοιιιιιι
1183 737 1245 802 hoc
1273 735 1473 813 fecisset
1441 741 1473 802 et

148 826 342 927 praesertim
366 825 561 891 nominando
585 828 800 910 relipionem
788 848 824 890 ιιι
841 828 1057 927 porticutori;
1084 825 1161 908 quia
1183 846 1302 892 revera
1324 825 1418 891 hoc
1409 846 1470 890 ram

148 915 342 980 redundat
333 936 367 978 m
390 935 570 997 gravamen
594 914 739 981 notabile
762 913 970 998 paenitentis,
998 914 1162 999 praeter
1153 914 1305 980 iniuriam
1329 916 1472 997 quaefit

148 1003 436 1070 communitati...
455 1002 553 1070 ,Sed
578 1008 667 1069 certe
688 1024 753 1068 non
769 1004 994 1086 quodcumque
1008 1007 1125 1088 peccat
1126 1025 1180 1068 um
1196 1007 1257 1081 ιιι,
1233 1003 1342 1069 tsed
1358 1008 1436 1069 cont
1437 1024 1471 1067 ra

147 1098 406 1169 sacramentum
431 1113 551 1176 ergoe
534 1095 568 1158 ιι
592 1098 669 1159 cont
670 1113 707 1157 ra
731 1091 902 1174 sigillum.l

238 1198 416 1265 Gobatl.
441 1220 468 1265 c.
493 1220 524 1264 n
545 1200 620 1264 810.
645 1200 726 1263 811:
755 1198 862 1276 ,ldem
887 1197 1008 1263 crimen
1031 1198 1126 1281 (laesi
1149 1197 1262 1280 sigilli)
1286 1196 1470 1274 consciscis,

148 1287 287 1372 quando,
312 1309 355 1354 ex
378 1288 450 1353 sola
472 1286 676 1353 confessione
698 1250 813 1354 notium
836 1287 960 1352 habens
984 1287 1110 1369 aliquos
1126 1307 1249 1371 parvae
1266 1288 1383 1353 domus
1399 1287 1471 1352 reli-

147 1377 276 1478 giosae,
300 1377 396 1461 parvi
418 1377 496 1460 pagi
518 1376 644 1442 incolas
668 1396 740 1441 esse
763 1376 861 1442 valde
883 1375 988 1458 flagit
979 1397 1083 1454 iosos,
1108 1376 1206 1441 dicis:
1229 1375 1267 1440 In
1290 1375 1354 1442 hoc
1376 1396 1470 1460 pago,

147 1467 181 1530 in
203 1467 264 1532 hoc
279 1466 478 1531 monasterio
494 1469 572 1531 sunt
588 1465 688 1548 aliqui
704 1465 800 1531 valde
815 1464 986 1542 scelerati;
1012 1486 1088 1530 nam
1104 1464 1165 1530 hoc
1181 1465 1277 1530 modo
1292 1464 1472 1532 infamatur

147 1559 253 1621 totum
277 1555 521 1630 monasterium,
545 1559 636 1621 totus
660 1575 775 1638 pagus,
800 1558 833 1619 ιι
857 1558 1094 1636 consequenter
1109 1553 1166 1631 illi,
1191 1553 1247 1636 qui
1262 1574 1324 1618 sua
1340 1554 1401 1620 tibi
1425 1554 1471 1618 ul·

148 1665 223 1709 cera
247 1648 455 1728 aperuerunt,
479 1644 682 1708 infamantur
705 1647 739 1709 ιι
762 1643 886 1728 pudore
909 1643 1097 1708 afficiuntur
1120 1662 1230 1708 coram
1253 1642 1328 1707 aliis
1346 1695 1354 1710 .
1371 1693 1406 1710 ..
1440 1643 1471 1707 Si

146 1738 258 1798 tamen
282 1733 408 1798 diceres
431 1732 596 1816 quidpiam
619 1732 686 1798 tale
710 1733 750 1797 de
774 1732 883 1814 aliqua
910 1752 1031 1814 magna
1054 1732 1151 1809 urbe,
1183 1731 1383 1797 monasterio
1409 1733 1470 1797 500

146 1825 205 1888 aut
237 1824 322 1888 1000
352 1821 600 1899 monachorum,
632 1825 669 1887 ut
698 1821 773 1886 olim
804 1821 1061 1886 numerabantur
1089 1821 1150 1885 sub
1174 1820 1207 1887 S.
1231 1820 1409 1886 Pachomio
1440 1825 1472 1886 ιι

147 1912 247 1979 etiam
271 1910 405 1987 Isidoro,
430 1932 544 1995 posses
567 1910 696 1975 facilius
712 1932 777 1976 non
793 1931 813 1974 a
829 1911 900 1975 sola
915 1909 1119 1976 detractione
1134 1908 1193 1975 sed
1208 1909 1308 1976 etiam
1326 1930 1347 1974 a
1370 1909 1472 1975 sacri·

146 2001 232 2084 legio
256 1999 439 2066 excusari“.
480 2000 571 2065 Nota
593 2004 703 2067 autem
727 2003 893 2065 auctorem
917 1999 1024 2064 dicere
1045 2000 1179 2083 facilius
1201 1998 1354 2064 excusari
1376 2019 1472 2083 posse

147 2111 167 2155 a
189 2090 372 2171 sacrilegio,
396 2112 460 2154 ιιοιι
484 2091 622 2154 absolate
647 2097 673 2153 et
695 2110 836 2174 semper;
858 2088 1002 2153 insinuat
1017 2087 1127 2170 igitur,
1152 2109 1229 2152 num
1253 2108 1373 2153 revera
1396 2089 1473 2155 talis

146 2178 266 2245 locutio
291 2183 361 2244 tum
385 2199 405 2243 a
428 2178 517 2243 laeso
540 2177 648 2258 sigillo
679 2182 830 2256 excuset,
862 2176 1004 2262 pendere
1027 2198 1048 2242 a
1071 2176 1233 2243 concretis
1257 2176 1472 2245 circumstan-

147 2267 213 2336 tiis.
260 2267 327 2332 Alii
350 2267 509 2333 similiter.
557 2265 604 2332 Of.
630 2267 730 2332 etiam
757 2268 813 2334 Tt.
838 2289 878 2334 ιιι.
903 2265 944 2343 ΙΙ,
968 2268 1044 2335 469.

237 2374 347 2437 Marc
371 2394 401 2437 n.
430 2374 513 2437 1868
538 2371 601 2437 ait:
636 2372 767 2449 ,Violat
790 2372 948 2453 sigillum,
980 2372 1035 2454 qui
1058 2371 1137 2438 dicit
1160 2392 1196 2436 se
1218 2370 1252 2435 in
1275 2370 1336 2437 tali
1359 2392 1473 2437 mona·

148 2461 248 2528 sterio
272 2461 437 2526 audivisse
460 2467 631 2545 peccatum
654 2481 774 2542 grave,
799 2461 861 2526 etsi
884 2483 949 2526 non
972 2460 1119 2526 nominat
1142 2480 1335 2543 personam;
1369 2461 1424 2525 vel
1446 2461 1473 2525 si

148 2551 228 2617 dicit
256 2550 446 2615 monasterii
476 2550 661 2633 praelatum
691 2571 756 2615 non
785 2549 967 2633 advigilare
996 2548 1197 2614 sufficienter
1226 2549 1294 2614 suis
1322 2549 1472 2625 subditis,

148 2639 224 2722 quia
254 2639 336 2705 talia
366 2640 467 2704 verba
496 2638 668 2720 inquinant
698 2639 820 2704 famam
850 2639 952 2705 totius
983 2637 1235 2705 communitatis.
1283 2638 1314 2703 Α
1344 2637 1473 2704 ιοιιιοιι

147 2729 289 2795 ιιοιιιιι
312 2727 473 2808 sigillum,
505 2729 559 2810 qui
583 2728 708 2794 diceret
737 2728 853 2809 gravia
883 2728 915 2792 in
946 2728 1001 2793 illo
1025 2731 1188 2793 conventu
1212 2727 1375 2794 committi
1398 2748 1473 2812 pec-

148 2822 231 2884 cata.
265 2853 305 2862 —
330 2816 430 2894 Item,
455 2817 483 2881 si
506 2817 567 2881 hoc
591 2817 715 2884 diceret
738 2817 778 2882 de
801 2816 913 2882 ordine
937 2816 1110 2883 strictioris
1134 2815 1384 2893 observantiae,
1417 2822 1473 2883 aut

147 2907 187 2972 ds
210 2905 369 2988 religione
391 2927 508 2990 parum
532 2905 695 2988 dispansa,
720 2926 804 2987 quae
827 2927 944 2988 nempe
967 2909 1153 2971 recenseret
1168 2904 1274 2970 minus
1298 2927 1400 2988 quam
1423 2911 1474 2974 ter

146 2996 235 3061 mille
259 2996 416 3063 alumnos.
452 2995 562 3072 Secura,
587 2995 615 3060 si
638 2995 685 3060 ita
701 2995 889 3077 loqueretur
912 2995 952 3058 de
975 2995 1083 3076 aliquo
1107 2994 1291 3077 religioso
1283 3016 1317 3059 ιιι
1341 3015 1471 3076 genere,

147 3085 201 3150 vel
224 3086 264 3150 de
287 3085 400 3149 ordine
430 3084 568 3150 multum
598 3083 816 3167 dispansoet
782 3083 972 3150 enotorie
1002 3083 1170 3161 relaxato,
1201 3082 1329 3149 secluso
1361 3087 1473 3150 tamen

148 3175 234 3239 omni
259 3173 402 3257 periculo
425 3172 619 3256 suspicionis
643 3174 683 3237 de
706 3173 815 3254 aliquo
839 3173 1069 3239 monasterio
1060 3194 1093 3237 1n
1116 3133 1338 3256 paiticularif‘

235 3297 288 3362 An
312 3316 503 3372 ιιιιιιιιιιιιιι
528 3299 566 3360 2““
582 3296 621 3362 ιι.
653 3295 706 3360 Ex
730 3295 825 3360 dictis
849 3295 1004 3378 distingui
1029 3295 1135 3362 debet.
1167 3295 1297 3361 Dictum
1315 3295 1470 3372 Cerinthi,

147 3386 175 3450 si
199 3407 239 3450 ex
271 3385 524 3452 circumstantiis
548 3384 663 3450 referri
695 3384 792 3450 debet
822 3384 864 3449 ad
893 3406 999 3469 pauca
1028 3385 1229 3449 monasteria
1259 3385 1314 3449 vel
1347 3386 1390 3450 ad
1422 3407 1471 3450 or·

148 3475 254 3539 dinem
285 3495 400 3557 parum
429 3495 652 3548 numerosum,
683 3473 826 3538 maxime
856 3472 884 3537 si
913 3473 1085 3555 religiosae
1116 3473 1305 3557 disciplinae
1330 3474 1471 3557 vigentis

148 3564 271 3628 famam
299 3564 461 3646 possidet,
493 3567 544 3628 est
573 3562 711 3628 notitiae
740 3562 990 3628 sacramentalis
1020 3561 1133 3644 gravis
1163 3562 1284 3627 abusus
1309 3563 1470 3647 sigillique

147 3652 258 3717 laesio.
291 3651 324 3717 Si
348 3673 427 3717 vero
450 3652 561 3734 agitur
583 3652 623 3717 de
646 3652 760 3718 ordine
784 3652 881 3716 valde
904 3672 1087 3729 numeroso,
1113 3672 1216 3734 neque
1240 3652 1281 3716 de
1304 3653 1389 3718 certi
1412 3653 1469 3719 loci

147 3741 201 3805 vel
224 3741 366 3823 regionis
397 3741 611 3806 conventibus
634 3742 773 3825 suspicio
799 3741 936 3806 excitari
960 3745 1086 3824 potest,
1117 3761 1183 3805 non
1206 3746 1279 3808 erat
1301 3741 1406 3808 laesio
1430 3742 1470 3806 si·

148 3830 227 3909 gilli,
253 3829 315 3896 etsi
338 3830 424 3896 forte
448 3830 630 3911 loquacitas
653 3830 927 3914 reprehensibilis.

277 4040 562 4108 CONFESSARII
586 4039 784 4106 EIUSDEM
807 4038 1104 4106 PAENITENTIS
1128 4039 1265 4105 INTER
1290 4040 1342 4106 SE

634 4180 986 4258 COLLOQUENTES.

706 4346 817 4411 Casus.
836 4352 912 4419 (158)

238 4487 333 4545 Titius
354 4486 457 4546 aOaio
481 4486 634 4545 consultus
656 4485 690 4543 de
713 4491 793 4544 certo
816 4486 913 4560 aliquo
935 4504 1007 4543 casu
1029 4485 1234 4556 confessionis,
1257 4487 1360 4546 statim
1383 4488 1470 4547 anim·

148 4567 279 4625 advertit
308 4587 374 4625 esse
396 4586 498 4625 casum
519 4566 629 4625 Lucios
652 4566 735 4624 ouius
756 4566 821 4642 ipse
843 4566 932 4623 ctiam
954 4567 1169 4625 confessionem
1191 4575 1360 4642 acceperat.
1397 4567 1470 4638 Qua·

149 4652 269 4723 propter
290 4652 435 4706 attentum
457 4647 553 4706 reddit
567 4646 668 4706 Gaium
690 4646 728 4704 ad
749 4646 877 4722 aliquam
898 4646 1077 4721 singularem
1099 4647 1365 4720 circumstantium,
1387 4668 1472 4726 quam
