3044 5174
313 273 440 328 Minister
458 274 559 345 poenit.
579 302 614 311 -
631 273 754 343 sigillum
772 279 935 330 sacrament.
955 305 988 314 —
1008 275 1066 329 eius
1086 274 1204 330 violatio.
1355 279 1419 342 331

282 508 293 521 '
322 511 656 579 PAENITENTIAE
679 511 917 580 IMPOSI'I'AE
940 512 1203 580 REVELATIO.

656 679 766 746 Casus.
786 686 862 755 (167)

178 818 374 891 Pancratius,
402 825 559 896 postquam
585 839 639 896 por
665 820 774 878 multae
794 819 884 879 horas
905 837 972 877 cum
992 817 1059 877 aliis
1081 817 1285 877 sacerdotibus
1307 815 1421 875 confes·

90 899 191 959 aiones
212 901 399 977 excepisset,
421 901 458 958 ad
480 919 583 959 cenam
604 905 722 959 narrat:
751 900 848 958 Hodie
869 899 1024 957 animabus
1045 898 1076 957 in
1097 897 1270 974 purgatorio
1291 896 1422 956 detentis

91 980 286 1057 complurium
308 985 497 1040 centenorum
519 980 697 1039 rosariorum
719 979 863 1055 suffragia
889 978 1056 1056 procuravi.
1097 977 1201 1037 Multis
1222 976 1357 1037 duodena
1377 996 1422 1035 ro·

91 1060 180 1133 saria,
203 1061 315 1120 nemini
335 1060 414 1119 infra
435 1080 524 1119 unum
545 1080 598 1138 pro
620 1060 805 1136 paenitentia
825 1058 961 1136 imposui.

90 1176 271 1247 Quarmrua
292 1176 321 1234 1ο
341 1175 475 1235 revelare
496 1175 710 1252 paenitentiam
729 1174 897 1252 impositam
919 1174 996 1233 sitne
1018 1179 1123 1233 contra
1143 1171 1281 1248 sigillum.

293 1274 324 1331 2⁰
345 1273 413 1351 quid
434 1272 470 1333 de
491 1273 644 1333 Pancratii
665 1273 753 1333 dictis
774 1272 972 1331 iudicandum.

689 1473 825 1541 Salutio.

179 1627 234 1691 An
259 1646 450 1702 ouansrruu
476 1629 513 1691 lm
543 1626 582 1693 R.
609 1628 637 1692 1.
684 1625 927 1692 Paenitentiam
950 1645 1103 1707 gravem,
1135 1622 1156 1690 i.
1181 1644 1208 1689 e.
1241 1643 1313 1688 eam
1337 1643 1421 1704 quae
1431 1637 1481 1694 581

89 1738 148 1801 pro
172 1714 271 1798 gravi
293 1718 429 1799 peccato
453 1735 494 1779 ex
524 1714 682 1780 hodierna
711 1714 882 1798 disciplina
912 1714 1033 1797 imponi
1064 1714 1165 1790 solet,
1181 1711 1419 1789 manifestare,

87 1807 137 1872 ita
159 1809 199 1871 ut
223 1803 356 1883 sciatur,
381 1804 509 1870 cuinam
533 1804 615 1870 haec
638 1804 739 1870 tuerit
761 1803 925 1887 imposita,
950 1802 1108 1867 indirecte
1131 1804 1183 1867 est
1206 1799 1420 1867 manifestare

88 1916 165 1960 eum
189 1893 339 1976 graviter
360 1913 516 1978 peccasse
539 1893 686 1975 adeoque
710 1898 826 1959 contra
849 1892 1002 1974 sigillum.
1049 1892 1082 1958 S.
1106 1889 1223 1974 Alph.
1249 1889 1311 1966 VI,
1337 1892 1419 1966 6413

90 1985 206 2049 Maro
223 2005 254 2049 n.
274 1984 377 2060 1864;
395 1981 572 2049 d'Annib.
590 1982 648 2061 III,
666 1985 741 2060 360,
758 2004 789 2049 n.
808 1984 867 2059 27,
884 1980 1193 2047 Bellen-Palm.
1210 1979 1231 2044 l.
1249 1999 1276 2044 o.
1293 2000 1325 2045 n.
1343 1980 1418 2045 946.

181 2089 221 2155 R.
247 2092 276 2155 2.
323 2089 426 2154 Immo
450 2089 514 2155 etsi
537 2088 739 2172 paenitentia
768 2087 914 2154 iniuncta
943 2086 1065 2153 indicet
1095 2090 1224 2152 tantum
1247 2089 1419 2168 peccatum

89 2178 222 2246 reniale
244 2178 380 2261 gravius
402 2178 457 2243 vel
480 2178 622 2243 venialia
645 2177 884 2254 numerosiora,
915 2197 958 2242 ex
987 2175 1084 2241 simili
1108 2195 1208 2240 causa
1238 2177 1353 2240 contra
1375 2172 1420 2239 si·

89 2269 207 2352 gillum
231 2271 292 2334 est.
339 2267 435 2332 Unde
465 2272 559 2351 patet
582 2268 675 2333 salvo
706 2266 814 2350 sigillo
845 2267 933 2331 solas
963 2264 1038 2330 illas
1068 2262 1288 2348 paenitentias
1315 2262 1420 2328 mani·

90 2357 209 2424 testari
232 2377 347 2441 posse,
378 2377 463 2438 quae
485 2377 544 2440 pro
567 2356 743 2421 levissimis
767 2355 869 2439 culpis
893 2355 1022 2420 soleant
1044 2353 1183 2437 imponi,
1207 2374 1239 2418 v.
1264 2374 1295 2435 g.
1320 2373 1419 2417 uuum

90 2449 275 2515 alterumve
299 2445 399 2511 Pater
422 2450 456 2511 et
479 2446 551 2510 Ave
575 2449 608 2511 et
631 2445 760 2512 similia.
791 2444 953 2510 Videlicet
975 2444 1069 2509 salvo
1093 2442 1200 2525 sigillo
1225 2441 1287 2506 diei
1310 2445 1421 2524 potest

90 2537 131 2602 de
155 2534 304 2618 quolibet
326 2534 477 2600 confesso
502 2555 575 2600 eum
599 2535 783 2599 confessum
808 2554 880 2599 esse
896 2532 1025 2598 veniale
1041 2554 1098 2597 seu
1114 2530 1258 2596 venialia
1272 2535 1419 2614 peccata,
1449 2546 1451 2550 ’

90 2648 129 2691 eo
152 2624 250 2690 modo
274 2628 312 2690 ut
334 2624 523 2689 nullatenus
552 2623 692 2707 suspicio
724 2623 848 2705 concipi
879 2623 983 2705 possit
1013 2621 1095 2687 haec
1124 2620 1226 2685 fuisse
1249 2619 1419 2701 graviora3

90 2718 294 2798 quapropter
317 2712 416 2778 etiarn
440 2711 643 2796 paenitentia
667 2734 750 2794 quae
773 2712 852 2777 nihil
883 2711 946 2776 nisi
969 2711 1048 2776 illud
1071 2710 1193 2775 indicet
1215 2708 1420 2774 manifestari

90 2808 203 2889 potest
226 2802 296 2867 sine
319 2801 418 2884 sigilli
441 2802 595 2867 laesione.
643 2801 753 2881 (Auot.
777 2800 878 2882 laud.)

179 2924 234 2991 An
257 2945 449 3002 ouansrrux
473 2928 512 2989 2m
539 2924 578 2991 R.
606 2927 634 2990 1.
682 2923 875 2990 Pancratius
905 2944 970 2987 non
1000 2921 1181 2988 nominavit
1210 2920 1340 3004 quidem
1371 2920 1419 2985 di·
1430 2937 1483 2994 582

88 3020 181 3082 recte
205 3015 347 3098 aliquem
370 3014 610 3097 paenitentem;
635 3013 692 3078 sed
708 3013 785 3096 quia
800 3014 917 3078 saltem
935 3011 1035 3095 aliqui
1055 3033 1097 3076 ex
1113 3010 1163 3089 iis,
1188 3032 1325 3093 quorum
1342 3030 1420 3074 oon·

88 3105 252 3170 sessiones
282 3103 428 3186 excepit,
460 3102 533 3168 aliis
563 3102 634 3168 noti
663 3107 759 3168 erant
789 3103 840 3167 vel
870 3100 1026 3167 facillime
1056 3099 1126 3166 noti
1155 3100 1226 3165 fieri
1255 3102 1419 3182 poterant,

88 3195 177 3260 idom
200 3192 290 3271 fecit,
316 3214 355 3258 ao
378 3192 407 3256 si
431 3192 470 3258 de
495 3192 593 3258 certis
616 3191 766 3276 personis
789 3191 944 3256 dixisset:
969 3189 1054 3254 Huic
1077 3188 1214 3273 imposui
1232 3210 1290 3272 pro
1306 3186 1420 3271 paeni·

88 3283 198 3350 tentia
221 3282 390 3347 rosarium.
422 3281 544 3346 Verum
560 3280 722 3346 rosarium
746 3283 798 3345 est
813 3279 952 3345 materia
968 3277 1160 3361 simpliciter
1175 3277 1297 3358 gravis,
1323 3297 1420 3359 quam

88 3394 149 3458 pro
174 3371 284 3454 aliquo
308 3371 402 3453 gravi
426 3374 561 3453 peccato
584 3370 752 3453 imponere
768 3368 899 3446 suflicit,
925 3373 959 3434 et
982 3388 1067 3449 quae
1088 3388 1148 3450 pro
1165 3371 1302 3450 peccato
1325 3364 1421 3448 gravi

89 3461 214 3546 imponi
237 3461 331 3526 solet.
379 3460 581 3541 Quamquam
604 3458 706 3540 igitur
729 3457 850 3542 imponi
874 3456 1107 3541 potestatium
1132 3456 1181 3532 iis,
1207 3456 1261 3537 qui
1285 3459 1420 3539 peccato

89 3551 188 3634 gravi
212 3549 326 3615 infecti
350 3570 414 3613 non
437 3553 530 3624 sunt,
562 3552 673 3614 tamen
696 3547 765 3612 eius
796 3546 960 3629 impositio
984 3545 1200 3628 suspicionem
1224 3546 1343 3610 saltem
1367 3544 1420 3608 trel

90 3641 224 3706 dubium
248 3639 375 3723 peccati
398 3638 547 3704 mortalis
571 3636 732 3702 commissi
756 3636 969 3720 probabiliter
992 3634 1128 3701 excitat.
1165 3635 1255 3717 Ergo
1278 3634 1422 3699 Pancra-

92 3730 159 3797 tius
183 3749 243 3812 per
265 3749 300 3793 se
325 3728 393 3809 egit
417 3731 532 3793 contra
555 3726 708 3808 sigillum.

184 3835 223 3900 R.
242 3838 270 3901 2.
303 3832 521 3900 Nihilominus
543 3832 615 3898 fieri
638 3832 746 3917 potuit
769 3836 807 3898 ut
823 3830 1017 3897 Pancratice
1036 3831 1161 3895 addens
1185 3832 1421 3915 explicationem

93 3949 113 3992 a
137 3924 283 3990 laesione
306 3922 406 4005 sigilli
429 3928 653 3989 excusaretur.
700 3921 787 3987 Nam
817 3920 845 3984 si
869 3920 1007 3985 dixisset
1030 3939 1062 3984 v,
1087 3941 1118 4001 g.
1143 3919 1216 4001 Ego
1246 3939 1365 4001 sequor
1388 3918 1421 3981 in

92 4013 296 4098 excipiendis
320 4011 577 4078 confessionibus
600 4011 685 4076 hano
708 4010 873 4092 regulam:
905 4009 965 4085 Qui
995 4008 1107 4073 multis
1138 4008 1283 4090 peccatis
1313 4006 1421 4071 onusti

93 4109 188 4180 sunt,
213 4102 332 4168 leniter
353 4106 460 4167 tracto
483 4099 719 4185 paenitentiam
743 4104 901 4181 quantum
925 4118 1057 4181 possum
1082 4097 1281 4170 diminuens;
1313 4095 1370 4160 sed
1394 4095 1420 4159 si

94 4214 177 4277 quos
200 4197 318 4257 nactus
347 4213 417 4256 sum
450 4191 521 4274 pios
551 4189 773 4274 paenitentes,
805 4188 914 4252 iinon
945 4191 1129 4268 gravantur
1159 4185 1281 4249 maiore
1312 4184 1423 4266 aliqua

94 4281 316 4368 paenitentia:
348 4302 477 4362 semper
500 4280 606 4362 reperi
631 4278 704 4342 illos
736 4278 878 4343 libenter
907 4276 1068 4341 rosarium
1091 4273 1267 4355 accepisse.
1315 4273 1422 4349 Quare

94 4372 245 4437 omnibus
268 4370 329 4434 hoe
351 4370 492 4452 impono,
517 4369 615 4433 immo
632 4366 729 4432 valde
752 4367 815 4451 piis
838 4367 942 4449 plura,
967 4384 1102 4428 monens
1126 4384 1182 4427 eos
1207 4368 1242 4427 ut
1266 4383 1325 4444 pro
1349 4361 1422 4427 aliis

94 4461 290 4528 satisfacere
313 4459 425 4524 velint.
450 4496 494 4505 —-
518 4458 552 4523 Si
575 4457 656 4521 haec
680 4457 730 4521 vel
756 4456 874 4521 similia
897 4453 1088 4530 adiecisset,
1113 4452 1230 4533 quibus
1253 4450 1422 4534 probabile

94 4553 206 4618 facere
229 4552 364 4633 poterat
387 4548 488 4613 etiarn
511 4546 665 4630 piissimis
688 4545 931 4629 paenitentibus
961 4541 1084 4625 imponi
1114 4541 1260 4624 potuisse
1284 4541 1338 4604 vel
1361 4539 1422 4604 im-

95 4643 237 4726 positam
263 4658 336 4702 esse
360 4636 517 4702 eiusmodi
540 4635 775 4720 paenitentiam
800 4655 841 4699 ex
865 4653 901 4697 se
924 4651 1077 4713 gravem,
1109 4630 1209 4713 sigilli
1231 4629 1333 4695 laesio
1357 4651 1422 4695 non
