3044 5174
151 283 217 347 298
607 278 812 333 Sacramentum
831 279 1022 349 paenitentiae.

151 456 237 521 Nam
268 460 320 521 est
348 476 418 532 res,
450 474 534 536 quae
560 455 626 537 legi
649 453 792 520 naturali
815 455 904 519 clare
926 459 1106 538 repugnat,
1137 454 1229 521 cuius
1252 454 1386 523 malitia
1407 478 1476 525 raro

150 545 384 610 invincibiliter
407 544 587 626 ignoratur.
630 544 664 610 Si
688 543 772 608 enim
797 543 866 609 eins
889 544 1016 610 malitia
1039 565 1103 609 non
1128 545 1277 612 clareat
1300 550 1420 631 aperte
1439 549 1475 613 ab

149 635 300 700 omnibus
323 633 514 715 coningibus
538 632 754 714 cognoscitur,
779 632 933 698 facillime
956 639 1068 699 tamen
1092 634 1132 698 de
1148 654 1188 699 ea
1204 634 1329 701 serium
1351 635 1475 702 dubium

149 723 354 807 concipiunt;
379 723 464 804 quod
488 723 610 787 sufficit
633 727 670 787 ut
693 723 779 787 bona
801 723 882 787 fides
906 743 969 786 non
993 722 1133 806 amplius
1156 723 1329 790 subsistat.

241 821 279 885 In
294 821 379 885 hunc
394 841 524 885 sensnm
541 818 641 885 etiarn
656 821 960 886 &Praecinctiones
975 820 1157 903 respondit;
1175 842 1206 888 v.
1223 821 1282 886 ΤΙι.
1295 844 1339 889 m.
1352 821 1395 900 Π,
1408 824 1474 889 859.

149 909 305 975 datarum
333 930 393 993 per
420 910 646 992 exceptionem
669 908 740 973 fieri
762 914 874 992 potest
903 913 940 974 ut
963 909 1163 974 confessario
1186 909 1288 975 liceat
1311 909 1426 987 silere,
1451 912 1475 977 ai

151 1020 188 1064 re
210 999 283 1082 ipsa
306 999 475 1064 moraliter
498 1003 589 1063 certo
612 997 735 1064 iudicet
757 998 980 1080 paenitentem
1002 998 1035 1063 in
1052 999 1139 1064 bona
1158 999 1221 1064 fide
1237 999 1372 1066 versari
1386 1005 1476 1082 atque
1509 1046 1512 1051 -

150 1089 265 1171 gravis
288 1087 419 1152 omnino
442 1087 527 1154 ratio
551 1087 595 1153 sit
617 1086 753 1170 putandi
779 1087 989 1152 monitionem
1004 1088 1123 1152 nedum
1140 1088 1365 1170 profuturam,
1388 1089 1476 1174 plane

150 1179 302 1243 nocivam
325 1198 407 1255 esse,
433 1197 506 1241 curn
530 1197 605 1260 spes
628 1197 692 1241 non
716 1177 875 1258 affulgeat
897 1176 975 1241 mali
998 1176 1201 1243 emendandi.

523 1367 784 1434 PRUDENTIA
807 1367 856 1433 IN
879 1368 1112 1435 MONENDO.

710 1535 822 1602 Casus.
841 1544 917 1611 (149)

241 1677 308 1735 Udo
330 1675 513 1735 acatholicus
536 1695 600 1733 cum
623 1676 736 1733 loanna
757 1676 905 1734 catholica
920 1682 1112 1735 contraxerat
1125 1676 1349 1736 matrimonium
1371 1676 1403 1736 iu
1415 1677 1478 1737 Hie·

151 1757 244 1836 pania
271 1776 369 1816 coram
397 1756 533 1815 ministro
555 1756 722 1814 acatholico
743 1776 837 1831 nuper
863 1757 992 1816 invecto.
1031 1757 1134 1817 Proles
1155 1757 1309 1833 hucusque
1330 1757 1478 1835 adscripta

151 1845 200 1898 est
221 1843 322 1897 sactae
344 1837 537 1896 acatholicae.
565 1837 676 1895 Verum
698 1839 735 1895 ab
757 1837 854 1912 aliquo
875 1842 1006 1913 tempore
1021 1837 1136 1897 Ioanna
1150 1837 1290 1913 concepit
1314 1857 1401 1914 spem
1420 1838 1479 1899 fora

152 1925 186 1978 ut
207 1918 330 1977 maritus
351 1918 528 1976 catholicam
550 1916 753 1976 educationem
769 1917 927 1988 concedat;
950 1918 1044 1993 proin,
1066 1917 1251 1976 conscientia
1265 1937 1384 1993 pressa,
1405 1937 1480 1977 nunc

150 1999 216 2059 adit
236 1998 460 2067 confessarium,
482 1997 596 2055 sincere
618 1997 698 2055 dolat
718 1998 754 2055 de
776 1997 905 2056 admisso
926 2002 1049 2074 peccato
1071 2003 1101 2056 et
1121 1997 1397 2058 reconciliationem
1417 2018 1478 2058 cum

153 2081 217 2138 Deo
239 2079 326 2137 enixa
347 2084 443 2152 rogat,
465 2077 640 2152 promittens
662 2096 694 2136 se
714 2077 861 2136 facturam
883 2078 997 2147 omnia,
1018 2097 1093 2153 quae
1114 2077 1210 2154 possit
1230 2085 1261 2137 et
1282 2097 1361 2153 quae
1383 2078 1422 2138 ad
1440 2097 1479 2137 re

151 2159 391 2219 conciliationem
411 2157 606 2233 requirantur.
650 2157 872 2228 confessarius,
901 2158 1077 2232 intellegens
1103 2158 1321 2217 matrimonium
1352 2178 1422 2218 esse
1440 2158 1478 2217 in·

153 2240 292 2310 validum,
315 2244 418 2315 aperte
433 2238 515 2296 iubet
536 2257 600 2296 eam
620 2237 769 2296 abstinere
793 2239 829 2296 ab
845 2238 923 2296 omni
937 2239 1000 2297 vita
1015 2238 1179 2312 coniugali;
1200 2257 1296 2313 neque
1310 2258 1397 2315 spem
1420 2239 1480 2297 fore

153 2325 187 2378 ut
207 2319 366 2377 remedium
388 2320 493 2377 afferre
514 2318 624 2393 possit,
656 2317 713 2375 nisi
742 2318 840 2376 cautio
868 2319 987 2394 reipsa
1009 2318 1078 2376 data
1104 2318 1144 2377 sit
1165 2318 1201 2376 de
1222 2318 1380 2377 educanda
1400 2319 1479 2396 prola

153 2399 295 2458 universa
316 2400 347 2457 in
368 2399 425 2458 fide
446 2398 602 2456 catholica.
645 2396 728 2466 Quod
750 2398 879 2457 audiens
894 2400 1036 2469 maritus,
1059 2398 1103 2456 ira
1124 2399 1264 2457 incensus
1285 2399 1365 2475 quod
1386 2416 1479 2459 sacer·

153 2481 208 2538 dos
230 2480 303 2538 adeo
329 2480 438 2537 audeat
465 2497 568 2554 pacem
589 2479 719 2537 familiae
741 2480 928 2553 perturbare,
957 2478 1139 2553 arcligione
1167 2478 1333 2550 catholica,
1364 2480 1413 2538 cui
1440 2479 1479 2538 in-

152 2565 275 2636 ceperat
295 2560 413 2628 favere,
435 2559 523 2634 plane
544 2558 692 2617 alienatur
711 2559 848 2634 iuratque
869 2578 902 2617 ae
924 2579 1081 2634 numquam
1102 2559 1329 2634 permissurum,
1351 2566 1387 2618 ut
1407 2559 1478 2636 quis·

154 2659 241 2715 quam
263 2659 301 2698 ex
322 2640 392 2697 filiis
413 2641 476 2697 suis
504 2639 669 2698 catholicus
690 2638 759 2709 fiat,
787 2639 1031 2715 gravissimisque
1058 2639 1146 2698 minis
1174 2639 1257 2714 cogit
1276 2639 1424 2699 Ioannam
1444 2639 1478 2698 ad
1519 2640 1521 2645 ’

154 2720 245 2779 vitam
268 2720 451 2794 coniugalem
473 2720 698 2794 producendam.
1517 2729 1520 2735 ·

243 2801 327 2859 Uxor
348 2800 456 2858 misera
478 2801 612 2873 confugit
633 2800 670 2857 ad
692 2800 817 2857 alterum
839 2799 1069 2868 confessarium,
1100 2798 1166 2874 qni,
1194 2819 1227 2857 re
1255 2818 1358 2858 secum
1389 2799 1475 2859 consi·

152 2880 274 2950 derata,
297 2899 362 2939 cum
383 2881 440 2938 hoc
461 2879 492 2938 in
512 2880 577 2938 loco
600 2879 710 2938 actuali
731 2880 779 2937 lex
802 2879 975 2938 Tridentina
996 2878 1248 2938 clandestinitatis
1270 2880 1369 2955 quoad
1391 2880 1476 2940 nuru
1519 2884 1521 2886 ’

154 2961 341 3020 matrimonia
361 2980 420 3019 non
443 2960 552 3030 valeat,
575 2960 705 3018 consulit
726 2959 867 3029 Ioannae,
889 2965 923 3018 ut
943 2965 1067 3018 renovet
1089 2979 1154 3018 cum
1176 2958 1282 3018 Udons
1304 2978 1475 3019 consensum
1516 2968 1519 2973 ’

153 3041 398 3100 matrimonialem
428 3046 516 3116 atque
544 3040 611 3098 dein
639 3040 681 3098 illi
710 3041 894 3115 obtemperet
922 3045 1101 3115 exspectans
1123 3039 1245 3098 meliora
1272 3044 1422 3117 tempora,
1448 3044 1475 3098 ut

152 3122 301 3181 catholice
323 3123 449 3180 educare
470 3121 566 3197 possit
592 3120 678 3180 filios.
721 3120 786 3178 Udo
808 3139 897 3191 vero,
926 3120 1000 3178 nihil
1020 3120 1124 3179 volens
1152 3119 1270 3191 audire,
1299 3120 1474 3180 solummodo
1512 3168 1516 3191 ·.

153 3203 239 3262 dicit:
262 3204 303 3262 Es
325 3210 355 3261 et
375 3202 508 3260 manebis
530 3221 596 3259 mea
618 3220 708 3271 uxor3
731 3201 788 3258 hoc
810 3199 929 3259 sufficit.
1514 3208 1518 3235 '·

154 3315 333 3386 Qunanrrua
355 3321 383 3376 1ο
404 3323 524 3376 rectene
546 3316 692 3375 monuerit
720 3315 800 3391 prior
821 3314 1023 3374 confessarius
1045 3315 1204 3386 Ioannem,
1235 3320 1310 3373 uta
1330 3314 1396 3375 vita
1416 3332 1471 3373 con·

408 3397 500 3473 iugali
520 3416 642 3474 prorsus
664 3397 835 3455 abstineret.

356 3497 386 3552 2ο
407 3513 515 3553 verene
538 3515 606 3570 spes
627 3495 744 3552 sublata
772 3493 863 3552 fuerit
891 3493 1020 3568 legitime
1048 3491 1233 3552 revalidandi
1254 3491 1472 3552 matrimonium.
1505 3511 1520 3589 Ιῑ

357 3595 386 3650 3⁰
407 3593 475 3668 quid
498 3593 533 3650 de
554 3592 729 3668 posterioris
751 3591 927 3650 confessarii
949 3591 1073 3649 consilio
1095 3590 1136 3649 sit
1157 3590 1359 3653 iudicandum.

356 3692 386 3748 4ο
408 3691 630 3749 convalueritne
651 3689 869 3748 matrimonium
892 3689 1005 3748 Udonis
1027 3709 1092 3748 cum
1114 3688 1236 3747 Ioanna.

750 3872 886 3939 Salutio.

91 4030 146 4084 525
246 4016 298 4081 Au
325 4037 517 4093 ounusrrun
544 4021 580 4082 1¹²²
610 4018 649 4081 R.
677 4019 704 4081 1.
752 4015 804 4078 Ex
835 4013 953 4096 agendi
983 4013 1111 4078 ratione
1135 4013 1279 4078 Ioannae
1310 4033 1476 4098 rerumque
1510 4020 1512 4025 '

156 4106 410 4172 circumstantiis
440 4108 534 4189 patet
563 4104 804 4172 matrimonium
833 4104 962 4186 quidem
987 4102 1165 4168 invalidum
1189 4122 1278 4181 esse,
1311 4104 1345 4169 id
1375 4110 1477 4174 tamen
1513 4172 1516 4191 ‚

156 4195 391 4277 aconiugibus
420 4194 575 4278 ignorari.
624 4194 656 4260 Si
687 4194 788 4276 igitur
817 4197 1011 4277 permanent
1040 4192 1073 4257 in
1103 4192 1163 4256 hoc
1188 4195 1297 4271 statu,
1332 4195 1477 4262 continuo

155 4289 294 4368 peccata
317 4285 501 4351 materialia
525 4284 781 4349 committuntur.
800 4283 893 4348 -Si
916 4303 995 4346 vero
1012 4282 1136 4346 Ioanna
1157 4281 1282 4347 monita
1299 4283 1478 4351 nullitatem

156 4374 355 4440 matrimonii
379 4375 524 4452 docetur,
550 4374 744 4439 alterutrum
761 4374 867 4437 locum
888 4371 1038 4437 habebit:
1063 4376 1121 4437 aut
1136 4370 1260 4436 Ioanna
1275 4372 1480 4440 nihilominus

156 4464 265 4547 porgit
295 4485 368 4529 cum
392 4464 507 4529 Udone
538 4462 753 4543 coniugaliter
776 4461 904 4534 vivere,
936 4462 1089 4526 continuo
1119 4481 1259 4544 peccans
1289 4461 1478 4536 formaliter,

154 4558 215 4619 aut
246 4555 413 4635 denegans
444 4552 552 4619 Udoni
588 4550 786 4616 consortium
819 4551 1005 4632 coniugale,
1041 4551 1123 4615 iram
1157 4549 1282 4615 Udonis
1316 4551 1479 4625 excitabit,

156 4642 262 4708 minas
285 4643 338 4707 vel
362 4643 536 4707 violentias
560 4641 621 4705 sibi
651 4640 767 4705 timere
797 4640 895 4705 debet
924 4644 1182 4723 perpetuumque
1210 4641 1373 4723 peccandi
1401 4639 1480 4728 peri·
