3044 5174
140 268 206 333 360
485 261 690 319 Sacramentum
709 261 899 331 paenitentiae.
918 291 955 300 -
972 242 1125 334 Appendin.

216 438 386 506 Partialis
408 443 520 506 autem
543 437 747 520 indulgentia
770 437 965 504 aestimatur
980 440 1158 505 secundum
1176 437 1255 518 dies,
1280 439 1469 519 annos,'ita

139 532 178 594 ut
200 528 334 594 concedi
357 529 463 594 soleat
486 527 690 611 indulgentia
714 531 797 608 100,
827 530 971 594 acceto.
998 528 1146 611 01818188
1174 529 1288 613 1817,
1321 534 1382 614 10,
1414 534 1467 613 10,

140 622 207 685 100
223 626 277 685 etc.
302 639 472 700 annornm,
496 616 611 700 quibus
635 637 798 682 8881818
822 616 986 683 addantur
1009 620 1138 683 totidem
1159 619 1399 704 quadragenae.
1423 654 1469 668 -

140 706 262 784 Quibus
285 705 480 790 exprimitur
503 726 545 770 ex
567 725 673 790 poena
696 705 870 789 temporali
893 705 999 771 adhuc
1030 706 1152 772 luenda
1175 710 1306 774 tantum
1329 707 1469 786 remitti,

140 799 299 878 quantum
322 816 382 880 per
403 794 557 877 antiquas
579 793 799 878 paenitentias
823 793 995 860 canonicas
1018 799 1071 861 tot
1100 795 1224 861 dierum
1248 801 1287 881 ot
1306 817 1468 863 annorum

140 905 252 950 coram
274 884 345 950 Deo
376 887 550 949 censeatur
579 883 722 948 solutum
751 904 810 948 seu
840 883 1051 951 exstinctum.
1098 884 1352 969 Quadragenae,
1384 907 1471 970 quae

140 973 321 1051 adduntur,
351 971 537 1055 significant
559 971 758 1037 severiorem
788 973 1023 1055 paenitentiam
1047 975 1090 1039 40
1114 973 1240 1039 dierum
1269 995 1356 1058 quae
1379 977 1471 1042 ultra

139 1083 343 1128 communem
371 1061 559 1146 paenitendi
588 1061 719 1126 modum
742 1061 870 1128 solebat
899 1061 1029 1146 imponi.
1076 1062 1124 1128 cf.
1148 1063 1374 1147 Beringer,
1405 1065 1472 1131 Die

138 1152 274 1218 Adidasc
296 1150 346 1217 ed.
373 1153 424 1223 12.
448 1171 524 1235 pag.
546 1152 599 1216 57.
625 1152 699 1216 805.

229 1257 268 1323 R.
293 1260 324 1323 3.
355 1256 516 1322 Remissio
539 1257 597 1322 illa
618 1255 810 1340 temporalis
832 1277 957 1340 poenae
973 1258 1011 1323 lit
1034 1257 1312 1341 persolutionem
1335 1279 1380 1324 ex
1395 1260 1470 1326 the·

138 1367 237 1412 sauro
268 1345 451 1423 Ecclesiae,
482 1346 537 1429 qui
567 1349 698 1411 constat
727 1366 770 1410 ex
798 1345 934 1411 infinitis
964 1346 1090 1412 meritis
1121 1352 1155 1413 et
1184 1347 1470 1414 satisfactionibus

140 1434 276 1513 Christi,
307 1434 423 1517 quibus
446 1435 605 1501 accedant
635 1433 826 1500 secundarie
848 1434 969 1501 merita
992 1440 1027 1502 et
1049 1435 1294 1502 satisfactiones
1317 1437 1369 1501 B¹·
1395 1437 1469 1503 Vir-

139 1523 225 1606 ginis
259 1523 384 1590 Marias
420 1528 454 1590 ct
487 1524 690 1589 Sanctorum.
737 1523 840 1601 Quam
875 1523 1071 1589 solutionem
1106 1528 1279 1609 praestant
1313 1531 1471 1610 pastores

139 1611 319 1691 Ecclesiae,
335 1611 495 1696 imprimis
511 1613 678 1678 Romanus
693 1612 859 1689 Pontifex,
885 1634 1031 1678 summus
1046 1618 1162 1697 pastor
1178 1619 1211 1681 et
1227 1613 1376 1697 claviger
1394 1615 1469 1682 the·

139 1701 228 1767 sauri
244 1700 427 1779 Ecclesiae;
452 1701 635 1767 cardinales
651 1706 685 1767 et
701 1701 845 1785 episcopi
861 1703 1038 1767 secundum
1055 1702 1246 1770 hodiernam
1261 1703 1469 1789 disciplinam

139 1791 341 1871 solummodo
364 1790 453 1857 intra
476 1790 597 1856 limites
620 1790 717 1855 valde
741 1795 842 1857 artas.

77 1909 131 1965 634
229 1895 267 1961 R.
291 1900 322 1961 4.
368 1894 529 1961 Remissio
552 1895 610 1960 illa
639 1916 697 1960 seu
728 1894 932 1977 indulgentia
962 1896 1152 1962 conceditur
1180 1897 1240 1963 sub
1265 1898 1366 1965 certis
1390 1921 1468 1965 cou-

140 1984 320 2051 dicionibus
342 1983 382 2049 iis
405 1983 460 2066 qui
483 1983 544 2049 has
567 1983 774 2049 condiciones
798 1983 1025 2068 impleve1int;
1050 1986 1179 2068 quando
1203 2007 1282 2052 vero
1306 1986 1369 2054 hoc
1393 2011 1470 2073 spe-

140 2074 269 2140 cialiter
287 2073 476 2139 conceditur
492 2095 512 2138 8
529 2073 691 2156 largiente
706 2073 955 2155 indulgentiam,
979 2073 1217 2158 indulgentiam
1233 2075 1334 2141 etiam
1351 2077 1472 2161 aliquis

139 2185 199 2248 pro
223 2163 377 2228 defuncto
400 2162 521 2228 lucrari
544 2168 663 2246 potest.

229 2251 417 2336 Applicatio
440 2256 551 2318 autem
575 2273 635 2336 pro
658 2250 744 2316 11118
766 2253 806 2316 fit
828 2251 943 2328 aliter,
968 2251 1065 2318 aliter
1087 2273 1147 2336 pro
1170 2252 1345 2320 defunctis.
1392 2254 1470 2320 Viri

140 2341 243 2417 enim,
274 2339 386 2405 sisibi
411 2341 526 2405 volunt
548 2340 668 2406 lucrari
697 2340 951 2422 indulgentiam,
983 2342 1189 2406 absolvuntur
1217 2363 1277 2426 per
1301 2343 1470 2409 Summum

140 2428 331 2496 Pontificem
355 2450 375 2495 a
397 2432 491 2495 tanto
516 2435 611 2495 reatu
634 2450 774 2513 poenae,
808 2428 856 2495 ita
879 2433 916 2494 ut
939 2428 1008 2513 ipse
1031 2429 1186 2495 Pontifex
1208 2431 1305 2496 simul
1328 2454 1372 2498 ex
1395 2433 1470 2500 the·

140 2540 237 2584 sauro
254 2517 422 2584 Ecclesiae
444 2520 565 2599 eoloct;
587 2517 733 2583 defuncti
754 2539 820 2583 non
843 2518 1058 2584 absolvuntur
1080 2540 1139 2602 per
1161 2524 1363 2604 potestatem
1386 2520 1470 2588 iudi-

141 2607 258 2674 cialem
281 2607 467 2686 Pontificis,
491 2607 550 2672 sed
572 2628 631 2690 pro
655 2607 694 2672 iis
718 2628 895 2690 eorumque
917 2629 1024 2691 poena
1045 2609 1220 2692 temporali
1242 2610 1376 2677 residua
1398 2620 1472 2677 tan·

140 2706 206 2763 tom
239 2699 371 2762 solvitur
403 2717 446 2761 ex
477 2696 632 2762 thesauro
664 2696 832 2760 Ecclesiae
864 2696 998 2778 Dcoque
1030 2698 1184 2775 offertur,
1218 2706 1377 2782 quantum
1410 2723 1471 2785 per

140 2791 264 2852 certam
288 2785 379 2850 illam
402 2784 640 2868 indulgentiam
664 2785 862 2851 enuntiatur.
910 2786 995 2850 Hinc
1026 2787 1060 2851 in
1090 2787 1303 2870 indulgentiis
1326 2811 1387 2873 pro
1411 2792 1470 2855 de·

139 2874 262 2941 functis
294 2874 435 2940 habetur
466 2874 538 2940 sola
569 2875 688 2940 solutio
719 2875 790 2940 Deo
823 2876 951 2955 811818,Ι
982 2874 1015 2939 18
1047 2876 1260 2958 indulgentiis
1291 2900 1351 2962 pro
1382 2879 1471 2945 vivis

139 2963 280 3029 habetur
302 2963 406 3047 primo
431 2967 464 3028 et
479 2962 667 3029 immediate
684 2963 854 3041 absolutio,
881 2984 964 3046 quae
979 2968 1091 3029 tamen
1116 2965 1235 3031 efficax
1250 2968 1289 3032 fit
1304 2988 1365 3051 per
1380 2970 1470 3034 solu-

138 3053 261 3118 tionem
285 3073 328 3117 88
351 3051 506 3117 thesauro
530 3052 698 3118 Ecclesiae
721 3054 790 3118 Deo
814 3052 948 3118 factam.

76 3192 129 3246 635
227 3176 281 3241 An
305 3196 496 3252 eucnemon
520 3178 560 3239 2¹²
582 3177 621 3242 R.
649 3180 678 3242 1.
709 3176 747 3240 ln
770 3196 891 3259 genere
914 3181 1040 3241 certum
1063 3180 1115 3242 est
1139 3178 1322 3245 Ecclesiam
1346 3180 1471 3248 hahere

139 3269 341 3348 potestatem
365 3265 493 3329 dandae
516 3265 750 3348 indulgentiae,
775 3266 921 3348 adeoque
945 3265 985 3330 de
1009 3265 1078 3330 eius
1099 3266 1247 3334 efficacia
1270 3290 1382 3336 coram
1399 3271 1470 3337 Deo

139 3354 173 3419 in
206 3375 326 3435 genere
359 3353 502 3419 dubitari
533 3354 656 3436 nequit.
704 3355 777 3420 Huc
807 3359 961 3438 spectant
991 3354 1137 3420 damnati
1168 3377 1314 3422 errores:
1346 3359 1470 3426 Petri

140 3443 273 3508 Oxom.
294 3465 387 3528 prop.
412 3447 433 3507 6
457 3467 477 3507 8
497 3446 586 3510 Sixto
602 3442 653 3509 IV
673 3446 803 3524 domn.;
825 3443 998 3509 Lutheri
1023 3453 1084 3510 ort.
1111 3449 1242 3511 17-22
1266 3469 1286 3511 o
1312 3448 1471 3514 LeoneX

139 3534 331 3617 proscripti;
357 3554 449 3617 prop.
481 3532 864 3598 40-4300nci1iab.
896 3533 1047 3599 Pistor.
1080 3535 1183 3598 oPr'o
1206 3536 1255 3599 VI
1281 3537 1466 3603 damnatae.

139 3620 249 3702 Atque
272 3620 347 3685 inde
371 3642 571 3702 consequens
602 3627 652 3688 est
682 3621 919 3703 indulgentiam
949 3621 1048 3687 etiam
1073 3622 1102 3686 ei
1132 3623 1289 3706 prodesse
1313 3625 1366 3689 cui
1390 3647 1470 3692 con·

140 3710 282 3786 ceditur,
313 3709 455 3774 maxims
486 3711 513 3774 si
538 3710 647 3791 agitur
671 3712 710 3776 de
733 3711 937 3792 indulgentia
969 3732 1028 3794 pro
1052 3710 1147 3778 vivis.
1194 3712 1283 3789 Quas
1306 3713 1471 3780 veritates

137 3799 216 3883 fide-i
236 3802 402 3882 proximos
426 3820 514 3877 esse,
539 3799 615 3864 vide
637 3800 932 3883 Mocchegiani
956 3821 976 3864 a
999 3799 1189 3866 Molsauo
1214 3803 1335 3868 Collect.
1360 3805 1468 3870 indul·

136 3890 319 3973 pontiur-um
341 3908 373 3953 u.
400 3890 451 3954 12.

228 3993 268 4061 R.
292 3996 322 4060 2.
368 3994 511 4060 Possunt
534 3999 643 4061 autem
668 3994 813 4060 rationes
843 4016 1031 4073 occurrere,
1062 4017 1147 4077 quae
1177 3998 1329 4062 effectum
1359 3997 1469 4065 indul·

139 4083 271 4165 gantiae
295 4083 484 4167 impediunt,
509 4083 605 4166 idque
629 4085 681 4149 vel
705 4105 747 4148 ex
770 4089 865 4167 parte
889 4084 1096 4150 concedentis
1112 4086 1165 4150 vel
1182 4091 1335 4170 exparte
1359 4088 1469 4155 lucra·

138 4171 214 4238 turi.
268 4173 321 4238 Ex
350 4181 445 4257 poete
475 4175 670 4238 concedentis
699 4194 755 4237 seu
787 4173 971 4239 exercentis
1001 4178 1201 4257 potestatem
1231 4179 1344 4259 potest
1375 4197 1470 4243 error

140 4282 212 4326 esse
235 4262 269 4326 in
294 4282 411 4340 causa,
444 4283 506 4344 quo
530 4263 590 4328 fiat
612 4267 650 4327 ut
678 4262 882 4343 indulgentia
905 4263 957 4326 vel
987 4285 1052 4327 non
1075 4263 1188 4330 valeat
1211 4265 1266 4329 vel
1296 4288 1361 4331 non
1385 4270 1469 4333 tanti

139 4351 260 4415 valeat.
308 4350 394 4415 Nam
417 4354 568 4434 potestas
591 4351 649 4416 illa
671 4352 887 4417 remittendae
911 4372 1035 4434 poenae
1059 4353 1250 4437 temporalis
1266 4375 1332 4419 uon
1356 4361 1468 4439 potest

139 4438 209 4501 fieri
225 4438 409 4516 arbitrario,
426 4439 585 4523 cumipse
602 4440 752 4505 Summus
768 4439 922 4506 Pontifex
938 4462 1001 4504 non
1018 4441 1063 4506 sit
1079 4442 1236 4519 dominus,
1259 4444 1319 4509 sed
1334 4444 1468 4530 dispen-

138 4531 231 4591 sator
263 4528 477 4594 ecclesiestici
510 4529 673 4606 thesauri,
706 4550 811 4610 neque
844 4530 1028 4594 condonare
1062 4536 1172 4614 potest
1204 4533 1293 4597 illam
1326 4554 1468 4617 poenam

138 4618 202 4680 8181
226 4639 264 4681 eo
286 4620 373 4682 iusto
389 4640 496 4684 caneo.
530 4618 635 4683 Causa
650 4639 749 4701 saepe
765 4617 904 4683 sumitur
920 4640 962 4683 ex
985 4620 1056 4702 ipso
1073 4620 1230 4686 exercitio
1253 4622 1330 4687 boni
1346 4625 1469 4707 operis,
