3044 5174
319 212 469 284 Dispositio
487 211 521 266 81
540 210 700 266 sumendam
719 227 755 264 88.
775 209 981 264 eucharistiam:
999 239 1036 247 -
1053 210 1193 264 ieiunium.
1378 216 1419 284 99

92 388 354 461 communiente:
376 388 474 471 idque
490 408 529 453 ex
549 387 769 452 communiore
785 387 959 464 sententia,
984 407 1025 452 ne
1047 386 1080 451 18
1096 387 1259 454 Ρ8881818
1282 388 1421 471 quidem.

94 478 220 543 Verum
241 483 319 543 sunt
338 477 393 560 qui
413 481 531 562 putent
553 478 587 542 in
604 477 765 543 Paschate
786 476 818 541 id
843 476 942 541 licere
963 475 1109 559 aegrotis
1130 477 1230 542 etiam
1250 498 1315 543 non
1337 479 1423 563 peri·

94 568 207 633 881888
230 566 509 644 decumbentibus,
531 565 586 649 qui
611 565 709 631 ieiuni
729 566 967 630 communicare
989 571 1163 648 nequeant,
1187 587 1229 631 ne
1245 567 1332 632 circa
1355 589 1422 634 me-

94 656 184 722 diam
208 660 339 722 noctem
363 655 503 739 quidem,
529 676 600 719 cum
626 654 758 722 Rituale
779 654 962 719 Romanum
985 654 1047 719 hac
1070 655 1275 738 indulgentia
1298 656 1424 725 eximat

94 746 185 811 solos
215 749 369 828 aegrotos
400 766 463 810 non
493 744 675 828 periculose
698 745 931 810 decumbentes
954 743 1009 826 qui
1034 767 1071 808 88
1094 747 1253 810 devotione
1283 767 1308 812 8.
1335 768 1423 812 com-

94 834 283 900 munionem
297 833 494 911 desiderent,
513 833 695 899 communio
709 837 819 900 autem
836 832 1001 917 paschalis
1017 832 1061 898 sit
1081 856 1118 898 88
1132 843 1307 919 praecepto.
1339 835 1423 902 Vide

95 922 426 1013 d'AnnibaleIlI,
451 925 527 988 411.
562 921 654 1001 Quod
677 921 845 1007 probabile
867 942 940 987 esse
963 943 1089 988 censeo.
1130 921 1423 991 818888888-

95 1012 218 1097 parri,
236 1013 286 1078 Dc
299 1013 382 1078 8881.
397 1034 427 1079 8.
445 1014 544 1087 1129;
562 1010 776 1090 Genicotll,
791 1013 870 1087 2023
887 1010 1046 1090 Noldin,
1064 1013 1261 1079 Dosocrcm.
1274 1034 1305 1080 n.
1323 1015 1421 1082 1591.

188 1136 252 1203 Sed
275 1157 322 1201 88
349 1155 540 1212 8888888811
564 1138 603 1199 2“
626 1135 665 1201 R.
693 1139 721 1201 1.
768 1135 843 1200 Non
870 1134 1018 1216 sequitur
1047 1155 1160 1201 omnes
1189 1135 1271 1202 istos
1302 1157 1374 1202 esse
1404 1145 1485 1203 8116

95 1248 122 1293 8.
149 1225 374 1291 communione
396 1224 600 1290 interdictos.
646 1223 734 1289 Nam
757 1223 797 1289 de
820 1223 968 1306 paschali
992 1223 1216 1290 communione
1239 1225 1305 1291 iarn
1328 1227 1424 1293 modo

96 1316 204 1381 allata
226 1318 278 1380 est
307 1312 484 1398 probabilis
507 1312 668 1396 exceptio.
693 1313 861 1377 -Immo
885 1311 985 1378 etiam
1009 1313 1138 1394 quando
1167 1313 1249 1379 haec
1273 1315 1424 1399 exceptio

94 1406 206 1470 locum
228 1424 293 1468 non
323 1403 438 1476 habet,
469 1402 502 1467 in
532 1402 689 1485 paschate
717 1401 873 1484 obligatio
898 1406 950 1468 est
979 1402 1157 1483 quaerendi
1187 1404 1273 1468 modi
1303 1426 1367 1487 quo
1391 1409 1426 1471 et

96 1494 153 1558 lex
177 1491 288 1558 ieiunii
312 1491 438 1557 servari
460 1495 493 1556 81
516 1491 571 1555 lex
588 1489 843 1556 communicandi
868 1489 996 1574 impleri
1018 1492 1132 1575 possit.
1168 1491 1253 1558 Hinc
1270 1493 1424 1577 aegrotis,

96 1582 154 1665 qui
177 1581 276 1649 aliter
290 1602 355 1646 non
378 1580 515 1664 possint,
541 1580 650 1645 afferri
673 1580 771 1646 18181
793 1601 836 1645 ss.
854 1578 1053 1647 eucharistia
1075 1583 1145 1646 tam
1161 1585 1290 1647 mature
1313 1587 1423 1665 atque,

96 1672 125 1737 si
150 1669 424 1748 8888888188111,
456 1669 557 1736 etiam
579 1673 739 1734 nocturno
767 1673 930 1752 tempore,
962 1676 999 1736 ut
1028 1671 1157 1752 aegroti
1185 1677 1262 1755 post
1284 1672 1425 1739 mediam

97 1764 229 1826 noctem
253 1780 292 1825 eo
315 1779 417 1842 usque
440 1758 510 1824 sine
534 1757 605 1824 cibo
629 1762 663 1823 81
685 1763 765 1842 potu
788 1758 955 1842 potuerint
977 1779 1120 1825 manere.

188 1848 391 1930 Quamquam
414 1847 499 1913 enim
524 1847 607 1912 81188
629 1869 673 1913 ss.
697 1852 938 1913 sacramentum
962 1853 1062 1914 noctu
1091 1848 1211 1913 1818881
1235 1870 1299 1914 888
1328 1849 1426 1917 18181

96 1938 162 2004 8181
184 1942 320 2021 propter
342 1937 573 2003 necessitatem
589 1935 717 2003 viatici:
742 1940 853 2003 tamen
878 1937 957 2001 haec
979 1936 1154 2020 prohibitio
1170 1937 1339 2004 Ecclesiae
1360 1960 1425 2004 non

97 2033 151 2094 est
165 2027 252 2095 tanti
267 2025 433 2100 momenti,
458 2025 573 2108 quanti
589 2029 641 2093 est
660 2026 716 2091 lex
731 2025 886 2090 servandi
900 2025 1010 2091 ieiunii
1026 2026 1079 2091 vel
1095 2027 1150 2092 lex
1166 2028 1425 2094 communicandi

96 2123 248 2200 tempore
276 2115 433 2200 paschali.
480 2114 614 2192 Quando
644 2114 745 2198 igitur
775 2114 872 2180 alicui
901 2114 1101 2199 impossibile
1128 2119 1180 2181 est
1209 2137 1322 2182 omnes
1351 2116 1425 2183 illas

96 2207 190 2288 leges
212 2225 362 2277 servare.
393 2203 551 2286 obligatio
574 2204 644 2269 eius
673 2204 757 2287 legis
780 2207 889 2270 cessat
918 2225 1003 2286 qnae
1026 2204 1160 2271 minoris
1182 2206 1339 2272 momenti
1363 2211 1424 2273 est.

100 2297 159 2361 lb.
184 2318 225 2360 m.
248 2293 291 2371 II,
317 2296 390 2359 161.

188 2384 261 2449 Hoc
287 2381 387 2465 igitur
408 2382 504 2447 modo
528 2381 739 2448 Constantiae
763 2383 946 2447 consultum
970 2386 1031 2448 est.
1078 2382 1181 2448 lmmo
1204 2383 1282 2449 nihil
1306 2405 1425 2451 censeo

97 2474 233 2539 obstare
255 2471 426 2554 quominus
450 2470 623 2552 aliquoties
645 2470 679 2535 in
702 2490 787 2536 anno
810 2471 972 2554 parochus
995 2472 1077 2537 adeo
1100 2475 1424 2540 18818888888818-
1460 2490 1465 2497 ’

96 2561 226 2628 81811888
251 2560 280 2626 81
305 2561 432 2629 afferat.

189 2668 229 2735 R.
254 2670 284 2733 2.
319 2665 384 2732 Pro
408 2666 556 2731 Conrado
579 2665 756 2732 1111881188
780 2687 822 2731 ex
845 2687 883 2731 8ο
907 2665 985 2732 oriri
1007 2670 1118 2751 potest
1141 2667 1226 2750 qnod
1249 2669 1330 2752 ipse,
1352 2682 1485 2736 cumlt‘l

98 2778 165 2823 888
182 2756 226 2824 811
242 2759 408 2837 aegrotus,
424 2754 672 2821 admirationem
686 2756 849 2821 excitaret
864 2775 1027 2838 magnam.
1044 2756 1072 2821 si
1087 2762 1255 2839 tamquam
1269 2762 1425 2841 aegrotus

98 2846 189 2912 domi
212 2845 466 2912 communicaret
488 2850 522 2912 et
552 2844 626 2910 dein
649 2843 681 2909 in
705 2866 786 2928 agro
814 2845 942 2910 labores
967 2850 1140 2912 consuetos
1164 2851 1342 2914 exerceret.
1391 2846 1425 2914 Si
1471 2914 1475 2920 ,

98 2936 202 3020 igitur
233 2935 266 3001 in
298 2934 370 3018 ipsa
401 2934 536 2999 civitate
567 2932 712 3010 habitat,
746 2933 920 2999 convenire
953 2938 1063 3017 potest
1093 2957 1164 3001 cum
1195 2938 1355 3020 parocho,
1388 2942 1425 3003 ut

98 3045 227 3092 summo
256 3044 353 3090 mane
384 3022 417 3088 in
447 3022 586 3089 ecclesia
618 3023 680 3088 sibi
712 3024 873 3090 1818888.
898 3023 1105 3092 eucharistia.
1153 3025 1186 3091 Si
1216 3047 1296 3091 vero
1327 3030 1425 3092 extra

99 3115 271 3181 civitatem
293 3111 326 3176 in
349 3133 435 3196 pago
458 3112 596 3189 habitat,
621 3113 669 3178 ita
691 3116 728 3177 ut
751 3133 810 3195 pro
832 3111 998 3178 visitanda
1021 3114 1159 3179 ecclesia
1183 3115 1302 3181 debeat
1325 3115 1424 3180 etiam

97 3206 163 3270 iter
187 3204 347 3268 conficere
370 3207 404 3268 et
434 3201 481 3266 sic
504 3201 627 3267 viribus
657 3200 807 3267 destitui:
840 3201 1016 3266 curandum
1041 3207 1092 3268 est
1121 3208 1159 3270 81
1189 3225 1254 3270 888
1277 3205 1425 3270 alterave

101 3293 173 3359 vioe
196 3293 230 3356 18
255 3291 390 3357 civitate
420 3291 566 3357 divertat
594 3291 703 3373 ibique
727 3295 854 3357 noctem
880 3294 975 3373 agat,
1006 3294 1044 3357 81
1066 3313 1162 3358 mane
1193 3298 1341 3378 tempore
1364 3293 1425 3359 sibi

99 3386 284 3466 opportuno
307 3403 333 3446 8.
358 3380 614 3445 communionem
637 3384 756 3445 sumat.
1251 3406 1255 3415 ¹

190 3489 230 3554 R.
255 3490 286 3553 3.
332 3487 452 3554 Restat
474 3487 603 3552 demum
627 3508 685 3570 pro
708 3490 857 3568 utroque,
882 3491 952 3551 tum
975 3508 1035 3571 pro
1058 3488 1250 3554 Constantia
1273 3494 1343 3555 turn
1366 3510 1425 3572 pro

100 3577 267 3654 Conrado,
301 3576 366 3642 alia
395 3576 466 3652 via,
499 3575 652 3640 videlicet
684 3596 743 3659 per
774 3576 951 3659 parochum
982 3577 1036 3641 vel
1066 3576 1264 3643 ordinarium
1293 3578 1425 3662 petendi

100 3665 379 3752 dispensationem
401 3686 422 3730 a
444 3686 570 3729 summo
600 3664 761 3747 pontifice.
808 3664 894 3730 Nam
918 3670 1032 3730 nostro
1060 3670 1209 3750 tempore
1233 3667 1426 3750 compluries

100 3758 226 3824 factum
251 3758 362 3820 estut
385 3753 434 3831 118,
460 3754 514 3836 qui
537 3774 573 3818 re
595 3753 668 3837 ipsa
690 3752 844 3819 ieiunium
868 3754 1018 3819 naturale
1040 3776 1174 3822 servare
1191 3778 1254 3821 non
1277 3763 1425 3840 possunt,

100 3869 141 3912 ne
165 3867 241 3911 cnm
265 3843 409 3908 maximo
432 3864 491 3908 sno
514 3843 717 3908 incommodo
734 3843 958 3908 communione
982 3843 1200 3927 privarentur,
1226 3846 1426 3928 dispensatio

99 3958 120 4004 a
142 3933 308 4001 servando
332 3932 449 3998 ieiunio
472 3932 615 3997 naturali
639 3931 881 3998 concederetur.
933 3934 987 3999 11.
1014 3955 1052 3998 m.
1077 3934 1118 4011 II,
1146 3938 1218 4011 161,
1243 3941 1330 4001 8818.

261 4125 518 4191 CELEBRANS
542 4125 632 4191 CUM
656 4124 872 4191 PERICULO
897 4125 1272 4191 IRREVERENTIAE.

670 4281 782 4348 Casus.
801 4289 860 4357 (51)

190 4416 346 4484 Τ8118888,
369 4433 434 4472 cum
456 4415 492 4472 ed
508 4414 602 4472 altare
618 4415 795 4473 consisteret
810 4416 1011 4474 celebraturus
1033 4433 1150 4473 sacrum
1166 4416 1305 4475 sollemne
1328 4437 1426 4477 coram

98 4500 211 4578 populo
234 4495 380 4555 diasoste
402 4499 431 4553 81
453 4495 490 4552 81
505 4495 606 4553 Gloria
628 4513 721 4569 usque
742 4495 937 4571 pervenisset,
960 4495 1052 4554 sentit
1066 4496 1249 4554 stomachum
1271 4498 1347 4555 male
1369 4499 1425 4556 118-

96 4581 240 4659 positum,
262 4576 306 4635 118
319 4579 353 4633 81
366 4575 507 4634 vomitum
521 4573 633 4635 timeat.
661 4573 858 4634 Nihilominus
872 4574 998 4634 feliciter
1012 4575 1154 4652 perficere
1175 4576 1271 4652 potuit
1291 4596 1426 4654 sacrum;

1186 4669 1221 4724 71

543 5047 850 5165 254606
