3044 5174
147 296 212 360 424
643 292 849 350 Sacramentum
867 295 978 350 ordinis.

146 490 258 626 gornAnlr
274 467 513 621 hdeleticomm
529 466 584 549 qui
603 469 703 533 alicui
724 475 825 534 sectae
839 487 958 532 nomen
974 466 1144 536 dederunt.
1175 467 1223 534 ef.
1240 467 1319 534 ibid
1344 489 1376 534 6.
1395 470 1477 545 433;

171 611 178 625 .
260 579 281 641 p
310 609 318 624 .
356 578 415 623 .c.

235 663 273 730 R.
299 668 330 730 4.
370 663 480 729 Etiam
505 664 682 747 credentes,
706 665 947 746 receptatores,
973 663 1163 729 defensores
1186 667 1221 729 et
1242 663 1406 747 fautores,
1440 663 1476 742 61,

145 758 321 838 postquam
344 751 680 818 excommunicatione
703 751 826 817 fuerint
849 751 971 830 notati,
1001 752 1195 819 satisfacere
1219 752 1478 837 contempserint

146 843 233 909 iuba
266 862 405 920 annum,
441 844 511 927 ipso
542 842 614 906 iure
645 840 791 906 evadunt
823 840 961 925 infames
992 845 1027 908 et
1058 845 1236 925 propterea
1270 844 1476 927 irrepulares,

146 936 247 1015 atque
270 931 385 997 eodem
408 930 504 996 modo
527 928 561 994 in
584 929 821 996 descendentes
843 929 1027 996 extendunt
1045 929 1336 1012 irregularitatem,
1361 935 1401 997 ut
1415 929 1476 1015 ipsi

145 1019 312 1088 haeretici.
358 1019 408 1086 De
432 1041 498 1102 qua
519 1017 766 1102 irregularitate
789 1018 864 1085 vide
886 1039 972 1102 quae
993 1022 1111 1102 postea
1140 1019 1293 1086 dicuntur
1323 1019 1363 1085 de
1394 1019 1476 1085 irre·

146 1109 326 1193 gularitate
349 1129 392 1174 ex
414 1109 576 1192 inscmio;
607 1107 758 1173 nimirum
788 1107 965 1190 requiritur
995 1109 1066 1173 sine
1095 1107 1192 1175 dubio
1215 1107 1401 1175 uotorietas
1425 1110 1477 1175 vel

145 1198 225 1264 iuris
249 1198 303 1264 vel
325 1196 416 1264 facti.
448 1197 495 1264 ef.
520 1196 788 1263 D'Aunibale
810 1198 832 1264 l.
856 1217 884 1264 6.
909 1219 941 1266 6.
965 1199 1049 1270 431ς
1073 1197 1221 1263 Wernz
1244 1198 1267 1266 1.
1291 1218 1319 1264 6.
1343 1219 1376 1263 n.
1403 1201 1480 1277 139,-

146 1293 214 1355 not.
239 1289 321 1364 402;
346 1309 373 1353 6.
401 1290 451 1365 13,
476 1285 494 1368 §
518 1289 548 1364 5,
574 1286 604 1351 Χ
627 1289 657 1366 5,
683 1289 700 1351 7
727 1290 762 1353 65
785 1307 831 1352 66.
856 1288 886 1365 2,
911 1287 930 1368 §
954 1289 985 1354 2.
1013 1287 1110 1364 15,Χ
1133 1289 1164 1365 5,
1189 1290 1209 1352 2
1233 1286 1267 1351 16
1291 1289 1333 1352 6⁰.

235 1385 326 1463 Quod
350 1405 392 1450 ex
415 1405 515 1469 supra
530 1383 627 1449 dictis
642 1382 798 1466 restringi
812 1387 924 1467 potest
940 1383 982 1449 ad
995 1384 1141 1467 fautores
1157 1437 1165 1452 .
1183 1437 1191 1452 .
1209 1436 1217 1451 .
1234 1383 1476 1450 haereticorum

146 1477 364 1556 sectariorum,
389 1478 424 1541 et
447 1494 558 1538 eorum
582 1477 697 1539 contra
720 1493 801 1556 quos
822 1472 893 1539 lata
916 1477 967 1539 eet
983 1472 1149 1540 sententia
1165 1472 1309 1540 criminis
1326 1473 1476 1539 declara·

146 1563 242 1630 toria.
289 1563 337 1630 Cf.
361 1562 620 1628 Laurentius
643 1562 664 1628 1.
690 1583 718 1628 6.

85 1700 137 1756 739
235 1687 288 1752 Au
312 1706 504 1762 queremus
528 1687 568 1750 2ΙΙι
589 1685 628 1752 R.
649 1687 678 1750 1.
710 1683 856 1751 Abortae
879 1685 989 1752 166566
1012 1684 1149 1752 animati
1172 1688 1264 1751 certo
1287 1707 1347 1770 pro
1371 1685 1477 1752 horni-

146 1774 229 1842 oidio
253 1775 392 1842 habetur
415 1779 515 1858 atque
538 1773 624 1841 61665
653 1773 860 1839 homicidium
893 1773 960 1855 (vel
993 1774 1214 1841 voluntarium
1244 1776 1297 1840 vel
1328 1775 1477 1858 casuale)

145 1865 425 1948 irregularitatem
454 1863 588 1930 inducit.
627 1862 675 1928 cf.
707 1862 794 1929 decr.
826 1863 923 1946 Greg.
954 1864 976 1930 1.
1009 1867 1046 1943 5,
1077 1864 1128 1931 tit.
1156 1866 1197 1929 12
1227 1863 1336 1947 ibique
1366 1885 1396 1931 c.
1422 1868 1476 1931 20.

145 1952 235 2032 Quae
257 1957 370 2020 tamen
394 1953 551 2019 animatio
574 1951 751 2017 secundum
775 1952 901 2035 antiqui
924 1952 1004 2018 iuris
1027 1952 1304 2037 computationem
1320 1959 1478 2021 censetur

146 2043 262 2109 adesse
285 2047 361 2127 post
384 2042 454 2108 dies
477 2044 519 2108 40
542 2062 603 2125 pro
625 2041 781 2106 masculis
803 2040 956 2120 foetibus,
980 2062 1040 2126 pro
1063 2042 1214 2108 femineis
1236 2046 1313 2126 post
1333 2042 1405 2109 dice
1422 2045 1476 2111 80.

144 2131 230 2198 Hinc
263 2131 493 2214 irregularitas
526 2129 704 2195 incurritur
736 2134 873 2215 propter
907 2131 1086 2213 quamlibet
1118 2131 1285 2197 efficacem
1317 2152 1478 2216 coopera-

145 2221 277 2287 tionem.
309 2220 543 2302 Irregularitas
567 2222 657 2285 certo
681 2222 733 2285 est
755 2222 870 2304 totalis,
895 2225 931 2286 ut
954 2225 1068 2287 textus
1088 2220 1169 2286 iuris
1185 2221 1274 2287 clare
1289 2221 1476 2300 enuntiant,

145 2315 245 2393 atque
269 2310 368 2376 etiam
392 2331 434 2374 ex
458 2307 592 2373 crimine
615 2308 744 2374 occulto
768 2309 982 2376 contrahitur.

234 2417 273 2483 R.
292 2419 322 2482 2.
351 2416 489 2480 Praeter
503 2414 782 2497 irregularitatem
798 2413 847 2495 (65
863 2415 1243 2494 excommunicationem,
1260 2436 1346 2499 quae
1360 2421 1476 2484 tamen

147 2527 212 2571 non
235 2505 318 2571 adeo
341 2505 410 2571 late
438 2508 550 2588 patet,
584 2523 625 2568 ex
649 2523 713 2571 ser.
738 2503 779 2568 3²·
800 2505 819 2586 ξ
843 2506 863 2568 2
886 2504 1003 2570 Β61166
1030 2508 1247 2592 ,Apostolicae
1269 2504 1401 2587 SedicQ
1434 2508 1477 2572 65

146 2595 298 2661 abortum
327 2593 451 2660 directe
482 2593 704 2658 voluntarium
731 2592 909 2659 incurritur
938 2593 972 2676 6)
1003 2594 1146 2677 privatio
1177 2593 1283 2660 omnis
1313 2595 1477 2661 clericulis

144 2683 326 2767 privilegii,
361 2681 550 2765 dignitatis,
584 2681 731 2747 beneficii
763 2682 976 2749 ecclesiastici
1008 2683 1135 2750 obtenti
1166 2687 1242 2767 post
1274 2684 1476 2752 sententiam

145 2772 289 2838 criminis
316 2771 583 2841 declaratoriamz
614 2771 650 2853 5)
679 2770 868 2836 16565111566
892 2772 934 2837 ad
957 2771 1114 2838 beneficia
1143 2771 1367 2840 ecclesiastica
1398 2774 1476 2839 obti-

146 2863 262 2946 nenda,
288 2881 392 2943 eaque
416 2865 494 2926 ante
516 2881 645 2926 omnem
667 2860 876 2927 sententiam.

85 2997 137 3053 740
235 2986 288 3051 An
311 3005 504 3061 66666666
527 2989 567 3051 3⁹²
589 2984 628 3051 R.
655 2989 685 3052 1.
726 2985 918 3069 Apollonius
942 2986 985 3051 ad
1008 2991 1132 3052 sectam
1156 2985 1397 3053 haereticorum
1421 2987 1477 3051 vel

145 3075 323 3141 infidelium
345 3095 411 3139 uon
435 3074 572 3147 traneit;
596 3077 745 3141 ettamen
768 3094 878 3139 eoram
902 3074 1069 3140 sodalibus
1093 3075 1288 3159 compluries
1311 3074 1478 3141 haeresim

144 3163 373 3230 manifestavit
395 3167 431 3230 et
453 3162 638 3230 haereticus
661 3163 715 3228 vel
739 3168 893 3247 apostata
915 3164 1032 3231 evasit.
1080 3165 1202 3230 Verum
1226 3165 1308 3230 haec
1331 3184 1398 3229 non
1425 3165 1477 3229 vi·

145 3253 264 3320 dentur
287 3253 369 3318 adeo
393 3272 466 3318 esse
488 3252 618 3336 publica
641 3256 679 3318 ut
702 3273 767 3317 non
789 3252 917 3318 sincera
940 3253 1168 3319 emendatione
1189 3254 1320 3319 omnino
1340 3253 1477 3319 oblitte-

145 3347 220 3409 rata
244 3342 417 3408 exsistant.
451 3341 558 3419 Quare
581 3362 624 3406 ex
647 3341 708 3406 hoc
732 3341 850 3426 capite,
876 3364 948 3407 cum
971 3348 1108 3426 propter
1130 3342 1290 3408 haeresim
1315 3343 1369 3407 vel
1394 3363 1476 3426 656-

146 3431 283 3499 6566166]
299 3429 493 3514 Apollonius
508 3430 541 3496 in
558 3431 608 3496 ius
624 3434 762 3496 vocatus
778 3452 842 3496 non
858 3431 912 3510 615,
929 3453 995 3496 666
1010 3432 1195 3497 necessario
1212 3432 1310 3499 debet
1325 3432 1476 3515 reputari

145 3520 346 3602 irregularis.
378 3519 426 3586 cf.
451 3520 713 3586 D’Annibale
736 3520 757 3585 1.
783 3541 809 3585 6.
834 3527 902 3587 665.
930 3523 980 3586 13.

234 3627 274 3693 R.
300 3630 331 3693 2.
372 3626 548 3710 Supposita
571 3625 758 3708 cognitione
780 3646 905 3708 poenae
929 3627 1173 3693 ecclesiasticae
1202 3626 1276 3709 (aut
1303 3627 1385 3693 faeti
1415 3648 1477 3692 no-

145 3715 302 3782 566165656
334 3715 447 3782 eiusve
478 3715 635 3799 periculo)
666 3736 708 3780 ex
737 3715 855 3780 abortu
885 3719 1022 3781 causato
1052 3717 1244 3801 Apollonius
1273 3716 1343 3782 sine
1376 3716 1476 3783 dubio

144 3804 335 3887 irregularis
359 3808 420 3882 eet,
444 3803 473 3868 si
496 3805 631 3869 abortus
654 3804 765 3871 factus
781 3808 833 3870 est
849 3807 892 3870 80
909 3804 978 3871 dies
994 3812 1069 3889 post
1085 3807 1342 3889 conceptionem,
1365 3826 1476 3888 neque

145 3893 307 3961 absolutio
331 3915 351 3960 a
373 3896 510 3977 peccato
527 3897 664 3976 accepta
680 3894 763 3959 hanc
778 3893 1057 3976 irregularitatem
1074 3895 1221 3962 abstulit.
1251 3894 1355 3959 Immo
1371 3895 1475 3961 etiam

146 3983 334 4049 inhabilitas
358 3984 400 4049 ad
423 3981 581 4048 beneficia
604 3981 781 4047 obtinenda
803 3983 927 4048 auferri
949 4005 1008 4067 per
1032 3984 1307 4068 dispensationem
1332 3983 1442 4051 debet.

235 4106 288 4172 Ar>
306 4127 498 4182 66666666
514 4111 554 4169 4¹⁰
570 4106 608 4170 R.
629 4109 656 4170 1.
693 4105 754 4170 1116
777 4105 967 4172 inhabilitas
991 4107 1033 4172 ad
1056 4107 1231 4174 obtinenda
1256 4108 1416 4174 beneficia
1433 4109 1475 4174 ab

145 4194 297 4280 65166656
320 4195 442 4261 auferri
465 4198 592 4279 potest:
617 4195 658 4260 cf.
688 4196 743 4262 Tb.
768 4218 808 4262 66.
833 4194 874 4273 ΙΙ,
903 4197 998 4262 1012.

234 4302 272 4368 R.
298 4305 328 4368 2.
368 4302 577 4385 Dispensatio
608 4302 650 4366 ab
680 4301 925 4384 irregularitate
956 4323 998 4367 ex
1029 4303 1146 4369 abortu
1175 4303 1362 4370 voluntario
1396 4325 1476 4370 con-

145 4395 255 4458 tracta
279 4391 439 4475 episcopis
463 4390 627 4456 ordinario
651 4390 720 4455 iure
745 4413 809 4456 non
833 4392 1006 4476 competit,
1032 4393 1130 4458 immo
1160 4393 1343 4473 generatim
1374 4415 1417 4459 ne
1441 4395 1475 4459 in

145 4480 317 4564 privilegio
342 4481 470 4562 quidem
495 4480 645 4562 quamvis
668 4480 776 4563 amplo
800 4479 1010 4563 dispensandi
1032 4483 1109 4547 5666
1131 4483 1217 4549 solet
1239 4503 1312 4548 6666
1328 4483 1475 4549 inclusa:

64 4632 68 4642 ,
146 4570 293 4634 Wernz
316 4569 337 4636 l.
362 4591 389 4635 6.
415 4592 444 4636 n.
473 4572 546 4637 149.
593 4568 699 4646 Quare
723 4568 861 4634 Romam
885 4572 1115 4635 recurrendum
1139 4576 1200 4638 665.
