3044 5174
160 287 221 352 140
662 281 717 380 ιΙ)ο
735 299 773 337 sa.
791 281 965 337 eucharistia.

244 457 285 524 II.
317 458 370 523 An
393 455 562 542 praedicta
585 457 687 523 missa
707 456 776 540 legi
798 458 852 523 vel
876 455 1044 523 decantari
1067 455 1172 541 possit
1202 455 1236 522 iu
1260 455 1409 522 ecclesiis
1433 456 1483 520 vel

156 546 567 703 iiiiiiiicsesipeetanfibus
602 546 644 612 ad
675 546 865 629 regulares,
903 547 945 612 ad
980 545 1174 625 seminaria,
1208 545 1251 611 ad
1287 545 1361 629 pias
1398 566 1483 611 com·

246 743 285 808 R.
310 742 353 808 ad
375 742 401 808 1.
448 741 485 806 ln
516 741 662 807 ecclesiis
692 740 933 826 parochialibus
963 739 1018 806 ubi
1048 741 1143 807 adest
1174 740 1249 806 fons
1278 739 1481 824 baptismalis

157 835 331 897 serventur
362 829 512 897 rubricae
542 830 686 896 Missalis
719 834 753 896 et
785 830 935 907 decreta,
968 829 1114 896 adhibito
1146 829 1330 896 Memoriali
1363 830 1480 896 rituum

158 920 327 986 Benedicti
350 919 413 986 ΡΡ.
438 919 516 984 XIII
546 940 605 1003 pro
635 918 856 985 functionibus
879 919 1109 1002 praescriptis,
1141 918 1170 984 si
1200 924 1311 986 exstet
1335 919 1481 985 delectus

157 1030 325 1074 sacrorum
354 1008 577 1075 ministrorum
607 1012 641 1074 et
671 1009 872 1076 clericorum.
919 1008 957 1073 In
987 1008 1060 1074 aliis
1090 1028 1169 1074 vero
1199 1007 1347 1074 ecclesiis
1376 1008 1481 1075 omitti

158 1102 267 1182 potest
290 1097 415 1163 functio
438 1097 568 1163 sabbati
591 1098 708 1175 sancti,
732 1118 796 1163 nou
819 1101 932 1164 tamen
954 1097 1011 1163 illa
1034 1096 1136 1163 fenne
1159 1097 1205 1163 VI
1227 1097 1261 1162 in
1286 1117 1479 1181 parasceve:

158 1192 192 1253 et
222 1188 281 1253 fiat
310 1186 534 1270 sepulchrum:
565 1186 714 1271 expetita
743 1186 904 1254 facultate
933 1207 991 1270 pro
1022 1208 1083 1251 usu
1106 1186 1186 1254 dicti
1208 1186 1426 1264 Memorialia,
1457 1186 1479 1250 si

158 1277 244 1342 idem
268 1296 435 1341 sacrorum
459 1275 681 1343 ministrorum
704 1279 739 1341 et
762 1275 953 1341 clericorum
977 1275 1125 1342 deiectus
1148 1275 1299 1343 exsistat.

246 1381 299 1448 Ad
327 1382 369 1449 II.
416 1381 624 1449 Affirmative
654 1382 761 1464 quoad
792 1384 955 1467 reputares
979 1385 1113 1469 proprie
1144 1383 1241 1448 dictos
1270 1382 1367 1448 iuxta
1397 1381 1478 1447 decr.

158 1492 189 1538 ιι,
214 1474 301 1537 2799
325 1470 389 1536 diei
412 1474 452 1536 31
478 1471 563 1553 Aug.
591 1473 694 1542 1839:
726 1471 880 1553 negative
910 1471 1018 1553 quoad
1045 1471 1220 1537 seminaria
1243 1477 1277 1537 et
1299 1472 1373 1556 pias
1397 1493 1480 1536 com·

159 1561 347 1638 munitates,
371 1559 434 1625 nisi
456 1559 601 1626 habeant
615 1560 784 1629 ,indultum
807 1559 1032 1644 apostolicum.

96 1691 149 1745 244
248 1682 300 1748 An
324 1703 516 1759 ouansrrnn
540 1686 579 1747 2¹¹¹
602 1682 640 1750 lt.
668 1686 695 1749 l.
743 1682 941 1767 Theophilus
964 1683 1151 1749 nullatenus
1178 1682 1301 1768 potuit,
1333 1687 1372 1749 ut
1394 1683 1478 1759 fecit,
1512 1687 1514 1697 ’

158 1772 219 1839 fer.
244 1773 275 1837 V
305 1778 340 1840 et
370 1772 508 1839 sabbato
539 1772 724 1837 functiones
754 1791 923 1856 peragere.
970 1771 1087 1854 Neque
1115 1771 1178 1857 ipsi
1208 1771 1346 1839 favebat
1368 1773 1480 1838 modus

158 1882 179 1927 a
201 1882 304 1946 parvo
320 1861 548 1927 caerimoniali
564 1860 732 1927 Benedicti
748 1861 826 1926 XIII
842 1861 1029 1945 permissus.
1061 1860 1108 1928 Ut
1131 1882 1210 1927 vero
1225 1861 1285 1928 fer.
1303 1862 1334 1926 V
1350 1862 1478 1928 missam

157 1951 278 2017 lectam
302 1950 468 2016 celebrare
486 1949 601 2034 possit,
625 1949 715 2016 videt
700 1955 755 2016 tur
771 1950 943 2034 episcopus
965 1950 1135 2033 indulgere
1158 1971 1263 2035 posse,
1281 1950 1308 2015 si
1324 1951 1479 2017 moniales

158 2043 254 2106 erant
276 2039 392 2107 stricte
357 2039 540 2117 tdicta03
565 2039 648 2104 alias
671 2039 839 2122 indigebat
861 2039 987 2104 indulto
1011 2039 1201 2145 apostolico.
1233 2039 1348 2106 Nam
1338 2061 1373 2104 ru
1398 2041 1477 2106 decr.

159 2150 190 2196 n
215 2131 301 2195 4049
325 2128 459 2195 licentia
482 2132 624 2210 negatur
647 2128 752 2193 solum
775 2129 882 2210 quoad
906 2128 1081 2194 seminaria
1097 2132 1132 2195 et
1143 2131 1220 2217 pias
1235 2132 1477 2207 communitates,

159 2239 223 2300 quo
253 2217 382 2283 nomine
413 2217 633 2283 monialest
600 2217 716 2283 stricte
682 2216 813 2284 tediot
799 2223 855 2284 tae
884 2239 948 2282 ιιοιι
979 2217 1087 2284 solent
1117 2217 1290 2300 assignari.
1338 2179 1478 2284 Sabbata

159 2310 270 2373 autem
286 2311 381 2372 sanct
382 2327 401 2372 o
416 2306 450 2371 in
474 2306 612 2379 ecclesia
627 2305 824 2386 monialium,
850 2327 922 2371 cum
939 2307 1103 2372 sollemnit
1088 2311 1141 2373 ter
1162 2306 1348 2374 functiones
1369 2306 1477 2392 peragi
1506 2260 1514 2381 I

160 2417 224 2460 non
247 2399 392 2479 possent,
417 2396 459 2460 ab
483 2395 569 2460 omni
592 2394 693 2461 missa
715 2356 943 2461 abstiriendum
968 2400 1049 2462 erat.

249 2510 287 2575 R
313 2512 343 2576 2.
389 2510 505 2592 Neque
528 2513 620 2575 recte
643 2510 712 2589 egit
697 2509 795 2577 t.ier
819 2509 904 2575 VI
895 2532 929 2575 ιιι
959 2530 1139 2594 parasceve
1163 2511 1369 2579 celebrando
1409 2511 1476 2578 Non

160 2598 245 2663 enim
268 2598 346 2664 licet
368 2598 410 2664 ad
434 2598 562 2666 libitum
592 2598 704 2665 viatici
735 2620 835 2664 causa
858 2600 1040 2679 celebrare,
1064 2599 1127 2665 sed
1152 2600 1192 2665 ob
1216 2599 1330 2667 viatici
1353 2605 1514 2673 necessi·

159 2695 272 2770 tatem,
311 2687 332 2754 i.
372 2708 399 2754 e.
433 2687 610 2770 requiritur
644 2691 681 2753 ut
721 2689 754 2770 1)
789 2688 945 2755 viaticum
984 2689 1028 2756 sit
1058 2689 1297 2766 necessarium,
1337 2678 1514 2793 adeoque³
1510 2722 1514 2797 1

160 2780 281 2858 agatur
312 2776 352 2841 de
382 2776 504 2842 viatico
536 2797 601 2842 non
631 2777 809 2860 repetendo
842 2778 940 2842 sed
931 2799 963 2842 ιιι
995 2799 1072 2843 casn
1102 2783 1241 2860 urgente
1270 2799 1358 2845 nunc
1380 2780 1514 2885 primo

160 2865 285 2943 dando,
310 2885 351 2930 ne
374 2865 585 2930 moribundus
608 2867 678 2931 sine
702 2887 740 2932 eo
765 2866 919 2942 decedat3
945 2876 1081 2952 repetere
1099 2871 1209 2933 autem
1233 2890 1259 2934 s.
1285 2869 1514 2934 communio·
1512 2918 1514 2939 .

158 2975 233 3020 nem
255 2974 314 3039 per
337 2955 466 3020 modum
497 2954 609 3020 viatici
640 2976 681 3021 ex
712 2955 885 3021 devotione
915 2957 999 3021 feria
1026 2956 1073 3020 VI
1102 2956 1135 3020 in
1166 2977 1348 3040 parasceve
1378 2958 1478 3024 nulla-

159 3048 255 3109 tenus
287 3042 380 3120 licet,
411 3044 497 3110 sicut
527 3044 694 3111 nonlicet
723 3044 857 3126 reliquis
886 3045 1034 3110 fidelihus
1058 3045 1113 3110 illo
1144 3045 1197 3111 die
1226 3067 1252 3112 s.
1285 3047 1479 3113 communio·

160 3154 233 3198 nem
264 3153 408 3207 sumere;
444 3134 478 3215 2)
508 3132 686 3214 requiritur
714 3137 753 3199 ut
782 3134 853 3198 sine
886 3134 1039 3215 graviore
1073 3134 1277 3200 incommodo
1306 3156 1334 3202 s.
1365 3137 1479 3203 eucha-

159 3222 253 3288 ristia
276 3242 341 3286 non
363 3222 469 3306 possit
491 3222 622 3288 aliunde
645 3223 823 3306 asportari:
849 3244 934 3300 nam,
959 3223 986 3288 si
1009 3224 1042 3288 in
1066 3224 1209 3289 eiusdem
1233 3223 1324 3290 urbis
1346 3226 1481 3292 ecclesia

160 3311 268 3376 vicina
291 3332 318 3376 s.
345 3309 543 3376 eucharistia
566 3316 775 3391 asservatur,
806 3313 897 3378 nulla
927 3317 978 3379 est
1008 3312 1188 3380 necessitas
1211 3334 1269 3378 cur
1298 3335 1387 3381 nunc
1410 3336 1481 3382 con·

159 3403 316 3466 sacretur.

248 3505 301 3570 Ex
331 3526 409 3571 casu
439 3509 498 3571 aut
499 3527 549 3571 em
581 3507 688 3573 elucet
718 3505 896 3572 necessitat
882 3512 948 3572 tem
979 3507 1063 3573 hanc
1093 3528 1157 3573 non
1188 3507 1345 3576 adfuisse.
1399 3510 1479 3576 Nam

160 3594 358 3696 Theophilus
382 3598 459 3661 ante
483 3595 598 3660 feriam
622 3595 708 3661 VI
699 3616 732 3659 ιιι
757 3616 935 3678 parasceve
967 3595 1032 3661 iam
1065 3618 1137 3662 eam
1168 3618 1237 3662 rem
1261 3597 1479 3683 disposuerat:
1512 3625 1514 3663 ι

159 3682 257 3749 scivit
280 3683 412 3838 igiturt
403 3705 469 3749 ram
493 3689 551 3750 ant
553 3705 592 3749 ea
616 3705 689 3750 esse
712 3683 854 3767 aliquam
885 3706 1031 3751 sororem
1063 3686 1211 3768 graviter
1241 3693 1514 3770 aegrotantem:

160 3794 258 3854 quam
288 3793 330 3856 po
332 3773 396 3838 tuit
426 3776 461 3840 et
491 3773 602 3839 debuit
587 3777 689 3839 ttan
692 3793 780 3839 eas
804 3773 926 3839 viatico
956 3774 1100 3852 munire,
1132 3775 1217 3858 quod
1241 3775 1270 3839 si
1293 3775 1391 3857 fecit,
1422 3799 1514 3850 non

160 3861 252 3927 licuit
275 3861 459 3928 devotionis
483 3883 582 3927 causa
605 3862 684 3927 illud
707 3862 791 3927 feria
807 3863 854 3928 VI
877 3867 1036 3947 repetere
1072 3826 1190 3943 Licuit,
1165 3865 1252 3943 tsi,
1278 3871 1378 3935 aucto
1400 3867 1483 3953 peri-

160 3951 251 4029 culo,
287 3972 373 4017 nunc
407 3951 535 4016 demum
569 3951 685 4018 mortis
719 3951 941 4036 periculum
933 3958 1017 4019 ruste
1000 3958 1034 4020 et
1069 3955 1155 4035 quod
1189 3959 1290 4020 antea
1324 3961 1399 4024 erat
1436 3977 1482 4022 re·

160 4044 294 4107 motum.

248 4156 287 4222 R.
312 4157 342 4221 3.
389 4154 509 4221 Male
500 4176 633 4238 insuper
655 4155 725 4238 egit
748 4154 947 4240 Theophilus
969 4178 1035 4259 non
1065 4157 1235 4223 retinendo
1259 4158 1391 4244 aliquae
1413 4184 1482 4247 par·

160 4244 278 4311 tioulas
302 4248 512 4310 consecratas
541 4265 600 4329 pro
631 4266 708 4310 casu
732 4244 900 4328 inopinato
923 4245 1045 4312 viatici.
1092 4245 1203 4348 Quisr
1227 4248 1403 4331 acciderit,
1434 4273 1482 4317 or·

160 4334 354 4399 currendum
379 4340 452 4401 erat
475 4354 603 4399 sacram
626 4333 820 4417 particulam
844 4335 1009 4401 afferendo
1034 4357 1075 4400 ex
1098 4335 1207 4402 vicina
1230 4338 1381 4408 ecclesia.

249 4450 287 4515 R.
306 4453 336 4515 4.
370 4449 402 4515 Si
419 4449 537 4515 sabbat
522 4453 557 4515 to
574 4453 669 4514 sanct
670 4471 689 4515 o
706 4470 801 4515 casus
820 4451 1027 4519 necessitatis
1045 4451 1154 4517 viatici
1172 4454 1380 4536 occurrisset,
1404 4457 1482 4523 idem

161 4543 234 4604 erat
219 4539 425 4604 tdicendum
452 4559 491 4603 ac
515 4538 554 4603 de
579 4559 657 4604 casu
681 4539 782 4604 feriae
806 4540 869 4615 VI;
903 4541 1109 4606 nihilominus
1133 4541 1219 4608 ratio
1244 4544 1354 4611 minus
1376 4546 1483 4629 gravis

162 4627 405 4694 sufficiebatut
368 4628 528 4693 utmissa
551 4628 691 4712 privata,
717 4649 820 4710 eaque
844 4629 883 4693 de
908 4629 968 4706 die,
994 4630 1152 4695 celebrari
1175 4637 1298 4715 posset.

1508 3014 1514 3079 l
