3044 5174
670 295 712 350 De
730 312 768 350 ss.
787 293 959 350 eucharistia.

747 496 882 564 Salutio.
1517 526 1520 582 ι

96 644 145 697 148
223 636 332 701 ιιι
360 636 526 702 Gerardus
541 641 595 702 rat
580 636 722 703 tionibus
737 636 802 702 illis
819 658 899 719 quas
916 637 1087 738 perpendit
1102 643 1192 705 recte
1208 639 1339 722 quidem
1359 662 1396 706 se
1406 640 1472 724 ipse

155 723 376 790 simulaverit
399 725 441 790 ad
465 726 620 791 maiorem
645 725 807 791 fervorem
831 731 949 808 atque,
983 726 1011 791 si
1033 748 1069 792 se
1099 728 1182 794 adeo
1205 750 1226 795 a
1248 729 1396 813 puritate
1418 751 1473 813 per

155 835 190 878 se
215 813 326 879 debita
349 813 489 879 alienum
519 814 655 890 viderit,
687 819 777 880 recte
807 836 880 880 sese
910 815 1057 882 humiliet
1085 816 1294 900 divinumque
1318 819 1473 884 auxilium

155 903 198 967 ad
220 902 398 968 vincendas
420 924 543 987 pravas
572 864 804 982 inclinationes
828 903 991 987 imploret.
967 905 1162 971 tVerum
1189 907 1275 989 quod
1297 907 1375 973 inde
1399 929 1473 973 con·

155 992 256 1057 cludit
272 991 334 1056 sibi
349 1012 370 1057 a
385 991 582 1058 celebranda
597 992 697 1058 inissa
713 992 941 1059 abstinendum
957 1014 1040 1072 esse,
1064 993 1096 1059 in
1118 995 1180 1059 hoc
1203 999 1294 1062 recte
1312 1018 1378 1062 nou
1395 997 1473 1078 agit.

244 1081 418 1146 Peccatum
428 1081 514 1147 enini
527 1082 613 1164 quod
625 1082 850 1148 committatur
864 1081 1086 1164 frequentiore
1099 1103 1232 1149 accessu
1244 1084 1287 1150 ad
1298 1106 1343 1153 as.
1357 1086 1473 1151 eucha-

153 1169 281 1235 ristiam
304 1170 374 1235 siue
395 1170 505 1236 debita
528 1171 627 1236 animi
643 1170 798 1254 puritate,
823 1192 865 1236 ex
887 1171 1104 1238 irreverentia
1127 1194 1192 1256 qua
1214 1194 1258 1240 ss.
1275 1175 1473 1241 eucharistia

154 1258 319 1325 afficiatur
348 1264 401 1326 est
429 1259 672 1326 desumendum.
720 1260 841 1325 Verum
872 1260 1024 1341 quoniam
1054 1260 1135 1326 haec
1163 1261 1382 1331 irreverentia
1411 1285 1472 1329 non
1519 1271 1520 1276 ’

153 1352 222 1413 tarn
245 1347 389 1432 positiva
411 1369 509 1430 quain
532 1349 704 1430 negativa,
736 1349 756 1414 i.
781 1370 809 1414 e.
834 1349 984 1414 absentia
1007 1349 1139 1415 maioris
1162 1352 1385 1431 reverentiae,
1416 1353 1472 1419 sit:

153 1437 208 1502 ille
233 1437 342 1502 defeat
327 1440 381 1502 tus
405 1437 535 1503 aliunde
559 1437 763 1522 compensari
786 1442 956 1521 potcst;e
938 1443 972 1504 t
992 1458 1110 1505 revera
1133 1445 1365 1541 compensatur
1388 1442 1473 1508 utili·

154 1532 224 1593 tate
190 1526 378 1610 tpublica
408 1547 491 1609 quae
521 1547 563 1591 ex
593 1548 727 1592 munere
755 1526 907 1592 sacerdot
908 1527 952 1592 ali
976 1530 1075 1628 atquc
1105 1549 1148 1594 ss
1172 1529 1293 1595 missae
1315 1531 1472 1596 sacrificio

153 1617 187 1680 in
209 1619 316 1681 totam
338 1614 445 1681 influit
468 1614 659 1681 Ecclesiam.
705 1615 801 1681 Unde
828 1617 1007 1681 communis
1030 1622 1083 1683 est
1104 1617 1331 1701 theologorum
1356 1619 1472 1704 opinio,

154 1705 357 1770 sacerdotem
387 1704 458 1769 sinc
486 1725 572 1770 novo
607 1708 742 1788 peccato
708 1703 939 1770 tcelebrare
969 1708 1069 1787 atque
1100 1706 1201 1772 etiarn
1235 1707 1356 1774 cotidie
1390 1709 1513 1791 cele

154 1793 249 1858 braic
272 1813 385 1877 posse,
416 1793 444 1858 si
468 1794 563 1858 modo
587 1814 623 1858 se
647 1793 925 1858 conservaverit'
916 1816 949 1858 ιιι
972 1798 1063 1860 statu
1086 1794 1231 1897 gratiae,
1255 1796 1472 1863 etiamsinon

154 1904 193 1947 ea
217 1882 316 1947 animi
340 1881 540 1966 puritateiu
507 1881 613 1948 niteat
636 1903 733 1964 quarn
757 1882 921 1948 cotidiana
944 1884 1169 1949 scammonia
1190 1888 1471 1970 persepostulet.

242 1989 281 2055 R
306 1991 336 2054 2.
383 1988 571 2071 siquando
601 1995 712 2054 autem
737 1988 903 2055 Gerardus
929 1989 1051 2055 infelici
1083 2011 1162 2055 casu
1190 1992 1341 2074 graviter
1364 1993 1472 2078 lapsus

154 2079 213 2154 sit
244 2077 386 2143 maxime
409 2077 438 2142 si
460 2078 524 2145 fuit
547 2082 682 2167 peccato
706 2082 823 2143 contra
846 2077 1052 2156 castitatem,
1085 2079 1199 2146 eodeni
1222 2081 1274 2146 dic
1298 2083 1520 2160 celebrare,¹

154 2167 216 2232 nisi
239 2167 419 2232 necessitas
443 2168 604 2250 quaedam
627 2170 798 2249 urgente
780 2167 909 2233 etiamsi
933 2188 992 2250 per
1014 2129 1258 2234 cdnfessionem
1266 2171 1338 2237 Deo
1361 2193 1472 2237 recon-

154 2257 284 2322 ciliatus
307 2255 367 2332 sit,
401 2256 633 2321 consulendum
662 2277 727 2321 nori
757 2262 824 2323 est:
858 2257 955 2321 immo
986 2256 1019 2321 id
1049 2278 1108 2340 per
1139 2279 1175 2324 se
1204 2279 1269 2324 non
1300 2260 1471 2327 videtura

154 2345 275 2410 veniali
297 2351 433 2428 peccato
398 2344 722 2411 tirreverentiae
712 2366 855 2410 immune
879 2366 950 2410 esse
974 2345 1049 2428 (ia.
1066 2369 1106 2413 ιιι.
1131 2347 1173 2424 ΙΙ,
1199 2349 1287 2431 158).
1316 2350 1471 2416 Attamen

154 2439 267 2500 nostra
291 2438 401 2499 aetate
425 2432 521 2499 facile
551 2433 658 2500 aderit
681 2454 781 2499 causa
804 2455 982 2511 excusam,
1014 2434 1168 2502 videlicet
1198 2437 1284 2518 quod
1308 2439 1471 2506 abstinere

154 2546 174 2588 a
198 2523 434 2599 celebratione,
468 2522 530 2587 nisi
557 2523 642 2589 ratio
673 2532 848 2608 appareat,
881 2523 978 2588 facile
1008 2525 1134 2591 excitat
1165 2525 1420 2593 admirationem
1443 2533 1472 2594 et

153 2631 378 2695 suspicionem.

93 2737 143 2791 149
242 2718 280 2783 R.
307 2721 337 2782 3.
385 2717 570 2801 Onuphrius
603 2717 768 2783 contrario
799 2739 935 2783 excessu
966 2725 1099 2802 peccat,
1130 2720 1158 2785 si
1189 2742 1337 2786 normam
1367 2744 1472 2789 sacer·

155 2810 211 2874 ιιοι
213 2809 240 2872 ιι
272 2806 465 2872 sacrificium
490 2807 656 2872 offerentis
687 2807 847 2872 transfert
877 2807 919 2872 ad
942 2809 1198 2874 communionem
1230 2810 1392 2878 laicalem.
1439 2814 1472 2878 ιι

155 2900 216 2962 liac
239 2896 340 2972 enirn,
374 2917 458 2979 quae
481 2897 743 2962 nullatenust
692 2901 743 2961 cst
767 2900 821 2960 act
822 2896 852 2959 ιο
877 2896 1026 2980 publicae
1050 2897 1138 2964 utilit
1124 2899 1221 2974 tatis,
1249 2901 1321 2965 sola
1343 2902 1517 2985 privata*

154 2987 280 3052 utilitas
311 2990 344 3050 et
376 2986 508 3068 privata
540 2985 709 3068 dispositio
741 2985 945 3068 respicienda
974 2990 1034 3051 est.
1082 2986 1169 3052 Male
1198 2987 1301 3070 igitur
1328 2991 1417 3073 agit,
1448 2991 1516 3056 si

153 3076 293 3140 feminas
317 3096 401 3156 quae
424 3075 620 3156 garrulitate
643 3074 780 3155 aliisque
804 3073 995 3151 defectibus,
1019 3075 1096 3140 licet
1081 3079 1182 3140 tnon
1198 3076 1366 3158 gravibus,
1392 3058 1514 3146 male

154 3166 235 3229 alios
268 3164 442 3229 aedificant
474 3164 515 3227 ad
548 3164 629 3229 adeo
659 3163 863 3244 frequentem
895 3163 1150 3229 communionem
1175 3165 1293 3232 admitt
1278 3171 1342 3234 att.
1389 3170 1470 3234 Nam

154 3275 211 3335 pro
229 3254 372 3318 locorum
390 3252 641 3317 circumstantiis
658 3251 815 3316 eiusmodi
831 3252 958 3317 levibus
975 3253 1122 3334 personis
1138 3254 1423 3323 indiscriminatim
1435 3280 1471 3323 ne

154 3342 437 3408 liebdomadariam
463 3341 592 3423 quidem
617 3340 875 3405 communionem
898 3341 1027 3407 debebit
1050 3343 1251 3424 permittere,
1275 3344 1338 3410 nisi
1356 3348 1470 3413 seriam

154 3433 329 3497 ostendant
353 3430 622 3496 emendationem.

242 3539 280 3604 ιι.
305 3541 335 3603 4.
371 3538 408 3601 Ιιι
432 3558 509 3601 casu
533 3542 642 3602 autem
667 3558 729 3619 quo
753 3557 812 3619 per
832 3557 1079 3602 non-accessum
1101 3538 1143 3603 ad
1167 3561 1193 3604 s.
1217 3542 1470 3608 communionem
1510 3581 1514 3589 ι

154 3627 250 3692 alicui
288 3648 391 3710 grave
425 3625 661 3691 incommodum
697 3626 749 3690 vel
785 3625 885 3692 ctiam
919 3626 1030 3708 gravis
1065 3627 1256 3710 suspicionis
1294 3631 1470 3713 periculum

154 3718 295 3793 oriatur,
335 3715 463 3780 facilius
493 3716 523 3780 ei
555 3714 609 3798 qui
640 3736 703 3779 non
738 3718 789 3779 est
822 3714 1012 3797 simpliciter
1041 3715 1210 3798 indignus,
1250 3739 1404 3786 accessus
1433 3721 1470 3787 ad
1507 3710 1520 3729 ⁶

153 3828 179 3873 s.
204 3827 348 3871 inensam
374 3804 518 3888 permitti
541 3808 660 3888 potest.
707 3803 799 3880 Quod
821 3803 853 3868 in
878 3804 1179 3882 communitatibus,
1209 3809 1340 3888 quando
1364 3831 1470 3876 omnes

154 3917 196 3960 ex
219 3895 334 3977 regula
357 3895 512 3959 accedere
535 3895 650 3970 solent,
675 3893 803 3958 facilius
826 3893 858 3957 iii
883 3893 1105 3976 quaestionem
1130 3896 1231 3962 venit.

1508 2360 1520 2579 -9-——31

343 4103 576 4170 Ossuianrio
602 4103 844 4169 SUMENDAE
869 4104 924 4170 SS.
950 4104 1282 4172 EUCHARISTIAE.

723 4271 833 4336 fusus.
854 4279 911 4345 (ιι)

243 4414 278 4471 In
300 4413 445 4471 communi
466 4412 564 4486 aliqua
593 4411 675 4469 clade
697 4412 862 4487 complures
884 4412 1016 4485 graviter
1037 4412 1140 4470 afflicti
1162 4413 1192 4469 in
1219 4415 1369 4489 publicum
1389 4436 1469 4475 noso·

156 4495 279 4552 coinium
301 4495 521 4551 transferuntur
543 4493 578 4550 de
600 4511 721 4567 quornm
743 4493 840 4549 salute
861 4512 928 4550 niox
952 4492 1140 4567 desperatur:
1163 4493 1241 4550 inter
1264 4514 1339 4569 quos
1361 4504 1409 4555 est
1422 4496 1469 4556 Oa·

155 4576 234 4633 rolus
256 4595 328 4650 puer
349 4574 510 4639 novennis,
540 4573 632 4630 lulius
654 4573 700 4629 vir
721 4573 768 4646 qui
794 4572 936 4645 aviginti
960 4573 1046 4629 annis
1068 4580 1254 4632 sacramenta
1282 4596 1341 4634 non
1363 4577 1470 4655 recepit

154 4662 241 4730 atque
263 4674 339 4713 nunc
361 4655 533 4730 imperfecte
555 4660 668 4712 tantum
691 4658 801 4710 statum
830 4673 914 4710 suurn
943 4658 972 4710 et
1000 4659 1123 4727 peccata
1151 4655 1344 4716 manifestare
1365 4664 1469 4734 potest,
