3044 5174
1502 39 1514 233 l

147 458 311 541 incipitur.
358 457 560 538 Quamquam
585 455 670 522 enim
694 455 824 540 proprie
846 457 1009 539 loquendo
1032 457 1139 524 forma
1160 456 1254 525 finita
1278 462 1341 536 est,
1366 463 1470 526 tamm
1506 468 1514 583 i

148 548 196 614 ita
218 544 406 612 immediate
431 545 569 610 formam
592 545 802 628 subsequitur
825 545 945 623 unctio,
970 551 1008 612 ut
1022 547 1113 612 nulla
1127 546 1172 613 sit
1187 546 1397 632 interruptio,
1419 549 1470 613 sed

147 636 223 702 unio
253 635 386 700 moralis
416 635 578 718 sufficiens
602 633 690 716 (vide
713 655 813 719 supra
841 634 881 700 de
904 656 1042 702 sacram.
1071 635 1104 700 in
1133 656 1254 719 genere
1284 658 1316 704 n.
1347 641 1388 702 14
1403 639 1470 719 sq).
1506 608 1514 729 l

148 725 263 807 Neque
287 726 398 790 obstet
426 724 604 788 secundam
626 722 747 805 gemini
780 745 895 788 sensus
927 724 1113 790 unctionem
1143 725 1213 790 fieri
1242 725 1303 791 sub
1334 727 1470 795 silentio.

147 814 234 881 Nam
259 818 490 897 praeterquam
515 812 599 895 quod
623 813 704 878 haec
727 812 771 879 sit
787 812 925 878 actionis
940 813 1090 897 inceptae
1107 814 1321 892 continuatio,
1347 816 1472 896 gemina

148 904 259 969 unctio
284 905 328 967 ud
351 905 487 967 calorem
511 923 576 966 non
599 903 752 984 pertinet.
777 939 814 948 -
836 901 1054 968 Nihilominus
1071 902 1243 970 Gisbertus
1258 903 1291 968 in
1308 910 1471 988 posterum

148 992 263 1057 melius
288 991 459 1059 attendere
483 990 596 1067 debet,
629 995 752 1057 utnon
776 991 880 1056 solum
905 991 1095 1058 essentialia
1125 998 1253 1070 servet,
1287 994 1347 1058 sed
1378 994 1471 1060 etiam

148 1102 238 1147 more
262 1085 418 1148 consueto
442 1084 476 1146 et
499 1079 619 1146 devoto
642 1079 809 1163 procedat,
834 1103 902 1145 cam
928 1080 1194 1164 pronuntiatione
1217 1084 1394 1148 verborum
1411 1083 1472 1148 for·

148 1191 222 1236 mae
245 1169 446 1252 coniungens
470 1169 640 1235 unctiones
663 1169 909 1252 respondentes.
1508 1200 1513 1345 1

238 1285 276 1352 R.
295 1287 325 1350 6.
358 1285 409 1348 Ex
434 1283 529 1349 dictis
552 1283 692 1350 eflicitur
715 1284 921 1350 sacerdotem
944 1284 1154 1352 assistentem
1171 1290 1261 1352 recte
1276 1307 1343 1352 non
1360 1288 1471 1371 egisse,

150 1374 278 1456 quando
294 1374 327 1438 in
343 1372 525 1458 posteriore
542 1394 630 1450 casu,
655 1395 728 1438 cum
746 1373 918 1439 Gisbertus
934 1373 974 1439 ad
991 1394 1106 1440 vocem
1127 1374 1268 1453 ,Amen‘
1289 1377 1472 1444 unctionem
1509 1397 1513 1459 ς

148 1464 334 1547 incepisset,
360 1484 432 1528 eam
457 1462 644 1530 unctionem
667 1460 812 1530 iteravit.
1219 1498 1222 1504 .
1509 1468 1513 1519 l

238 1570 362 1636 Verum
385 1569 417 1633 in
442 1568 515 1634 aliis
539 1568 684 1646 casibus,
716 1590 788 1634 cum
818 1568 987 1634 Gisbertus
1017 1569 1192 1637 defecisset
1220 1570 1253 1636 in
1284 1572 1473 1655 pronuntia·
1510 1534 1513 1587 l

148 1659 238 1725 tione
261 1660 352 1724 vocis
379 1658 601 1737 ,locutionis“,
633 1662 762 1724 etcum
787 1657 1070 1741 planeomisisset
1094 1660 1279 1726 unctionem
1304 1681 1472 1726 manuum:
1510 1662 1513 1668 ’

149 1748 265 1813 melius
289 1752 361 1814 erat
391 1748 593 1814 sacerdotem
626 1747 835 1813 assistentem
869 1748 1038 1831 supplere,
1072 1769 1169 1830 quam
1199 1749 1274 1814 illas
1304 1751 1472 1816 unctiones

148 1838 247 1922 plane
270 1836 378 1903 omitti
401 1838 455 1902 vel
479 1835 617 1919 relinqui
642 1836 765 1902 dubias.
797 1836 1024 1913 Nihilominus,
1049 1858 1122 1903 cum
1146 1838 1179 1902 in
1203 1839 1309 1905 latina
1326 1839 1473 1905 Ecclesia
1511 1860 1515 1916 ι

148 1947 220 1992 mos
242 1948 306 1992 non
330 1926 383 2003 sit,
410 1931 446 1993 ut
469 1925 580 1992 unctio
604 1947 624 1991 a
645 1924 791 2009 pluribus
806 1925 1031 1991 sacerdotibus
1046 1928 1114 2004 fiat,
1139 1927 1252 1994 debuit
1266 1928 1381 2012 potius
1397 1929 1472 1995 assi-

149 2019 240 2082 stens
264 2016 436 2099 presbyter
460 2014 645 2080 (liebertum
670 2035 819 2091 monere,
844 2018 881 2079 ut
904 2015 1074 2080 unctiones
1097 2037 1267 2100 perperam
1291 2017 1403 2085 factae
1424 2017 1473 2082 vel

150 2104 288 2171 omissas
311 2103 507 2186 corrigeret,
541 2102 640 2169 etiam
664 2103 826 2169 adfinem
848 2104 951 2169 totius
981 2104 1153 2172 unctionis.
1201 2106 1313 2172 Solum
1347 2106 1472 2189 quando

149 2193 298 2260 minister
329 2193 503 2277 primarius
535 2194 589 2258 vel
621 2192 746 2258 moneri
780 2214 844 2258 non
879 2193 1004 2276 potuit,
1040 2195 1092 2259 vel
1128 2193 1276 2261 defectus
1312 2197 1473 2279 corrigere

149 2283 265 2359 noluit,
291 2282 449 2349 assistens
472 2281 532 2347 sibi
556 2302 673 2346 munus
696 2301 864 2348 assumere
887 2282 995 2365 potuit
1017 2283 1198 2366 supplendi.

239 2389 325 2453 Nam
350 2387 459 2453 valide
483 2409 518 2453 re
541 2409 622 2453 vera
645 2389 693 2453 ita
716 2388 900 2471 suppletum
926 2393 986 2455 est.
1034 2389 1148 2454 Valori
1171 2390 1257 2455 enim
1287 2391 1473 2457 nullatenus

151 2477 262 2542 obstat
285 2479 456 2543 unctiones
478 2478 626 2542 diversas
647 2497 666 2540 a
682 2476 822 2541 diversis
838 2477 906 2542 fieri
923 2477 1092 2555 ministris,
1115 2479 1143 2543 si
1160 2478 1255 2545 modo
1271 2478 1317 2545 sit
1333 2480 1472 2545 omnium
1511 2464 1515 2527 l

150 2569 282 2631 moralia
311 2571 405 2632 unio:
442 2566 527 2648 quod
558 2565 701 2631 ostendit
731 2566 843 2650 praxis
874 2567 1041 2632 Ecclesiae
1072 2567 1250 2634 orientalis.
1299 2568 1404 2634 Immo
1434 2590 1472 2634 ne

150 2655 360 2721 intervallum
391 2656 482 2739 infra
516 2652 556 2734 ¹l4
581 2656 682 2720 horae
711 2655 853 2738 spatium
885 2660 1014 2721 tantum
1038 2660 1105 2733 est,
1139 2661 1176 2724 ut
1199 2661 1377 2741 propterea
1400 2680 1472 2724 cen-

150 2749 280 2809 seretur
309 2745 395 2810 inter
424 2745 570 2827 singulas
600 2743 769 2810 unctiones
799 2746 955 2810 moralem
987 2746 1136 2810 uni0nem
1165 2767 1230 2811 non
1253 2747 1395 2831 amplius
1418 2769 1473 2813 ex·

150 2832 277 2899 sistere.
325 2833 357 2900 Si
383 2834 504 2900 diutius
528 2855 593 2899 una
616 2833 728 2899 unctio
752 2834 793 2898 ab
817 2833 882 2898 alia
906 2838 1088 2918 separatur,
1119 2835 1195 2900 unio
1218 2835 1317 2901 dubia
1347 2842 1416 2913 eat,
1448 2837 1472 2900 si

150 2922 226 3004 quid
250 2922 352 3005 igitur
374 2922 588 3006 supplendum
613 2922 729 2999 fuerit,
760 2922 871 2989 unctio
896 2924 936 2988 ab
960 2924 1089 3005 integro
1115 2924 1179 2988 sub'
1205 2924 1395 2991 condicione
1425 2931 1472 2990 est

150 3012 354 3078 resumenda.
389 3014 445 3078 Tb.
472 3035 511 3080 m.
536 3012 576 3088 ΙΙ,
602 3014 684 3088 571;
711 3012 741 3077 S.
767 3012 963 3095 Alphons.
989 3013 1045 3090 VI,
1072 3015 1145 3078 724.

240 3118 277 3183 It.
297 3120 325 3183 7.
359 3118 509 3183 Ceterum
534 3117 663 3200 quando
688 3121 763 3201 post
786 3117 963 3182 discessum
988 3119 1029 3183 ab
1054 3123 1189 3201 aegroto
1206 3118 1356 3186 defectus
1373 3121 1472 3186 anim·

150 3206 343 3284 advertitur,
369 3207 423 3289 qui
448 3206 577 3272 dubiam
597 3207 775 3273 reddiderit
791 3206 986 3285 unctionem,
1012 3211 1049 3273 at
1063 3208 1145 3274 satis
1163 3207 1377 3292 probabiliter
1393 3211 1472 3275 vali·

150 3295 235 3371 dam,
260 3297 421 3378 parochus
444 3316 507 3360 non
532 3299 664 3360 tenetur
687 3317 758 3360 cnm
779 3299 872 3381 proci
887 3296 1090 3362 incommodo
1106 3298 1160 3362 vel
1176 3298 1293 3363 rubore
1310 3298 1472 3365 defectum
1511 3324 1515 3395 Ι

151 3387 319 3468 supplere,
350 3385 410 3449 nisi
435 3384 562 3466 aegroti
586 3384 684 3450 saluti
709 3406 766 3468 per
789 3385 854 3451 alia
877 3390 1084 3452 sacramenta
1108 3390 1175 3451 tam
1201 3391 1291 3453 certo
1321 3409 1388 3454 non
1419 3410 1472 3472 po·

151 3473 455 3628 llllllllelmdell
495 3474 614 3538 Illbel
638 3474 673 3539 P.
699 3474 778 3538 VIII
807 3496 838 3540 n.
865 3476 928 3539 204
956 3496 998 3539 ex
1021 3476 1230 3558 Laymann
1262 3480 1296 3541 et
1319 3477 1472 3543 Baben·

148 284 212 349 382
548 280 753 337 Sacramentum
771 285 910 338 extremae
929 282 1073 338 unctionis.

151 3763 394 3828 ΕΧΤΒΕΜΑΕ
417 3764 654 3830 UNC'IIONIS
679 3764 929 3830 SUBIECTUM
948 3803 992 3812 —
1008 3764 1161 3830 FORMA
1178 3765 1473 3833 ABBREVIATA.
1511 3736 1518 3867 l

708 3930 817 3996 Casus.
838 3937 914 4006 (195)

239 4069 415 4140 Fridericus,
437 4075 568 4146 tempore
590 4070 776 4143 contagionis
798 4070 827 4127 in
849 4071 1018 4129 nosocomio
1040 4090 1128 4131 curae
1143 4071 1307 4133 animarum
1329 4076 1474 4145 addictus,

152 4154 313 4207 extremam
335 4151 503 4208 unctionem
531 4151 618 4208 unica
640 4151 754 4208 confert
775 4150 913 4209 unctione
941 4151 971 4209 in
993 4153 1105 4222 fronte,
1135 4152 1251 4212 dicens:
1285 4153 1361 4224 ,Per
1389 4156 1474 4216 istem

151 4236 285 4287 sanctam
307 4230 540 4290 unctionem...
563 4230 700 4305 quidquid
722 4250 774 4305 per
796 4251 901 4288 sensus
924 4230 1107 4306 deliquisti“;
1136 4233 1220 4291 timet
1241 4233 1336 4306 enim,
1367 4257 1423 4308 ne,
1451 4236 1474 4296 si

151 4315 243 4367 totum
265 4311 352 4368 ritum
374 4311 509 4387 perficiat
530 4311 688 4369 secundum
712 4311 839 4380 Rituale,
861 4331 918 4369 non
941 4312 1037 4387 possit
1059 4333 1160 4371 omnes
1182 4333 1302 4389 ungere.

240 4400 298 4458 Eos
319 4400 367 4475 qui
396 4400 595 4476 operationem
618 4399 811 4475 periculosam
838 4403 980 4472 subeunt,
1009 4403 1239 4478 quamprimum
1268 4403 1475 4465 chloroiormio

152 4480 288 4537 sensibus
310 4480 444 4538 destituti
466 4486 543 4546 sunt,
566 4485 698 4537 extrema
713 4481 850 4538 unctione
872 4481 964 4555 ungit,
988 4501 1052 4539 cum
1075 4483 1231 4557 aliquoties
1253 4484 1426 4556 accidisset,
1446 4492 1476 4543 ut

152 4561 295 4618 eiusmodi
316 4561 449 4618 homines
471 4580 487 4618 e
508 4559 626 4618 narcosi
655 4579 713 4617 non
737 4561 920 4635 evigilarent.
963 4562 1042 4619 Idem
1070 4563 1143 4621 lacit
1171 4583 1243 4637 erga
1271 4566 1373 4641 capite
1402 4569 1474 4626 dam·

151 4646 238 4698 natos
260 4646 329 4698 ante
351 4641 579 4710 exsecutionem,
602 4659 724 4716 quorum
745 4661 821 4699 unua
843 4661 934 4700 senex
949 4646 989 4700 sit
1003 4648 1091 4718 atque
1112 4643 1179 4720 ipsa
1199 4651 1341 4704 senectus
1363 4647 1475 4707 dicatur
