3044 5174
148 273 191 337 36
599 268 639 324 De
658 268 838 324 sacramentis
857 270 1016 338 generatim.

148 436 249 502 menti
274 435 601 515 administrationem,
625 458 690 503 nou
713 436 798 521 petit
820 436 944 519 aliquid
967 436 1052 519 quod
1075 436 1225 503 minister
1243 438 1314 503 siue
1336 442 1474 522 peccato

147 531 318 610 praestare
353 547 418 591 nou
452 526 572 610 possit,
608 529 683 592 utut
712 526 835 608 aliquid
867 526 954 609 quod
983 526 1207 592 verisimiliter
1235 527 1306 593 siue
1336 531 1474 610 peccato

148 636 214 680 nou
236 616 281 682 sit
303 615 462 682 facturus.
493 653 539 663 -
567 614 653 680 Hinc
673 614 723 681 ita
746 618 858 699 petere
881 615 1032 681 absolute
1054 615 1204 682 illicitum
1227 637 1292 681 non
1315 620 1386 694 est;
1417 617 1474 682 sed

149 725 191 769 ex
215 726 314 770 causa
338 703 449 787 aliqua
471 703 625 786 graviore
648 708 700 770 est
721 704 857 771 licitum.
908 706 965 771 Tt.
990 728 1030 772 m.
1054 704 1095 783 II,
1121 707 1173 770 53.

105 844 139 897 55
240 828 293 892 An
316 848 508 904 ouuasmun
533 829 581 893 2¹².
620 826 730 893 Primo
753 831 939 894 statuamus
962 827 1040 910 quid
1061 827 1192 895 licuerit
1207 828 1372 908 Caesario,
1398 829 1473 913 quid

149 937 215 982 nou
238 917 376 996 licuerit,
400 917 434 981 iu
457 916 597 982 articulo
621 917 745 984 mortis.

239 1005 347 1083 Quare
371 1005 409 1071 R.
436 1008 465 1072 1.
508 1005 546 1070 In
578 1026 617 1071 eo
648 1005 787 1072 articulo
820 1005 997 1087 quemlibet
1028 1004 1252 1085 sacerdotem,
1286 1005 1388 1072 etiam
1421 1010 1473 1072 ut

150 1116 289 1177 cumque
319 1094 637 1161 excommunicatum
667 1099 701 1161 et
732 1094 919 1172 vitandum,
953 1096 1084 1160 constat
1110 1115 1207 1178 posse
1231 1094 1341 1161 valide
1364 1095 1473 1160 absol·

149 1205 237 1251 vere.
277 1183 372 1250 Unde
395 1185 433 1249 lit
456 1188 494 1250 ut
516 1204 575 1267 per
597 1204 633 1249 se
656 1183 757 1249 etiam
780 1183 869 1249 licite
892 1183 1073 1249 advocetur
1095 1183 1128 1248 iu
1154 1205 1232 1249 casu
1253 1185 1471 1263 necessitatis,

148 1273 169 1339 i.
191 1294 219 1339 θ.
244 1273 272 1338 si
296 1273 380 1338 alius
404 1272 559 1339 sacerdos
582 1273 675 1338 deest
698 1277 732 1338 et
747 1273 958 1338 moribundus
981 1272 1077 1338 timet
1100 1294 1140 1338 ue
1162 1274 1207 1338 sit
1229 1273 1261 1338 in
1280 1277 1373 1341 statu
1397 1295 1472 1358 pec·

148 1362 224 1428 eati.
272 1362 336 1428 Sed
359 1363 441 1428 haec
470 1362 615 1428 facultas
646 1361 787 1429 adeundi
816 1361 957 1427 ministri
987 1361 1131 1443 alioquin
1154 1361 1297 1441 vitandi,
1329 1383 1403 1428 oum
1431 1363 1473 1429 sit

146 1455 283 1535 propter
305 1453 408 1517 solam
433 1451 678 1529 necessitatem,
709 1451 810 1517 etiam
833 1450 1044 1533 restringitur
1074 1451 1114 1516 ad
1139 1455 1349 1518 sacramenta
1372 1474 1472 1519 necea

146 1545 248 1606 eoric.
297 1541 327 1608 S.
352 1539 468 1624 Alph.
495 1540 550 1618 VI,
576 1543 656 1616 5603
685 1542 741 1606 Ta.
766 1563 807 1607 m.
832 1541 873 1620 ll,
898 1543 940 1605 53
964 1544 998 1606 et
1022 1542 1074 1606 54.

236 1648 274 1716 R.
307 1650 336 1714 2.
374 1647 506 1713 Publice
535 1647 721 1713 haereticus
751 1648 806 1712 vel
835 1646 1079 1724 schismaticus,
1112 1645 1175 1713 etsi
1205 1668 1270 1712 non
1301 1647 1346 1712 sit
1376 1668 1472 1713 seusu

147 1737 303 1802 canonico
323 1736 528 1815 ,vitandus“‚
553 1735 615 1801 nisi
630 1736 731 1801 fuerit
747 1740 784 1802 ut
799 1735 1100 1802 excommunicatus
1116 1737 1336 1815 denuntiatus,
1361 1741 1471 1803 tamen

147 1826 250 1891 relate
275 1825 316 1891 ad
340 1830 620 1892 sacramentorum
644 1826 864 1909 receptionem
888 1825 1001 1890 eodem
1025 1824 1120 1889 modo
1144 1825 1244 1891 vitari
1274 1825 1391 1903 debet;
1423 1830 1472 1893 at·

146 1935 209 1995 que
232 1915 331 1979 immo
354 1915 481 1998 inipso
505 1914 649 1998 periculo
672 1915 804 1993 martie,
836 1915 864 1979 si
887 1914 976 1980 solus
1000 1913 1153 1979 videatur
1183 1935 1255 1979 esse
1286 1914 1341 1998 qui
1369 1915 1473 1999 possit

146 2002 233 2068 ferre
256 2003 452 2080 subsidium,
486 2003 669 2086 generatim
693 2004 764 2068 eius
794 2003 968 2069 advocatio
999 2007 1134 2087 propter
1157 2003 1378 2086 perversiouis
1402 2009 1472 2072 teu·

145 2096 258 2158 tamen
281 2092 367 2177 quod
390 2092 539 2159 facturus
562 2094 607 2159 sit
630 2093 734 2157 maius
766 2092 945 2176 periculum
966 2113 1077 2157 secum
1100 2091 1187 2159 feret
1211 2113 1309 2175 quam
1332 2093 1470 2173 lucrum,

146 2186 180 2247 et
202 2181 297 2266 proin
320 2183 504 2265 praestabit
527 2203 600 2246 cum
624 2187 702 2247 actu
728 2181 933 2248 contritionis
959 2181 1126 2264 perfectae
1148 2180 1378 2247 moribundum
1402 2204 1471 2249 sese

145 2270 388 2337 misericordiae
411 2271 542 2336 divinae
566 2270 788 2336 committere:
812 2292 888 2336 uam
905 2270 1054 2335 minister
1076 2270 1131 2336 ille
1147 2271 1350 2337 acatholicus
1375 2272 1471 2339 mori·

145 2360 306 2438 buudum,
340 2360 401 2425 nisi
435 2361 599 2426 erroribus
630 2359 850 2438 consenserit,
883 2360 981 2425 valde
1011 2359 1226 2444 probabiliter
1256 2363 1472 2429 sacramentis

147 2471 212 2515 non
237 2449 370 2516 muniet.

234 2547 273 2615 R.
299 2550 328 2614 3.
359 2547 536 2613 Peccatum
566 2567 645 2612 vero
677 2547 765 2629 quod
794 2547 947 2611 sacerdos
977 2547 1032 2612 ille
1057 2546 1360 2613 excommunicatus
1387 2569 1471 2614 com·

144 2635 303 2701 missurus
326 2637 385 2714 sit,
417 2636 444 2701 si
475 2659 539 2701 uon
569 2635 725 2701 adhibeat
754 2638 909 2701 conatum
931 2656 990 2719 per
1018 2639 1128 2702 actum
1159 2636 1326 2720 perfectae
1350 2637 1471 2704 coutri-

145 2725 244 2791 tionis
267 2747 340 2791 sese
364 2747 437 2790 cum
456 2727 525 2790 Deo
549 2725 760 2790 reconciliare
784 2729 961 2808 autequam
984 2731 1228 2791 sacramentum
1251 2725 1470 2804 administret,

145 2836 165 2880 a
188 2815 380 2880 moribundo
403 2815 549 2897 permitti
573 2819 683 2898 potest
707 2835 749 2879 ex
771 2816 843 2880 sola
866 2815 993 2881 ratione
1013 2815 1145 2880 maioris
1161 2815 1351 2881 securitatis
1376 2837 1471 2882 suae:

145 2924 221 2968 uam
250 2904 337 2970 istud
368 2909 539 2986 peccatum
570 2903 655 2986 quod
686 2905 727 2969 ab
758 2904 1039 2970 excommunicato
1069 2903 1167 2968 facile
1197 2903 1317 2970 evitari
1351 2910 1471 2988 potest,

144 2993 172 3057 si
196 3014 231 3057 re
255 3015 319 3057 nou
343 2994 484 3070 vitatur,
509 2991 571 3075 ipsi
594 2994 876 3059 excommunicato
900 2993 1049 3058 ministro
1073 2992 1133 3057 soli
1157 2993 1386 3076 imputandum
1411 3002 1469 3061 est.

235 3082 312 3147 Dixi
341 3081 439 3147 facile
469 3082 529 3147 hoe
559 3086 731 3164 peccatum
762 3083 879 3148 evitari
904 3102 1016 3164 posse3
1048 3083 1182 3146 namin
1206 3083 1364 3147 eiusmodi
1388 3089 1471 3149 tem·

144 3190 259 3251 porum
292 3171 452 3253 augustiis
487 3177 576 3238 certe
606 3172 792 3238 necessaria
821 3192 885 3235 nou
916 3175 968 3235 est
997 3171 1166 3253 persuasio
1190 3171 1374 3237 sacerdotis
1409 3193 1471 3254 qua

144 3260 313 3329 moraliter
337 3265 427 3327 certo
450 3259 573 3326 iudicet
602 3281 638 3325 se
661 3265 773 3326 actum
796 3259 962 3342 perfectae
986 3259 1191 3326 contritionis
1214 3260 1383 3338 elicuisse;
1415 3262 1471 3327 sed

145 3348 267 3415 sufficit
297 3350 400 3415 serius
425 3354 576 3427 conatus,
608 3353 645 3415 ut
677 3349 748 3414 siue
778 3369 862 3413 novo
886 3354 1022 3432 peccato
1045 3355 1254 3439 sacramenta
1284 3351 1471 3417 necessaria

145 3438 362 3504 administret.
410 3438 513 3504 Immo
537 3438 564 3503 si
595 3439 775 3505 necessitas
805 3438 907 3504 instet
937 3459 997 3503 uec
1020 3441 1151 3521 tempus
1182 3439 1390 3505 contritionis
1414 3441 1470 3506 eli·

147 3526 282 3593 ciendae
298 3528 408 3604 fuerit,
426 3527 635 3593 nihilominus
651 3527 738 3592 illico
754 3531 997 3592 sacramentum
1013 3528 1237 3594 administrari
1253 3529 1350 3594 debet
1365 3551 1470 3613 neque

145 3620 303 3699 peccatur
326 3639 346 3683 a
369 3616 529 3683 ministro.

101 3731 135 3785 56
234 3714 272 3781 R.
298 3718 328 3782 4.
360 3714 533 3780 Caesarius
556 3717 735 3780 excusatur
761 3713 891 3796 quidem
914 3713 1000 3795 quod
1024 3713 1166 3781 voluerit
1189 3714 1335 3798 recipere
1359 3718 1468 3793 etiam,

144 3803 171 3867 si
195 3804 416 3869 necessarium
440 3804 549 3878 fuerit,
575 3807 900 3887 aneo-protestante
924 3803 1161 3868 absolutionem
1185 3808 1468 3884 sacramentalem,

145 3895 288 3958 simodo
313 3897 466 3958 rationem
491 3893 602 3957 babuit
632 3915 695 3958 non
726 3894 859 3958 timendi
880 3896 1110 3977 perversionem
1119 3918 1132 3974 ;
1163 3894 1248 3975 quod
1278 3894 1468 3977 periculum,

144 3985 182 4046 ut
206 3982 283 4058 dixi,
308 3982 524 4047 communiter
539 3980 655 4047 adesse
671 3981 756 4047 solet
771 4001 814 4045 ex
830 3981 890 4047 tali
907 3980 1066 4060 ministro,
1091 3982 1190 4046 immo
1207 3982 1306 4048 etiam
1331 3985 1468 4051 aliorum

144 4072 345 4137 scandalum.
394 4070 515 4136 Verum
539 4070 566 4135 ei
590 4071 670 4136 haec
693 4069 823 4135 demum
846 4070 1022 4137 abfuerunt
1052 4074 1152 4154 atque
1182 4072 1282 4137 etiam
1305 4074 1468 4140 absolutio

144 4159 223 4225 data
246 4164 307 4237 est,
331 4163 407 4243 post
422 4160 659 4226 absolutionem
674 4164 841 4243 receptam
857 4161 1044 4227 necessaria
1068 4162 1148 4226 adeo
1165 4182 1229 4225 non
1246 4167 1342 4228 erant
1357 4184 1468 4230 sacra·

144 4254 257 4315 menta
287 4253 456 4315 extremae
488 4249 650 4315 unctionis
680 4254 714 4315 et
743 4249 872 4326 viatici;
904 4270 1009 4333 neque
1039 4255 1251 4334 praeceptum
1274 4255 1372 4332 urget
1397 4275 1467 4319 cum

144 4342 238 4403 tanto
262 4339 465 4403 incommodo
490 4360 529 4404 ea
552 4338 729 4423 recipiendi
753 4340 795 4404 ab
819 4339 948 4405 homine
972 4339 1146 4406 haeretico.
1184 4340 1269 4404 Hinc
1293 4360 1332 4404 ea
1357 4364 1468 4409 sacra·

145 4432 257 4493 menta
279 4428 345 4493 iam
368 4450 427 4512 per
450 4450 485 4493 se
510 4429 661 4494 Caesario
686 4450 750 4493 uon
774 4428 867 4495 licuit
891 4435 1001 4513 petere
1025 4429 1066 4493 ab
1090 4429 1265 4495 haeretico.

235 4534 274 4600 R.
301 4535 330 4599 5.
361 4535 519 4602 Attamen
543 4535 571 4600 si
588 4535 758 4601 Caesarius
783 4536 931 4601 sensibus
955 4535 1073 4601 fuisset
1098 4536 1286 4612 destitutus,
1313 4538 1466 4605 advocari

145 4643 224 4688 saue
249 4623 372 4708 potuit,
403 4625 500 4690 immo
524 4646 583 4709 per
612 4646 647 4689 se
678 4624 806 4703 debuit,
839 4626 1009 4691 sacerdote
1033 4625 1097 4689 alio
1122 4626 1292 4691 deficiente
1315 4630 1467 4695 sacerdos
