3044 5174
143 272 205 336 192
592 267 796 323 Sacramentum
815 265 1006 336 paenitentiae.

140 434 209 499 veri
244 434 365 500 doloris
398 435 508 518 potius
546 439 714 519 expertem
754 455 790 500 se
827 435 992 519 probaret.
1046 433 1148 511 Quem
1186 438 1297 501 actum
1336 432 1465 500 confes·

140 523 259 678 salrliust
278 529 316 590 ut
346 527 559 607 promoveat,
595 524 716 590 diutius
748 529 783 590 et
813 523 937 588 firmius
970 523 1003 588 in
1034 523 1225 606 paenitente
1254 527 1389 601 teneat,
1422 522 1465 590 sit

140 634 175 677 so
203 635 242 678 rc1
261 634 307 678 us.

78 727 130 781 328
228 719 267 784 R.
293 721 322 784 3.
369 719 418 784 De
448 719 573 801 reliquo
602 723 679 803 post
707 718 832 785 factum
861 723 958 785 tanta
987 721 1037 784 est
1067 717 1200 784 moralis
1230 717 1395 784 certitudo
1426 720 1464 785 de

139 807 306 892 proposito
330 807 551 874 essentialiter
574 808 748 873 sufficienti
772 813 939 892 concept0,
963 807 1110 872 simodo
1134 809 1224 873 dolor
1241 807 1352 874 debito
1369 810 1464 874 modo

139 898 230 980 isque
260 897 368 979 quoad
397 897 550 962 mortalia
578 901 717 981 peccata
746 917 789 962 ex
817 896 995 962 universali
1024 897 1148 961 motivo
1178 902 1358 980 conceptus
1382 904 1462 976 crat,

139 991 175 1052 ut
199 985 355 1069 obligatio
378 984 577 1070 repetendae
593 984 806 1052 confessionis
821 986 873 1051 vel
891 985 1097 1069 recipiendae
1113 985 1231 1052 iterum
1248 986 1464 1053 absolutionis

139 1074 212 1154 (nisi
237 1075 324 1142 forte
346 1076 379 1140 in
402 1074 546 1158 periculo
570 1075 699 1157 mortis)
723 1075 826 1140 asseri
849 1079 1000 1158 nequeat.
1052 1076 1107 1140 rb.
1132 1097 1173 1141 m.
1197 1074 1238 1152 Π,
1264 1076 1340 1141 298.

226 1173 313 1238 Nam
340 1173 372 1255 1)
395 1171 495 1238 etiam
525 1173 702 1257 scriptores
731 1172 778 1238 illi
809 1173 863 1255 qui
892 1193 951 1256 pro
981 1171 1180 1238 necessitate
1210 1172 1359 1256 expliciti
1388 1196 1463 1258 pro·

138 1261 236 1345 positi
266 1261 421 1327 dimicant
450 1261 535 1326 hanc
564 1283 628 1327 nou
658 1266 726 1328 tam
757 1266 910 1345 repetunt
935 1283 977 1327 ex
1000 1261 1198 1328 necessitate
1222 1262 1364 1328 addendi
1388 1265 1462 1329 novi

138 1355 231 1416 actus
255 1351 296 1415 ad
320 1355 429 1417 actum
454 1350 590 1428 doloris,
622 1370 685 1432 quo
709 1351 795 1417 adsit
817 1350 957 1417 materia
979 1351 1130 1434 proxima
1153 1347 1352 1419 sacramenti
1376 1373 1463 1418 com-

138 1440 237 1522 pleta,
263 1460 359 1521 quam
383 1438 492 1522 potius
516 1460 558 1504 ex
581 1439 842 1506 necessitatene
866 1440 958 1505 dolor
981 1439 1025 1507 sit
1047 1441 1153 1506 fictus.

228 1527 261 1609 2)
286 1528 333 1594 Ut
355 1528 450 1593 modo
474 1528 597 1594 dictum
621 1532 687 1607 est,
719 1529 879 1606 dolorem,
910 1529 937 1593 si
961 1533 1013 1595 est
1037 1529 1130 1594 dolor
1152 1549 1250 1593 verus
1274 1533 1309 1595 et
1332 1530 1461 1607 estlear,

138 1617 368 1700 psychologica
398 1617 595 1684 necessitate
625 1617 773 1699 sequitur
801 1619 1020 1701 propositum,
1051 1639 1124 1684 cum
1148 1618 1288 1701 primum
1313 1626 1462 1686 occurrat

138 1706 293 1787 cogitatio
325 1706 414 1772 vitae
443 1706 583 1772 futurae.
637 1707 744 1784 Quare
774 1706 1020 1790 supponendum
1050 1712 1102 1774 est
1133 1706 1376 1790 paenitentem,
1410 1710 1462 1792 qui

137 1795 263 1860 sincere
293 1795 412 1873 doluit,
442 1795 595 1861 habuisse
625 1796 725 1861 etiam
755 1801 865 1862 actum
895 1796 1070 1880 propositi,
1102 1796 1164 1861 etsi
1193 1817 1259 1861 uon
1288 1802 1400 1864 actum
1424 1799 1461 1864 de

137 1905 176 1949 eo
191 1883 366 1963 reflexun13
391 1888 427 1949 at
450 1884 527 1966 quia
546 1906 613 1949 non
627 1886 785 1950 reflexum
809 1885 866 1950 sed
883 1886 1040 1953 directum
1057 1889 1185 1952 tantum
1202 1890 1313 1952 actum
1336 1885 1460 1966 habuit,

136 1994 201 2039 non
224 1973 346 2040 retinet
369 1974 437 2038 eius
460 1974 660 2041 memoriam.

226 2061 260 2143 3)
285 2062 318 2128 Si
348 2063 420 2144 quis
450 2068 560 2129 autem
588 2067 678 2129 totus
702 2067 880 2146 occupatus
910 2063 943 2126 in
967 2061 1079 2148 dolore
1102 2061 1260 2128 eliciendo
1284 2063 1325 2129 de
1350 2064 1459 2133 futura

136 2150 206 2217 vita
235 2152 333 2236 plane
363 2173 427 2216 non
459 2151 585 2234 cogitat
608 2157 641 2218 et
668 2156 844 2235 propterea
867 2150 1059 2235 explicitum
1080 2151 1240 2235 propositi
1262 2158 1375 2220 actum
1398 2177 1460 2221 non

136 2239 226 2317 iacit,
250 2261 322 2305 eum
340 2240 448 2306 valide
464 2240 611 2307 confiteri
628 2244 663 2306 et
678 2240 805 2306 absolvi
820 2240 964 2323 theologi
980 2240 1080 2306 etiam
1096 2240 1227 2307 scholae
1243 2242 1460 2324 rigidissimae

136 2329 299 2407 fatentur,
323 2333 361 2395 ut
384 2329 525 2395 Concina
548 2333 582 2395 et
605 2329 677 2408 alii,
702 2329 789 2411 iique
813 2329 867 2412 qui
891 2329 1033 2412 alioquin
1057 2331 1288 2397 necessitatem
1312 2331 1460 2400 formalis

136 2439 193 2482 seu
218 2416 363 2501 expliciti
387 2417 546 2502 propositi
566 2418 760 2502 praeprimis
776 2418 964 2496 defendunt,
990 2419 1198 2485 consentiunt
1212 2419 1460 2501 Bellarmiu0‚

136 2506 190 2589 qui
214 2507 308 2573 dicit:
344 2507 483 2585 „Quodsi
512 2508 598 2573 bona
627 2508 691 2572 fide
715 2528 787 2572 curn
810 2528 889 2572 vero
913 2508 1024 2573 dolore
1048 2507 1216 2574 confessus
1240 2508 1360 2590 fueris,
1392 2513 1460 2578 sine

135 2597 302 2678 proposito
326 2595 465 2673 formali,
491 2617 556 2661 non
579 2596 702 2663 teneris
726 2596 961 2662 confessionem
986 2601 1166 2680 repetere.“
1216 2597 1264 2665 cf.
1288 2598 1460 2668 Baller:

136 2685 258 2751 Palm.
283 2685 304 2751 l.
330 2706 412 2752 cn.
439 2688 512 2752 151.
540 2688 612 2752 152.

73 2821 124 2875 329
223 2808 275 2873 An
300 2830 491 2884 Quaasrruu
516 2812 554 2873 2¹¹¹
584 2809 623 2876 R.
650 2812 678 2875 l.
725 2809 904 2894 Sapriciunr
937 2831 1001 2874 non
1030 2809 1199 2890 habuisse,
1233 2812 1353 2878 saltem
1384 2819 1460 2881 actu

135 2897 267 2975 directo,
292 2919 406 2963 verum
429 2897 631 2982 propositum
655 2899 751 2982 plane
773 2898 962 2964 incredibile
986 2903 1053 2976 est,
1085 2899 1148 2964 etsi
1171 2898 1249 2966 talis
1272 2906 1368 2968 actus
1391 2904 1460 2988 ipse

134 3008 198 3051 nou
228 2987 426 3054 recordetur.
480 2987 567 3053 Nam
597 3008 670 3052 cum
700 2987 900 3071 praeteritae
931 2987 1019 3053 vitae
1049 2987 1232 3072 longaeque
1262 2990 1332 3056 eius
1364 2993 1459 3058 seriei

134 3076 241 3141 odium
273 3076 437 3160 concepit,
470 3098 533 3142 non
566 3076 674 3160 potuit
703 3098 768 3141 non
798 3077 883 3142 velle
915 3077 1015 3142 talem
1045 3076 1147 3142 vitam
1179 3082 1317 3146 mutare.
1372 3081 1458 3148 Nam

133 3165 238 3249 ipsum
262 3165 464 3249 propositum
486 3165 684 3231 sacramenti
709 3165 930 3248 paenitentiae
953 3169 1021 3231 tam
1046 3165 1100 3231 diu
1124 3167 1265 3249 neglecti
1281 3168 1459 3254 recipiendi

134 3260 232 3337 atque
267 3256 336 3337 ipse
370 3276 521 3320 accessus
556 3255 598 3319 ad
633 3255 867 3320 confessarium
902 3255 1060 3321 denotant
1092 3257 1297 3324 voluntatem
1331 3261 1459 3326 firmam

134 3344 335 3409 inchoandae
358 3364 463 3409 novae
486 3343 585 3410 vitae.

222 3441 372 3507 Ceterum
395 3441 439 3519 si,
469 3441 526 3505 vix
549 3462 614 3506 uon
636 3461 695 3525 per
717 3440 932 3524 impossibile,
957 3462 1067 3506 sumas
1090 3443 1293 3527 propositum
1318 3445 1457 3513 formale

134 3552 153 3594 a
177 3530 322 3612 Sapricio
346 3535 538 3613 conceptum
568 3552 632 3595 non
663 3551 751 3609 esse,
783 3529 989 3595 nihilominus
1020 3531 1122 3598 doluit
1152 3552 1195 3596 ex
1224 3533 1358 3600 motivis
1388 3537 1458 3602 uni·

134 3620 330 3697 versalibus‚
371 3640 455 3702 quae
489 3641 509 3684 a
543 3619 747 3685 missionario
785 3618 818 3683 in
858 3619 1008 3685 contione
1047 3621 1182 3704 proponi
1218 3622 1344 3702 solent3
1384 3626 1458 3692 hinc

133 3708 290 3772 iubendus
314 3712 365 3774 est
388 3709 575 3792 scrupulum
599 3709 638 3773 de
662 3708 813 3774 nullitate
837 3709 1051 3774 absolutionis
1075 3709 1246 3793 deponere.

222 3815 260 3880 R.
287 3818 316 3880 2.
362 3815 460 3898 Apud
482 3814 648 3896 Agathanr
680 3815 809 3898 quidem
840 3836 904 3880 non
934 3815 1045 3898 agitur
1068 3816 1108 3882 de
1131 3817 1201 3883 vita
1227 3820 1456 3902 peccaminosa

134 3903 324 3986 deponenda
346 3909 381 3970 et
403 3904 585 3970 inchoanda
609 3903 678 3970 vita
702 3925 804 3977 nova;
836 3925 936 3986 quare
965 3905 1062 3987 longe
1092 3906 1221 3972 facilius
1243 3908 1315 3973 fieri
1338 3911 1456 3994 potuit,

133 3998 169 4059 ut
201 3994 353 4058 haereret
385 3993 418 4057 in
450 3993 519 4058 solo
552 3997 628 4059 actu
663 3993 807 4058 formalis
841 3994 970 4059 doloris.
1021 3994 1144 4060 Verum
1177 3995 1350 4064 etiamtum
1382 4006 1457 4084 post

133 4082 255 4147 iactum
287 4104 401 4148 secura
431 4082 522 4148 reddi
553 4082 650 4148 debet
681 4103 786 4164 neque
816 4082 909 4164 angi,
941 4082 969 4147 si
999 4084 1094 4149 modo
1125 4085 1270 4150 dolorem
1293 4087 1456 4155 sincerum

133 4171 327 4254 conceperit.

221 4265 311 4341 Quod
344 4269 454 4330 autem
487 4264 604 4329 dicitur
635 4265 769 4347 Agatha
800 4286 842 4330 ex
875 4266 1107 4332 consuetudine
1142 4267 1250 4352 potius
1284 4291 1383 4352 quam
1416 4294 1456 4339 ex

133 4355 256 4420 reflexa
280 4354 478 4419 conscientia
501 4353 663 4419 addidisse
686 4360 856 4437 peccatum
880 4355 1079 4438 praeteritae
1102 4357 1208 4435 vitae,
1239 4358 1272 4423 iu
1302 4360 1365 4426 hoc
1389 4385 1457 4428 mo·

134 4444 238 4508 nenda
262 4448 372 4509 estut
396 4443 435 4508 de
458 4443 604 4527 peccatis
627 4444 827 4526 praeteritae
851 4445 941 4509 ritae
965 4444 1016 4509 rel
1041 4446 1159 4511 saltem
1176 4447 1285 4529 aliquo
1303 4452 1456 4532 graviore

133 4532 217 4596 serio
248 4533 371 4614 cogitet
402 4537 501 4613 atque
532 4532 650 4598 doleat.
698 4534 856 4597 Attamen
885 4533 913 4597 si
944 4533 1036 4598 dolor
1067 4538 1098 4599 in
1127 4558 1241 4620 periere
1271 4538 1312 4604 de
1340 4541 1456 4623 prioris

133 4621 222 4686 vitae
253 4622 398 4704 peccatis
431 4626 521 4687 certo
554 4622 684 4697 aderat,
718 4622 781 4686 etsi
814 4622 883 4687 sine
914 4624 1039 4688 reflexa
1070 4626 1228 4690 memoria
1258 4631 1454 4713 stimulorum
