3044 5174
444 290 563 343 Ministri
580 289 701 359 probitas
719 306 769 344 seu
787 292 877 344 status
896 290 1010 358 mettas.
1344 293 1385 358 19

148 467 190 532 R..
217 468 247 532 2.
280 464 314 530 si
337 468 449 530 tamen
479 462 585 529 tristis
615 463 725 545 lapsus
756 462 927 542 acciderit,
958 486 1053 549 quam
1082 468 1221 549 primum
1252 467 1386 533 studeat

57 555 128 621 sive
164 575 226 639 per
257 553 496 619 confessionem
526 551 597 616 sive
627 573 687 635 per
718 552 900 636 perfectam
933 553 1161 619 contritionem
1195 555 1228 618 in
1260 559 1384 621 statum

57 646 190 726 gratiae
214 643 323 708 redire
347 662 451 724 neque
474 662 534 725 per
557 662 654 705 unam
678 641 792 706 horam
816 641 904 707 sinat
926 663 962 707 se
985 642 1019 707 in
1041 646 1132 708 statu
1156 645 1284 727 peccati
1307 645 1385 710 bae-

10 727 17 794 l
59 755 142 800 rere.
192 733 377 799 Secundum
399 730 532 798 Rituale
555 729 647 796 Rom.
683 731 887 808 „meminisse
910 731 1008 798 debet
1037 753 1073 796 se
1098 732 1184 797 omni
1208 734 1278 799 fere
1300 737 1386 800 tem·

59 823 149 907 poris
182 825 349 886 momento
382 821 425 886 ad
456 823 526 885 tam
558 822 693 884 sanctae
728 820 1021 887 administrationis
1056 820 1198 886 officium
1232 828 1386 906 paratum

59 933 130 978 esse
156 913 345 996 oportere“.

149 1018 190 1085 R.
208 1020 240 1085 3.
272 1017 307 1083 si
329 1020 405 1100 post
428 1016 555 1099 lapsum
579 1014 742 1080 infelicem
763 1021 840 1082 ante
856 1020 1086 1099 recuperatum
1109 1021 1233 1083 statum
1257 1018 1387 1100 gratiae

10 1183 13 1197 ,
61 1129 98 1174 ex
122 1107 297 1191 inopinato
322 1106 364 1171 ad
379 1108 588 1170 sacramenta
604 1106 801 1170 conferenda
817 1109 962 1182 vocetur,
988 1109 1145 1187 qnantum
1168 1106 1234 1173 fert
1257 1112 1387 1193 tempus

61 1201 93 1263 et
114 1197 313 1273 necessitas,
336 1198 473 1296 conetur
492 1193 613 1295 saltem
636 1192 669 1258 in
685 1194 741 1260 via
764 1199 873 1261 actum
894 1195 1100 1261 contritionis
1124 1195 1242 1261 elicere
1265 1197 1387 1262 Deum·

10 1334 20 1401 ²
60 1286 248 1442 utilit
271 1283 650 1455 minutus
669 1283 1387 1459 {tltdetntthitlt‚fillti

60 1467 81 1531 l.
102 1486 130 1531 c.
165 1486 198 1530 n.
231 1465 274 1528 34
306 1462 388 1529 satis
417 1465 469 1527 est
504 1460 594 1536 „elici
626 1461 854 1527 contritionem
885 1462 1099 1545 probabiliter
1129 1463 1384 1536 existimatam,

61 1553 144 1637 qnod
170 1553 296 1618 homini
319 1554 440 1617 sincere
464 1551 510 1614 ad
532 1550 636 1615 Deum
663 1552 772 1617 redire
794 1554 907 1616 volenti
935 1551 1136 1635 impossibile
1159 1574 1224 1617 non
1249 1557 1315 1631 est,
1347 1573 1386 1618 eo

10 1678 15 1713 ι
61 1644 142 1726 quod
156 1643 251 1708 Dens
262 1640 384 1707 homini
400 1639 526 1723 petenti
544 1643 577 1704 et
591 1638 724 1705 facienti
741 1640 827 1721 quod
844 1644 896 1704 est
913 1640 947 1704 in
959 1661 994 1704 se
1011 1640 1121 1722 gratia
1137 1662 1197 1706 sua
1213 1663 1277 1706 non
1291 1642 1385 1708 desit.

10 1766 17 1805 i
146 1732 204 1797 Ex
227 1730 269 1795 iis
292 1750 376 1812 quae
392 1729 488 1793 modo
504 1727 609 1792 fusius
625 1728 713 1793 dicta
728 1732 806 1793 sunt
820 1728 918 1794 facile
934 1729 1044 1794 solves
1060 1753 1169 1796 casum
1185 1734 1385 1814 sequentem.

10 1926 24 1995 >
261 1929 475 1996 MINISTER
498 1929 545 1994 IN
569 1926 712 1995 suAuu
735 1928 917 1994 PECCATI
941 1928 1192 1999 EXSISTENS.

639 2087 749 2153 Gneus.
770 2095 810 2163 (9)

10 2262 23 2311 ³
149 2230 249 2291 Carus
271 2228 419 2306 parochus
440 2225 600 2286 infeliciter
619 2226 723 2303 lapsus
744 2246 797 2304 per
817 2233 880 2286 tres
902 2247 996 2287 annos
1010 2228 1109 2288 haesit
1129 2229 1160 2288 in
1180 2235 1304 2306 peceato
1325 2249 1388 2290 suo.

62 2311 185 2372 Interim
207 2317 311 2370 tamen
332 2307 431 2368 omnia
451 2326 574 2366 munera
594 2306 779 2384 parochialia
799 2313 831 2366 et
851 2309 1049 2368 sacerdotalia
1079 2309 1174 2369 obivit
1201 2310 1387 2381 celebrande,

10 2360 25 2453 i
63 2395 254 2451 sacramenta
280 2388 491 2458 ministrando,
521 2387 735 2458 contionando,
764 2388 909 2447 exercitia
930 2388 1095 2449 devotionis
1116 2390 1318 2467 pomeridiana
1338 2391 1388 2449 he-

10 2464 27 2573 '‚
62 2471 153 2565 bondo
176 2469 428 2608 etiamdexposito
449 2488 489 2527 ss.
511 2473 717 2538 sacramento,
738 2467 935 2527 matrimoniis
957 2469 1144 2539 assistendo,
1166 2470 1387 2530 benedictiones

10 2618 12 2628 Ι
62 2570 159 2612 vanas
181 2569 264 2627 agen
286 2569 312 2609 ο.

10 2630 15 2675 '
144 2639 238 2701 Nune
260 2638 385 2709 demum,
406 2637 503 2713 gratia
517 2641 626 2707 tactus,
649 2655 716 2695 sese
738 2655 802 2694 cum
818 2637 883 2695 Deo
904 2637 1096 2698 reconciliare
1112 2638 1194 2715 cupit
1201 2661 1209 2712 ;
1230 2639 1283 2698 sed
1303 2660 1388 2717 quoe-

62 2726 135 2862 ritpfr
156 2719 309 2814 quomodo
321 2718 490 2856 tiesrfrplicppe
518 2723 548 2776 et
569 2735 741 2776 enumerare
762 2718 869 2776 debeat
889 2717 1047 2794 sacrilegia
1068 2737 1139 2790 sua,
1167 2723 1200 2778 nt
1228 2725 1386 2796 praecepto

62 2820 92 2861 eo
123 2819 263 2862 essionis
285 2817 320 2857 sa
374 2817 468 2857 acra.

10 3004 26 3053 5
659 2945 795 3014 Solutio.

10 3102 22 3169 ἱ
143 3093 203 3159 Ar>
229 3087 525 3165 Quaesumus
556 3088 635 3152 Cum
659 3087 787 3153 dicatur
802 3089 904 3153 Carus
927 3087 1085 3153 mansisse
1106 3087 1139 3152 in
1163 3092 1304 3171 peccato¹
1318 3107 1431 3165 summ

10 3186 17 3255 ἑ
62 3181 222 3249 inutiliter
247 3178 417 3260 quaeritur
439 3197 516 3241 num
540 3181 618 3242 ante
634 3181 913 3242 sacramentorum
931 3175 1246 3242 administrationem
1270 3179 1388 3243 saltem

10 3262 27 3343 l
63 3294 114 3356 per
136 3267 373 3338 contritionem
398 3267 578 3350 perfectam
602 3286 674 3331 sese
698 3287 769 3331 cum
794 3268 862 3330 Deo
886 3264 1157 3331 reconciliaverit.
1203 3266 1294 3343 Quod
1318 3266 1389 3348 qui-

64 3362 130 3427 dem
145 3361 184 3425 in
200 3358 313 3440 rigore
328 3355 459 3432 sufficit,
477 3355 504 3419 si
521 3355 682 3438 excipitur
698 3377 740 3420 ss.
758 3355 878 3418 missae
893 3353 1095 3419 sacrificium
1106 3355 1389 3437 eucharistiaeque

63 3449 216 3535 sumptio.
251 3446 316 3513 Sed
339 3467 412 3511 cum
436 3445 538 3510 Carus
561 3444 659 3510 etiam
686 3443 850 3509 celebrare
874 3443 944 3508 sine
968 3443 1172 3509 confessione
1194 3445 1387 3528 perrexerit,

63 3540 92 3605 id
114 3539 201 3606 satis
225 3535 371 3603 ostendit
407 3555 512 3616 neque
545 3533 749 3599 contritionis
779 3536 931 3598 conatum
964 3532 1108 3598 adfuisse
1136 3554 1243 3615 neque
1275 3555 1388 3599 veram

14 3612 26 3637 ⁸
64 3635 95 3697 et
116 3629 284 3694 sincermn
314 3623 559 3698 contritionem,
591 3625 704 3705 utpote
728 3642 812 3703 quae
833 3621 877 3688 sit
900 3621 1108 3704 impossibilis
1132 3622 1202 3687 sine
1225 3644 1306 3687 vero
1330 3644 1389 3687 vo·

12 3712 24 3741 ³
64 3719 193 3785 luntate
225 3713 364 3780 cavendi
394 3713 428 3777 in
460 3716 626 3795 posterum
660 3732 679 3775 a
712 3711 827 3792 quovis
860 3715 995 3795 peccato
1027 3711 1139 3792 gravi:
1177 3733 1253 3776 nam
1286 3733 1389 3794 grave

64 3810 237 3892 peceatum
262 3809 313 3869 est
336 3823 394 3887 per
417 3823 453 3866 se
477 3801 643 3866 celebrare
666 3804 741 3882 post
763 3804 934 3883 peccatum
957 3821 1061 3881 grave
1086 3801 1291 3865 commissum
1312 3806 1389 3868 ante

64 3900 232 3981 receptam
254 3891 526 3959 sacramentalem
550 3890 797 3955 absolutionem.

152 4011 195 4077 R.
214 4012 245 4074 2.
278 4007 329 4072 Ex
353 4011 452 4072 antea
475 4005 571 4072 dictis
595 4004 677 4069 satis
693 4004 858 4087 probabile
885 4007 935 4068 est
959 4004 1097 4069 mortale
1114 4005 1323 4086 sacrilegium
1348 4008 1389 4071 ab

20 4154 23 4159 .
70 4122 105 4168 eo
128 4100 186 4184 qui
212 4097 246 4161 in
262 4101 353 4163 statu
370 4096 496 4179 peccati
521 4095 684 4159 exsistens
707 4114 818 4157 sacras
841 4093 1025 4157 functiones
1048 4099 1189 4176 peragat
1211 4116 1275 4159 non
1300 4116 1389 4158 corn-

17 4192 36 4269 i-
66 4189 159 4269 mitti,
185 4187 249 4253 nisi
273 4191 393 4267 agatur
415 4184 455 4250 de
479 4184 682 4249 confectione
705 4188 987 4248 sacramentorum
1010 4203 1030 4246 a
1051 4183 1200 4248 ministro
1224 4208 1286 4269 quo
1311 4204 1388 4247 con-

67 4283 196 4348 secrato
212 4275 360 4341 oriunda.
392 4273 514 4339 Hinca
537 4272 668 4337 mortali
692 4270 864 4352 sacrilegio
888 4271 1101 4353 probabiliter
1120 4273 1278 4336 immunes
1294 4277 1387 4338 sunt:

16 4314 35 4453 i
151 4378 187 4456 a)
211 4370 357 4454 liturgici
380 4375 473 4436 actus
496 4370 662 4435 variarum
687 4368 962 4444 benedictionum3

17 4462 37 4583 J
149 4467 186 4547 b)
210 4460 372 4529 exercitia
393 4460 527 4543 pietatis
550 4459 690 4542 publica,
715 4459 814 4523 etiam
839 4478 909 4521 enm
928 4458 1077 4539 exposito
1101 4480 1144 4525 ss.
1163 4463 1387 4536 sacramento;

148 4557 181 4637 c)
206 4553 310 4618 immo
333 4549 404 4633 ipsa
426 4570 541 4615 sacrae
565 4547 799 4613 communionis
823 4546 1022 4622 distributim

18 4654 32 4775 Ι
144 4645 180 4727 d)
207 4638 381 4707 contiones
403 4659 560 4704 sacraeve
583 4637 834 4708 instructiones;

1146 4736 1182 4776 Q*
