3044 5174
297 275 463 347 ·.lpplicutio
482 277 582 331 missae
601 294 649 348 pro
667 277 801 347 stipendio
821 308 853 317 -
874 277 954 332 huius
972 277 1122 331 diminutio.
1312 281 1373 344 121

51 457 173 527 utroque
195 470 288 520 casu,
316 451 428 510 tradita
455 451 596 527 pecunia,
626 452 849 511 committuntur
869 452 1014 528 parocho:
1045 452 1094 528 qui
1123 451 1302 511 distribuens
1324 472 1376 511 eas

53 532 115 591 aliis
135 532 347 592 sacerdotibus
367 551 422 608 pro
444 530 592 590 ordinario
614 532 760 608 stipendio
778 535 914 603 1¹l2mc,
936 533 1080 608 reliquum
1101 533 1243 609 pecuniae
1265 532 1321 591 sibi
1342 539 1376 591 ut

52 619 162 689 partem
183 611 290 671 salarii
310 610 489 688 parochialis
509 610 627 671 retinet.

10 746 15 786 ε
54 728 229 798 Quarurrun
251 730 281 785 1⁰
302 746 448 802 quaenam
468 727 577 786 missae
599 727 664 804 ipso
685 728 748 786 iure
770 728 938 787 eximantur
959 728 1081 803 alege,
1103 734 1136 786 ut
1156 728 1303 803 integrum
1325 728 1375 787 sti·

306 807 444 883 pendium
466 806 531 865 cedi
552 808 659 866 debeat
690 808 777 866 alteri
798 808 947 867 sacerdoti
976 809 1022 866 cui
1052 808 1161 867 missae
1183 809 1376 867 celebrandae

305 889 343 946 ab
364 887 458 946 altero
480 887 709 948 committuntur.

250 986 280 1042 2⁰
301 985 370 1062 quid
390 985 421 1043 in
443 1004 514 1044 casu
536 986 688 1063 proposito
709 985 783 1045 iuris
804 985 851 1046 sit.

647 1167 782 1234 Solutio.

12 1334 17 1357 ⁸
137 1311 193 1375 An
218 1330 410 1386 qnaafflruu
436 1313 474 1374 1ΙΙΙ
496 1308 535 1375 R.
562 1311 590 1375 1.
636 1308 706 1374 Lex
736 1309 793 1375 illa
822 1311 972 1376 statuens
999 1313 1036 1375 ut
1065 1309 1229 1391 integrum
1252 1307 1438 1392 sapen-212

13 1450 16 1485 ἰ
55 1398 136 1464 dium
159 1399 318 1465 tradatur
340 1398 544 1464 celebraturo
574 1418 633 1482 per
656 1418 692 1463 se
715 1397 849 1482 respicit
872 1397 1035 1482 stipendia
1058 1397 1240 1477 manualia,
1272 1418 1376 1480 neque

14 1508 17 1545 ι
55 1487 174 1553 adalia
190 1487 327 1555 extendi
342 1487 449 1566 debet,
474 1485 537 1552 nisi
559 1487 764 1553 manualibus
787 1488 1051 1571 aequiparantur.
1083 1487 1190 1564 Quare
1213 1486 1246 1552 in
1270 1486 1377 1552 missis

14 1580 19 1687 ᾗ
55 1576 198 1644 tundedm
225 1576 329 1642 videri
360 1576 457 1643 debet
487 1597 564 1641 num
595 1574 681 1642 forte
712 1576 870 1641 ecclesiae
901 1576 1013 1641 eiusve
1044 1576 1163 1643 rectori
1194 1577 1248 1641 vel
1278 1578 1376 1641 bene-

56 1666 159 1732 ficiato
191 1665 383 1732 beneficium
413 1669 583 1749 praestare
613 1665 755 1731 voluerit
784 1665 947 1730 fundator.
995 1664 1086 1742 Quod
1109 1665 1137 1730 si
1160 1664 1244 1730 sumi
1268 1665 1375 1742 debet,

15 1732 20 1799 l
56 1754 248 1840 applicanda
271 1758 323 1821 est
338 1755 454 1837 regula
475 1775 575 1838 supra
590 1752 623 1818 in
640 1775 717 1819 casu
734 1752 804 1836 (59)
829 1754 907 1821 data
923 1775 982 1838 pro
999 1775 1076 1819 casu
1100 1775 1163 1837 quo
1179 1755 1376 1839 stipendium

19 1914 24 1935 .
56 1844 154 1910 maius
189 1844 289 1911 datur
317 1843 436 1910 iutuitu
470 1863 639 1928 personae.
692 1841 856 1908 Videlicet
887 1842 1078 1908 fundatione
1111 1846 1256 1910 ecclesiae
1287 1843 1377 1909 facta

19 1950 24 1977 ¹
57 1937 206 1999 censetur
241 1932 360 2016 aliquis
389 1936 496 2019 primo
533 1931 655 2014 aliquid
691 1931 840 1998 conferre
875 1932 1018 1997 voluisse
1053 1933 1210 1998 ecclesiae
1243 1932 1376 2015 eiusque

56 2021 305 2089 necessitatibus
328 2022 382 2087 vel
406 2021 475 2086 eius
498 2020 628 2100 rectori,
654 2041 735 2086 onus
759 2026 868 2088 autem
886 2021 1059 2087 missarum
1083 2024 1235 2088 censetur
1257 2021 1376 2087 fecisse

56 2110 309 2196 superadditum.

138 2199 178 2265 In
194 2200 281 2266 bunc
297 2220 427 2264 sensum
445 2200 579 2264 exstant
596 2199 763 2282 complura
778 2219 937 2282 responsa
952 2203 987 2264 et
1003 2199 1151 2265 decreta:
1180 2196 1251 2278 ,An
1266 2202 1376 2265 rector

56 2288 199 2356 beneficii
230 2288 286 2372 qui
308 2292 419 2372 potest
442 2287 623 2371 paralium
647 2287 814 2353 celebrare
836 2292 989 2354 teneatur
1011 2287 1175 2354 sacerdoti
1197 2288 1377 2355 celebranti

56 2379 130 2445 dare
153 2376 354 2462 stipendium
377 2376 420 2442 ad
442 2375 603 2442 rationem
627 2376 787 2442 redituum
812 2377 999 2441 beneficii?“
1041 2376 1140 2460 Resp.
1168 2377 1268 2454 ,satis
1292 2398 1375 2454 esse,

56 2473 88 2534 ut
123 2471 235 2534 rector
267 2465 415 2532 beneficii
444 2463 499 2548 qui
528 2468 640 2549 potest
673 2465 805 2530 missam
835 2487 895 2549 per
924 2465 1024 2531 alium
1055 2467 1221 2531 celebrare
1251 2466 1376 2532 tribuat

56 2555 218 2622 sacerdoti
247 2554 426 2622 celebranti
455 2555 695 2637 eleemosynam
728 2574 906 2637 congruam
936 2555 1113 2620 secundum
1142 2576 1265 2620 morem
1296 2554 1375 2621 civi-

56 2646 132 2712 tatis
154 2645 209 2710 vel
233 2643 431 2730 provinciae,
455 2642 516 2709 nisi
540 2642 573 2708 in
596 2642 788 2708 fundatione
811 2643 959 2709 beneficii
976 2644 1064 2709 aliud
1087 2648 1218 2710 cautum
1241 2644 1374 2711 fuerit‘:

56 2736 182 2801 Declar.
208 2735 241 2798 8·
270 2733 304 2798 in
334 2733 419 2798 decr.
444 2731 536 2798 Urb.
562 2731 650 2798 VIII.
698 2731 853 2799 Similiter
876 2732 907 2798 S.
933 2732 965 2799 C.
990 2732 1023 2799 C.
1055 2733 1085 2799 d.
1119 2735 1159 2798 14
1183 2735 1262 2817 Apr.
1290 2736 1374 2799 1725

58 2821 242 2908 respondit:
277 2819 463 2906 ,Capellani
487 2818 628 2905 [scilicet
658 2821 712 2902 qui
743 2842 785 2886 ex
815 2821 1007 2886 fundatione
1031 2822 1233 2905 capellaniae
1257 2823 1376 2889 cotidie

59 2912 188 2978 missam
212 2912 380 2977 celebrare
403 2914 437 2976 et
460 2909 625 2995 applicare
642 2907 776 2993 debent]
793 2932 853 2993 pro
869 2909 979 2992 aliqua
998 2910 1050 2976 die
1066 2910 1238 2978 cuiuslibet
1253 2912 1375 2977 hebdo-

60 3001 169 3067 madae
192 2999 350 3084 impediti,
375 2999 430 3082 qui
452 2999 625 3064 missarum
642 2999 853 3065 celebrationi
869 3019 928 3082 per
943 2999 1042 3065 aliurn
1059 3001 1262 3066 sacerdotem
1279 3001 1374 3066 satis-

61 3090 188 3167 faciant,
212 3111 278 3155 non
300 3093 455 3155 tenentur
477 3087 552 3153 huic
575 3087 738 3154 sacerdoti
761 3089 949 3172 persolvere
966 3088 1163 3172 stipendium
1181 3110 1241 3172 pro
1265 3092 1374 3173 capel·

24 3182 30 3283 Ι
61 3179 136 3246 lanis
159 3183 333 3252 statutum,
358 3178 414 3243 sed
438 3179 544 3243 solum
567 3179 809 3259 eleemosynam
832 3178 1045 3244 manualem.“

25 3286 31 3317 ’
140 3276 227 3343 Item
257 3279 287 3342 3.
320 3273 405 3357 Aug.
439 3276 524 3341 1638
558 3275 598 3340 ad
629 3274 746 3351 Quaes.
782 3275 955 3353 ,Testator
986 3275 1119 3357 reliquit
1151 3275 1308 3341 ecclesiae
1331 3277 1373 3342 N.

64 3368 118 3431 500
140 3369 282 3443 scutata,
307 3369 345 3431 ut
368 3384 410 3430 ex
432 3363 590 3429 reditibus
613 3363 788 3446 quotannis
811 3369 861 3430 tot
882 3363 1001 3429 missae
1027 3364 1272 3431 celebrarentur
1295 3369 1375 3447 qnot

64 3453 214 3520 celebrari
232 3456 377 3538 possent,
402 3454 610 3536 eleemosyna
627 3452 706 3519 data
722 3456 741 3518 3
757 3453 940 3517 libellarum
957 3474 1016 3536 pro
1033 3474 1237 3536 unaquaque.
1268 3454 1374 3530 Quae-

63 3544 136 3609 ritur
159 3564 202 3610 an
225 3542 394 3627 praedicta
417 3541 555 3607 ecclesia
577 3541 681 3625 possit
704 3541 782 3607 dare
798 3541 978 3607 celebranti
993 3563 1090 3607 unam
1105 3541 1249 3607 libellam
1275 3540 1374 3627 [quae

63 3637 127 3699 erat
154 3637 239 3699 taxa
267 3636 337 3698 tum
366 3630 524 3715 temporis
553 3630 596 3695 ibi
630 3627 818 3714 consueta]‚
853 3630 927 3696 aliis
956 3631 1082 3696 duabus
1112 3631 1172 3696 sibi
1202 3631 1369 3699 retentis.“

62 3720 94 3787 R.
126 3720 266 3799 ,Deberi
294 3719 458 3787 sacerdoti
487 3719 667 3785 celebranti
689 3719 819 3786 solitam
850 3720 1091 3802 eleemosynam
1121 3725 1266 3798 tantum;
1297 3722 1374 3787 reli·

62 3831 151 3892 quum
175 3831 255 3876 vero
278 3808 394 3876 cedere
417 3809 460 3875 ad
482 3809 686 3875 commodum
711 3808 897 3875 ecclesiae.“

141 3917 181 3983 lt.
199 3919 231 3983 2.
261 3916 351 3981 Idem
367 3915 598 4001 teueripotest
614 3914 889 3981 defunctionibus
912 3915 955 3980 ad
978 3918 1054 3980 iara
1075 3918 1276 4001 parochialia
1299 3929 1434 4001 per-213

60 4005 232 4073 liuentibus
256 4004 371 4088 quibus
393 4004 597 4071 connectitur
616 4004 735 4069 missae
752 4003 937 4081 celebratio,
963 4007 999 4069 ut
1019 4005 1194 4087 exsequiae
1211 4005 1371 4072 defuncti:

62 4115 136 4176 quae
159 4094 188 4161 si
211 4099 347 4179 propter
368 4093 634 4179 impedimentum
664 4094 794 4158 actuale
818 4093 950 4177 parochi
978 4094 1019 4158 ab
1043 4115 1081 4159 oo
1105 4095 1201 4160 alteri
1225 4095 1373 4161 commit-

61 4187 167 4252 tuntur
190 4183 442 4267 persolvendae,
473 4183 634 4267 parochus
666 4182 787 4249 retinet
816 4183 866 4248 ius
890 4183 931 4247 ad
955 4183 1162 4248 honorarium
1192 4184 1256 4248 illis
1280 4184 1373 4248 func·

62 4272 195 4340 tionibus
224 4293 401 4352 conexum,
434 4272 530 4338 alteri
560 4271 724 4338 sacerdoti
755 4271 886 4338 tradere
917 4271 1038 4337 sufficit
1067 4272 1263 4356 stipendium
1296 4294 1373 4337 con-

62 4366 190 4430 suetum.
238 4363 291 4428 Ita
320 4383 379 4445 pro
409 4382 488 4427 casu
520 4382 583 4444 quo
614 4361 665 4426 die
689 4360 859 4426 Dominica
883 4360 1061 4425 occurrerit
1084 4361 1181 4425 funus
1210 4361 1373 4443 parochus

63 4449 150 4520 debet
171 4451 283 4536 potius
306 4471 365 4535 pro
388 4450 506 4535 populo
530 4450 695 4534 applicare
718 4450 862 4526 missam,
886 4454 986 4532 atque
1009 4449 1106 4515 alteri
1129 4449 1291 4514 sacerdoti
1314 4469 1373 4513 ex-

62 4541 182 4624 sequias
205 4539 420 4606 celebrandas
450 4541 669 4615 committere;
701 4560 806 4620 neque
830 4544 940 4603 tamen
960 4542 1091 4604 tenetur
1114 4559 1208 4602 omne
1231 4538 1263 4602 id
1287 4538 1373 4620 quod

63 4630 222 4697 occasione
246 4627 372 4694 funeris
395 4629 522 4713 accepit
544 4627 706 4694 sacerdoti
731 4626 909 4693 celebranti
932 4625 1080 4703 tradere,
1112 4627 1168 4691 sed
1192 4626 1313 4692 sufficit
1337 4632 1395 4707 ut,
