3044 5174
204 305 296 362 Onera
313 323 434 362 annexa:
455 336 488 345 -
508 307 634 361 Habitus.
655 335 688 346 -
707 307 847 361 Tabernae
865 310 894 361 et
912 306 1068 377 spectacula
1087 307 1208 361 vitanda.
1304 310 1370 374 435

131 489 186 551 Au
210 505 402 561 qusssrruu
418 487 458 550 3„
474 483 512 553 R.
532 488 560 550 1.
593 485 644 549 Ex
669 484 765 550 dictis
788 488 882 568 patet
905 484 1095 550 Brocatium
1118 485 1260 550 nondum
1279 502 1433 570 possesse

68 574 174 640 dines
197 574 379 658 suscipere,
410 594 548 656 eumque
580 574 698 639 saltem
722 575 862 640 alterum
893 593 1014 638 aunum
1044 573 1209 655 integrum
1240 578 1274 638 22
1298 573 1372 638 dein

71 664 199 732 dicium
222 662 367 748 episcopi
390 666 586 747 exspectare
610 663 738 728 debere.

131 771 173 837 It.
199 773 229 836 2.
276 768 389 847 Quoad
412 768 555 851 reliquos
579 768 727 835 defectus
751 767 978 851 irregularitas
1009 789 1074 832 non
1097 768 1201 832 adest.
1248 768 1370 832 Verum

90 860 277 945 periculum
300 862 353 924 est
375 879 416 924 ne
439 858 531 924 brevi
555 858 703 924 defectus
725 857 772 922 illi
797 861 990 940 augeantur,
1014 857 1063 922 ita
1086 860 1123 922 ut
1147 878 1306 922 evasurus
1329 856 1374 922 212

68 950 93 1014 sl
120 948 254 1015 omnino
277 947 396 1013 surdus
418 948 474 1013 vel
497 968 630 1025 caecus,
661 968 741 1012 sane
770 947 851 1013 haec
882 945 967 1012 ratio
992 950 1043 1011 est
1074 967 1132 1011 cur
1155 947 1196 1011 ab
1220 946 1374 1031 episcopo

68 1060 108 1105 >n
133 1037 341 1104 admittatur.

134 1127 286 1192 Ceterum
310 1125 344 1190 iu
367 1123 549 1190 defectibus
573 1123 677 1190 dubiis
698 1124 869 1208 episcopus
885 1125 939 1189 vel
955 1123 1103 1207 superior
1120 1123 1374 1190 declarationem

68 1216 97 1282 el
131 1213 409 1299 dispensationem
443 1214 620 1280 concedere
652 1216 772 1296 potest.
826 1213 860 1278 Si
896 1212 1043 1279 defectus
1077 1216 1112 1279 et
1147 1212 1375 1296 irregularitas

68 1308 138 1372 arta
161 1307 255 1382 sunt,
286 1302 442 1370 accedere
473 1302 570 1368 debet
599 1302 716 1367 summi
740 1302 903 1386 pontificis
933 1301 1134 1385 dispensatio
1158 1303 1211 1367 vel
1242 1302 1375 1385 privile·

68 1396 136 1460 ium
162 1392 379 1479 apostolicum
401 1392 434 1457 iu
458 1391 759 1474 irregularitatibus
783 1413 825 1456 ex
849 1391 979 1457 defectu
1004 1390 1222 1474 dispensandi.

68 1593 204 1660 ’NERA
228 1591 376 1659 staltis
402 1590 642 1659 ORDINIBUS
665 1591 864 1657 ANNEXA.
893 1628 937 1635 —
960 1591 1152 1658 HABITUS
1177 1591 1377 1657 OLERICA-
1423 1642 1430 1681 .·

118 1717 186 1782 LIS
211 1750 254 1761 -
278 1714 379 1782 EIUS
403 1714 603 1781 MUTATIO
628 1715 688 1779 AD
712 1713 970 1780 INTRANDAS
994 1715 1229 1781 TABERNAS
1254 1715 1309 1780 ΕΤ

454 1838 658 1904 VIDENDA
680 1838 969 1905 SPEOTACULA.

608 2003 718 2069 22222.
738 2010 814 2079 (222)

138 2142 266 2202 Alexius
287 2143 427 2201 sacerdos
449 2147 509 2201 tum
531 2142 725 2201 recreationis
755 2149 816 2201 tum
845 2142 988 2202 scientiae
1017 2150 1047 2202 et
1073 2143 1147 2202 artis
1176 2162 1267 2202 causa
1288 2162 1378 2220 saepe

68 2230 95 2285 st
116 2225 148 2283 in
168 2223 294 2293 itinere,
314 2223 345 2281 in
366 2241 423 2299 quo
444 2223 585 2281 vestitum
607 2223 685 2297 gerit
706 2223 869 2282 modestum
891 2223 1007 2299 quidem
1029 2229 1060 2282 et
1080 2224 1158 2299 nigri
1180 2223 1303 2295 coloris,
1326 2224 1377 2282 sed

68 2305 114 2364 ius
136 2305 250 2363 formae
272 2320 329 2378 qua
351 2302 476 2362 2121212
498 2322 557 2361 222
578 2303 673 2379 possit
694 2303 852 2378 distingui;
881 2322 1019 2362 coronam
1049 2324 1107 2362 nou
1129 2304 1225 2363 defert
1246 2324 1280 2362 eo
1302 2304 1379 2379 quod

68 2385 167 2444 litium
190 2381 330 2442 calvitiae
350 2383 381 2441 in
403 2402 516 2441 summo
538 2383 635 2459 capite
657 2382 794 2442 rideatur
815 2384 930 2455 notari;
958 2386 1081 2443 barbam
1110 2384 1189 2458 gerit
1209 2385 1329 2459 longam
1349 2389 1381 2443 et

68 2466 170 2525 ultam.
199 2496 240 2505 -
270 2463 337 2522 Hoc
357 2463 443 2523 modo
465 2464 590 2522 Alexius
620 2463 708 2522 etiem
729 2464 852 2522 liberius
879 2470 968 2540 atque
989 2464 1053 2523 siue
1075 2465 1217 2523 scandalo
1238 2468 1380 2524 tabernas

68 2549 222 2622 requentat
242 2548 330 2620 atque
352 2546 389 2602 ob
411 2542 502 2602 animi
523 2544 668 2602 culturam
690 2545 870 2620 spectaculis
899 2543 1025 2603 scenicis
1053 2544 1193 2604 interest:
1223 2545 1328 2621 quibus
1349 2545 1379 2603 in

68 2626 149 2687 atria
168 2624 316 2683 interesse
337 2642 397 2684 non
418 2624 516 2695 audet,
540 2642 605 2682 cum
626 2624 655 2682 id
676 2630 797 2701 propter
817 2643 866 2683 res
887 2624 1017 2683 lubricas
1032 2631 1274 2700 repraesentatas
1296 2644 1381 2684 scan-

68 2707 117 2767 alo
139 2704 181 2765 sit
202 2710 291 2780 atque
312 2704 402 2764 etiam
424 2703 629 2781 suspensionis
650 2723 746 2781 poena
767 2705 968 2781 prohibeatur.

68 2827 231 2892 lassmrua
254 2822 282 2877 1⁰
303 2837 379 2894 quae
400 2817 462 2877 sint
482 2818 564 2893 leges
586 2818 748 2878 canonicae
770 2818 805 2876 de
827 2826 912 2878 veste
933 2818 1072 2879 clericali.

254 2919 285 2975 2ο
305 2916 373 2992 quid
396 2916 432 2974 de
452 2922 576 2976 tonsura
597 2917 646 2975 vel
667 2917 703 2975 de
724 2918 817 2975 barba
838 2916 985 2992 gestanda
1005 2916 1077 2976 iuris
1099 2917 1147 2976 sit.

253 3015 285 3075 3ο
305 3033 381 3089 quae
402 3014 443 3073 sit
462 3014 622 3091 prohibitio
653 3016 842 3073 tabernarum
871 3020 901 3074 et
922 3015 1159 3092 spectaculorum
1180 3034 1233 3091 pro
1255 3014 1382 3074 clericis.
1426 3065 1430 3071 .

254 3114 285 3170 4⁰
305 3112 449 3187 quomodo
470 3113 507 3171 de
527 3113 635 3172 Alexio
657 3113 697 3172 sit
717 3112 914 3174 iudicandum.

655 3301 790 3369 Salutio.

141 3443 196 3508 Aa
220 3462 412 3518 qusasrruu
438 3445 475 3506 1¹¹¹
498 3441 537 3507 a.
563 3446 590 3508 1.
625 3445 716 3510 Cone.
747 3446 837 3510 Trid.
863 3465 942 3512 sess.
971 3448 1021 3521 14,
1047 3465 1073 3510 c.
1100 3445 1119 3508 2
1146 3445 1185 3508 de
1209 3444 1267 3526 res.
1292 3442 1383 3509 iubet
1394 3461 1447 3515 760

68 3532 183 3599 leierre
219 3530 410 3608 ,honestum
441 3530 588 3597 habitum
622 3533 823 3610 clericalem,
856 3533 986 3599 illorum
1019 3532 1124 3598 ordini
1157 3554 1196 3598 ac
1229 3531 1381 3613 dignitat'

68 3624 289 3704 ongruentem
314 3623 349 3686 et
370 3619 466 3685 iuxta
489 3619 590 3705 ipsius
614 3622 756 3707 episcopi
781 3622 1019 3689 ordinationem
1043 3627 1077 3689 22
1100 3622 1320 3688 mandatum.“

144 3727 184 3794 R.
210 3729 240 3792 2.
279 3725 480 3808 Quamquam
505 3726 651 3794 Sixtus
675 3729 704 3792 V
729 3730 859 3795 constit.
886 3731 986 3811 ,Cum
1009 3728 1271 3795 Sacramentum-‘⁴
1298 3729 1327 3793 d.
1353 3728 1383 3794 d.

68 3816 168 3882 1122.
195 3816 280 3880 1589
304 3814 473 3899 praecepit
496 3821 624 3883 vestem
647 3821 799 3883 tolerem:
829 3824 941 3884 tamen
972 3841 1036 3885 non
1067 3817 1184 3900 ubique
1214 3818 1296 3881 baec
1326 3837 1385 3900 per

68 3927 90 3971 2
112 3925 233 3970 severa
255 3904 329 3986 lege
352 3902 513 3986 exigitur3
545 3906 656 3971 licebit
686 3912 796 3972 tamen
828 3908 980 3991 episcopo
1010 3909 1100 3973 illam
1132 3928 1268 3987 ecumque
1299 3906 1384 3987 nigri

68 3992 174 4060 coloris
214 4013 330 4058 severe
369 3992 578 4078 praecipere,
620 3996 888 4079 quotiescumque
928 3997 961 4061 in
997 3996 1159 4081 publicum
1196 3996 1382 4079 prodeatur.

68 4083 103 4150 tf.
128 4083 222 4149 Ben.
246 4080 341 4160 XIV,
365 4083 416 4147 Dc
438 4105 507 4169 spu.
533 4086 630 4150 dioec.
655 4085 710 4164 XI,
737 4088 773 4160 8;
804 4087 859 4153 Ta.
885 4109 925 4152 m.
950 4086 991 4163 ll,
1019 4090 1092 4150 609.

146 4188 185 4255 R.
211 4190 240 4254 3.
288 4188 353 4254 Ubi
375 4188 477 4271 igitur
500 4211 605 4272 neque
628 4191 686 4256 illa
709 4192 762 4256 lex
788 4192 982 4257 dioecesana
1006 4191 1154 4268 exsistit,
1180 4212 1284 4273 noque
1308 4212 1384 4255 con-

68 4279 195 4344 1222222
225 4276 365 4344 talarem
395 4284 523 4344 vestem
553 4281 791 4364 praescriptam
824 4282 919 4358 fecit,
953 4281 1011 4347 sed
1042 4282 1151 4365 potius
1182 4280 1279 4344 aliam
1311 4301 1384 4364 per·

68 4367 178 4435 nittit:
203 4366 313 4433 clerici
336 4389 400 4432 uon
424 4375 571 4451 peccant,
597 4369 624 4434 si
641 4372 736 4435 modo
753 4371 929 4452 oblongam
946 4376 1072 4436 vestem
1097 4369 1244 4450 subnigri
1268 4369 1385 4433 coloris

68 4461 189 4539 gestent
212 4456 266 4521 vel
290 4462 424 4522 servent
447 4459 713 4525 consuetudinem
738 4459 874 4525 localem
899 4460 1025 4542 piorum
1049 4459 1265 4524 sacerdotum.

144 4563 185 4629 R.
211 4565 242 4629 4.
289 4562 326 4627 ln
348 4562 467 4629 itinere
491 4585 568 4629 vero
593 4566 776 4647 generatim
801 4566 931 4631 brevior
955 4566 1057 4631 vestis
1087 4585 1190 4646 eaque
1215 4586 1279 4629 non
1301 4563 1387 4646 nigri

68 4652 176 4719 :oloris
198 4651 417 4736 permittitur;
449 4657 598 4718 attamen
621 4655 698 4720 talis
722 4676 795 4720 csse
819 4656 932 4733 debet,
965 4676 1050 4736 quae
1074 4655 1226 4720 clericum
1251 4676 1271 4718 a
1295 4653 1387 4718 laicis

1128 4755 1182 4811 28*
