3044 5174
134 277 199 340 414
632 273 838 328 Sacramentum
856 274 966 328 ordinis.
1480 39 1491 419 Ι

223 449 261 516 R.
286 452 315 517 5.
353 450 501 526 Domum,
525 450 554 515 si
577 451 740 533 agebatur
762 451 803 516 de
826 451 952 516 familia
975 450 1131 533 religiosa
1145 473 1213 516 non
1229 452 1347 520 stricte
1361 452 1445 531 diota,
1486 432 1491 454 ⁸

135 539 246 604 videre
276 539 388 606 debuit
418 539 495 621 quid
524 542 573 606 illi
602 539 741 607 licuerit.
789 541 851 606 Sed
883 540 982 606 etiam
1013 563 1083 606 cum
1111 541 1282 608 licentiam
1310 542 1353 608 ad
1379 543 1446 609 duos

134 628 271 694 clericos
293 629 480 694 saeculares
503 629 678 694 transferri
702 650 765 694 non
789 629 935 713 potuisse
958 633 1063 713 patet.

446 838 609 905 PRECES
633 839 872 906 ORDINATIS
894 839 1148 908 INIUNOTAE.

691 1005 802 1071 tusus.
821 1013 897 1081 (210)

223 1145 383 1216 Lentulus,
409 1149 442 1203 ut
470 1145 694 1204 subtraheretur
721 1144 852 1221 periculo
879 1143 1004 1202 militiae
1028 1144 1253 1221 suscipiendae,
1283 1146 1385 1206 eodem
1409 1147 1447 1206 dic

133 1232 285 1302 promotus
313 1232 358 1284 est
386 1225 613 1294 adtonsurum,
641 1231 781 1301 quattuor
801 1224 930 1283 minores
952 1225 1087 1296 ordines,
1117 1224 1373 1287 subdiaconatum.
1410 1226 1448 1286 ux

134 1325 190 1380 quo
212 1325 245 1365 se
267 1307 360 1365 sentit
379 1308 514 1364 obrutum
535 1305 673 1381 precibus
701 1305 870 1367 recitandis.
912 1304 984 1364 Cum
1013 1306 1090 1364 enim
1112 1305 1271 1382 episcopus
1300 1307 1448 1366 secundun

136 1387 308 1446 Pontificale
329 1386 454 1445 dixerit:
484 1386 595 1445 Omnes
617 1385 654 1443 ad
675 1391 828 1444 tonsuram
848 1385 896 1443 vel
917 1386 1046 1445 minores
1075 1386 1193 1445 ordines
1214 1394 1368 1462 promotos
1387 1388 1449 1447 roci·

134 1472 199 1526 tare
221 1468 328 1525 debere
348 1467 480 1544 psalmos
500 1466 729 1542 paenitentiales
746 1485 811 1524 cum
825 1465 939 1524 litaniis
954 1471 985 1524 et
998 1465 1193 1537 orationibus,
1214 1467 1291 1525 haec
1306 1471 1362 1527 sub
1375 1468 1449 1544 graui

134 1547 287 1623 quinquies
308 1567 341 1607 sc
362 1547 488 1605 recitare
510 1546 615 1604 debere
637 1552 748 1616 censet,
770 1551 859 1622 atque
879 1546 1002 1622 insuper
1022 1565 1076 1620 pro
1090 1550 1230 1623 suscepto
1244 1549 1450 1609 subdiaconatu

133 1635 309 1686 nocturnum
330 1626 535 1702 longissimum
556 1625 691 1698 sabbati,
713 1645 797 1701 quem
819 1646 858 1685 ex
878 1645 971 1702 penso
993 1626 1113 1698 diurno,
1141 1646 1160 1685 s
1180 1633 1324 1704 suscepto
1346 1629 1449 1688 subdis·

134 1712 241 1766 conatu
263 1707 431 1784 incipiendi,
454 1706 584 1767 secundo
605 1707 733 1765 recitare
755 1707 863 1765 debeat
883 1725 948 1765 cum
970 1705 1105 1766 omnibus
1127 1706 1208 1766 horis
1229 1709 1344 1785 parvis.
1378 1709 1449 1782 Quae

134 1788 232 1847 omnia
253 1789 355 1848 eodem
377 1787 477 1846 disse
499 1787 701 1847 absoluturum
723 1806 789 1846 esse
810 1787 958 1863 desperat.

134 1900 311 1970 Qusnmrun
334 1905 362 1960 10
384 1903 528 1961 debeatne
549 1902 612 1960 fieri
633 1901 708 1959 haec
729 1902 909 1978 psalmorum
930 1900 1188 1978 poenitentialium
1209 1901 1350 1963 recitatio
1369 1902 1450 1963 semel

385 2003 438 2060 pro
460 1982 586 2057 singulis
607 1982 850 2058 promotionibus.

334 2081 364 2139 2ο
384 2081 462 2140 sitne
483 2081 587 2139 harum
603 2099 678 2156 quae
693 2078 836 2139 ordinatis
851 2078 1041 2156 imponuntur
1054 2098 1176 2156 precum
1190 2079 1336 2156 obligatio
1350 2079 1449 2157 gravis.

334 2182 364 2238 3⁰
384 2178 453 2254 quid
481 2178 572 2238 officii
599 2178 656 2237 diei
684 2177 828 2237 Lentulus
855 2178 982 2236 recitare
1011 2177 1118 2237 debeat
1146 2196 1184 2236 ex
1211 2178 1279 2254 lege
1306 2179 1449 2239 Ecclesiae

388 2258 522 2318 omnibus
543 2259 574 2317 in
595 2278 680 2317 sacro
702 2259 804 2318 ordine
826 2258 996 2317 constitutis
1017 2257 1165 2334 imposita.

728 2459 862 2525 solutio.

73 2617 125 2670 723
223 2601 276 2667 Ao
300 2622 491 2678 ousnsrrsu
518 2604 554 2666 1¹²
582 2601 620 2668 u.
668 2601 774 2667 Nemo
803 2602 887 2668 hanc
917 2601 1156 2685 impositionem
1187 2600 1236 2666 ita
1266 2601 1451 2685 intellegere

134 2694 220 2759 solet
243 2697 289 2770 ut,
315 2691 367 2773 qui
392 2692 502 2775 plures
527 2690 656 2757 ordines
680 2692 821 2756 minores
845 2690 939 2755 simul
956 2691 1152 2774 acceperint,
1178 2689 1300 2775 pluries
1320 2691 1453 2757 debeant

134 2803 248 2868 preces
271 2781 345 2846 illas
369 2784 534 2864 repetere:
559 2780 616 2845 sed
640 2780 761 2846 suflicit
784 2781 885 2845 semel
909 2801 965 2844 eas
982 2781 1131 2846 recitare.
1164 2778 1198 2844 Si
1222 2800 1301 2845 vero
1322 2781 1453 2846 diversis

135 2873 248 2938 diebus
271 2872 418 2936 diversos
442 2870 572 2935 ordines
595 2870 740 2953 suscipit,
765 2869 937 2954 impositae
959 2890 1074 2953 preces
1096 2868 1296 2952 repetendae
1320 2875 1407 2940 sunt.

223 2997 275 3061 Ao
299 3014 491 3070 ousasmuu
515 2997 553 3057 2⁶²
577 2991 615 3058 lt.
643 2996 671 3057 1.
704 2993 829 3057 Harum
852 3012 985 3074 precum
1007 2991 1182 3076 impositio,
1207 3013 1305 3074 quam
1331 2994 1454 3059 nomine

140 3083 395 3168 ,paenitentiae“
423 3082 596 3166 impositae
619 3088 750 3158 vocant,
775 3082 816 3145 ab
840 3080 913 3145 aliis
937 3081 1033 3146 aliter
1049 3081 1254 3148 diiudicatur.
1287 3082 1355 3147 Alii
1378 3083 1455 3147 hanc

135 3174 367 3256 obligationem
391 3172 514 3237 habent
536 3191 596 3254 pro
617 3175 727 3256 proci,
757 3170 813 3235 alii
836 3191 878 3233 ne
901 3190 959 3252 pro
983 3171 1050 3235 ulla
1074 3171 1203 3252 quidem
1227 3171 1298 3235 veri
1322 3172 1455 3237 nominis

135 3262 344 3345 obligatione,
368 3261 426 3327 sed
449 3282 507 3344 pro
532 3261 682 3326 decentia
705 3264 843 3327 tantum.
877 3259 1083 3342 Quapropter
1098 3259 1242 3342 practice
1258 3261 1374 3343 nequit
1392 3282 1455 3326 ser·

135 3374 187 3417 mo
211 3373 284 3417 esse
307 3351 347 3415 de
370 3356 505 3434 peccato
529 3350 671 3425 mortali,
697 3349 825 3431 quando
850 3348 1019 3414 ordinatus
1043 3369 1099 3414 eas
1123 3349 1256 3414 omittat
1276 3350 1324 3429 (S.
1342 3351 1455 3435 Alph.

135 3442 191 3517 Vl,
217 3440 305 3522 829),
330 3439 391 3504 nisi
415 3442 501 3506 forte
525 3440 566 3504 ob
590 3439 709 3504 falsam
733 3437 975 3503 conscientiam.

223 3549 261 3613 lt.
287 3551 317 3612 2.
366 3546 475 3612 Simile
499 3545 576 3627 quid
600 3545 769 3610 dicendum
794 3549 845 3609 est
868 3544 908 3608 de
931 3543 1039 3609 missis
1070 3565 1154 3627 quae
1176 3546 1455 3629 neo-presbyteris

139 3642 233 3722 ,post
255 3637 393 3720 primam
424 3639 570 3700 vestram
601 3635 752 3700 missam“
786 3634 1005 3717 imponuntur.
1053 3635 1162 3715 Atque
1192 3635 1263 3698 sola
1286 3635 1456 3701 missarum

133 3730 257 3811 formo,
283 3747 347 3791 non
372 3727 542 3810 applicatio
566 3723 814 3807 praescribitur,
839 3724 945 3788 etita
968 3723 1097 3805 quidem
1121 3728 1158 3789 ut
1180 3744 1239 3807 pro
1263 3724 1375 3789 missis
1398 3724 1457 3789 illis

135 3817 257 3882 votivis
281 3816 349 3880 dics
372 3815 476 3879 libera
500 3814 722 3895 exspectanda
746 3812 799 3889 sit,
825 3834 889 3894 qua
912 3812 1062 3877 rubricae
1078 3812 1235 3877 eiusmodi
1251 3812 1388 3879 missam
1405 3836 1457 3878 vo-

135 3908 238 3974 tivam
261 3906 426 3990 privatam
443 3902 645 3985 permittant.
679 3904 710 3967 S.
728 3902 766 3967 R.
785 3903 817 3967 Ο.
839 3905 874 3966 11
894 3901 973 3984 Apr.
992 3903 1188 3967 18101119.
1207 3903 1294 3968 uuila
1312 3925 1344 3968 n.
1365 3906 1456 3968 2802.

136 3997 265 4062 Certum
290 3999 400 4060 autem
423 3996 484 4069 est,
509 3991 536 4055 si
560 3996 712 4056 occurrat
734 3991 854 4057 festum
879 3992 916 4056 B.
934 3991 1060 4056 Mariae
1075 3992 1126 4069 V,
1151 4012 1210 4074 per
1233 3990 1303 4056 eius
1328 3993 1458 4057 missam

135 4086 290 4151 festivam
313 4080 466 4148 satisfieri
490 4083 586 4163 plene
609 4081 773 4146 iniunctae
796 4080 915 4145 missae
939 4080 978 4145 de
1003 4081 1123 4158 Beata,
1155 4085 1255 4162 atque
1279 4081 1382 4147 etiam
1406 4101 1460 4166 per

137 4176 268 4240 missam
284 4171 438 4239 festivam
455 4175 663 4254 pentecostes
679 4171 800 4235 satisfit
815 4169 934 4234 missae
949 4169 1115 4235 iniunctae
1131 4169 1171 4233 de
1187 4168 1311 4253 Spiritu
1328 4171 1458 4237 Sancto.

224 4282 262 4348 R.
288 4284 317 4344 3.
360 4277 451 4354 Quod
474 4298 553 4342 vero
577 4278 618 4343 ad
640 4280 868 4354 ,nocturnum“
896 4276 994 4341 officii
1020 4275 1120 4340 divini
1143 4275 1273 4354 attinet,
1299 4277 1356 4359 qui
1380 4277 1459 4343 reci·

136 4372 254 4437 tandus
277 4367 455 4452 imponitur
478 4368 636 4448 promotis
660 4367 702 4431 ad
719 4366 988 4431 subdiaconatum
1004 4367 1056 4430 vel
1081 4367 1299 4443 diaconatum,
1324 4367 1458 4433 liberum

136 4466 188 4526 est
218 4460 369 4543 episcopo
400 4454 481 4520 certi
511 4455 574 4521 diei
604 4457 751 4521 ferialem
785 4462 977 4520 nocturnum
1010 4454 1245 4534 determinare;
1280 4457 1370 4536 quod
1403 4456 1459 4521 nisi

136 4550 262 4626 fecerit,
287 4548 432 4622 dicendo,
457 4550 555 4626 prout
577 4550 664 4622 sunt,
688 4546 791 4609 verba
807 4544 1007 4609 pontificalis
1027 4548 1238 4620 ,nocturnum
1263 4544 1343 4610 talis
1366 4547 1459 4621 diei“,

136 4638 376 4721 intellegendus
406 4638 457 4699 est
485 4639 680 4712 ,nocturnus
702 4637 831 4718 ferialis
862 4632 897 4718 [1.
922 4654 950 4699 e.
983 4637 1051 4698 cius
1080 4633 1183 4698 feriae
1213 4632 1246 4697 in
1277 4655 1342 4715 qua
1374 4638 1461 4701 tacta
