3044 5174
350 271 452 326 Missae
472 270 627 326 celebratio.
647 299 679 310 —
701 270 865 326 Pammenia
883 273 912 324 et
930 270 1064 342 supellex.
1302 274 1365 339 153

31 446 161 514 siarum
197 447 418 515 benedicendi.
472 448 537 513 Pro
576 448 733 532 ampliore
773 448 933 515 facultate
973 448 1030 514 sol.
1066 448 1121 513 vel
1155 447 1365 514 benedicendi

32 558 96 620 pro
131 537 206 603 aliis
240 537 387 604 ecclesiis
417 537 470 603 vel
504 538 705 621 delegandae
736 558 815 603 suae
845 538 1021 621 potestatis
1051 536 1199 620 indigent
1230 536 1365 621 speciali

35 626 233 781 prlivigpggim
270 626 356 709 quod
393 626 464 693 dari
500 647 566 693 non
602 627 688 693 solet
721 626 783 692 nisi
817 626 860 692 ad
894 630 1034 711 tempus.
1088 626 1136 693 cf.
1173 627 1205 693 S.
1240 626 1364 710 Alph.

86 764 93 794 ’
129 822 169 889 R.
190 769 230 888 ·3.
277 821 444 887 Eiusmodi
478 821 690 888 benedicendi
723 821 865 888 facultas
899 821 985 889 solet
1018 842 1055 887 se
1089 822 1267 889 extendere
1301 842 1366 886 non

37 911 145 975 solum
168 911 212 976 ad
233 914 429 994 paramenta
458 915 493 978 et
521 910 715 978 linteamina
744 910 875 988 altaris,
907 911 964 976 sed
996 911 1096 977 etiam
1126 911 1168 978 ad
1199 931 1281 976 vasa
1308 910 1366 975 ille

37 1020 137 1066 sacra
158 999 192 1065 in
216 1000 333 1082 quibus
356 999 543 1066 chrismatis
566 1021 644 1066 usus
666 1021 732 1065 non
755 1003 916 1067 occurrat.

130 1133 184 1198 An
200 1153 391 1209 ouussrruu
416 1135 455 1196 2²¹
470 1132 509 1200 R.
535 1135 564 1200 1.
596 1132 813 1217 Praesumpta
836 1131 969 1200 licentia
985 1131 1142 1199 eiusmodi
1165 1136 1428 1217 potestatem264

37 1221 155 1304 largiri
172 1221 302 1304 nequit;
319 1243 384 1287 nou
400 1221 485 1286 enirn
498 1221 539 1287 de
550 1222 622 1287 sola
634 1226 728 1287 actus
741 1221 887 1288 liceitate
903 1222 961 1288 sed
977 1221 1100 1288 deeius
1115 1223 1229 1289 valore
1244 1223 1366 1307 agitur,

38 1311 93 1394 qui
117 1332 185 1377 non
207 1314 319 1395 potest
335 1314 514 1396 praesumi.
562 1310 596 1377 Si
618 1331 697 1392 ergo
722 1310 877 1377 Camillus
898 1315 1067 1395 potestate
1093 1311 1248 1394 delegata
1269 1332 1366 1397 prae-

39 1401 129 1466 ditus
152 1421 219 1465 non
242 1403 324 1477 erat,
348 1399 491 1465 invalide
515 1399 644 1483 peregit
666 1399 935 1468 benedictionem.

129 1498 239 1581 Magis
262 1497 363 1564 etiam
387 1496 449 1563 dici
474 1498 570 1564 debet
594 1496 727 1563 culicem
751 1498 938 1564 nullatenus
955 1498 1106 1565 asserite
1122 1501 1365 1576 consecratum

40 1608 115 1653 narn
140 1608 205 1652 non
229 1586 351 1653 sufficit
374 1590 412 1652 ut
434 1585 521 1653 calix
544 1607 617 1653 curn
641 1590 763 1669 patena
785 1587 924 1672 recipiat
939 1587 1208 1666 benedictionem,
1233 1588 1292 1654 sed
1315 1610 1366 1654 re·

39 1675 182 1759 quiritur
205 1679 243 1742 ut
264 1675 543 1742 consecrationem
565 1675 712 1760 recipiat.

129 1783 170 1850 R.
196 1786 226 1849 2.
273 1782 492 1849 Offensionem
516 1781 760 1850 benefactorum
784 1782 939 1848 Camillus
968 1781 1077 1866 potuit
1104 1788 1137 1850 et
1161 1782 1273 1849 debuit
1295 1783 1367 1868 ipsa

40 1872 100 1938 hac
125 1871 347 1938 declaratione
378 1876 545 1950 avertere,
576 1872 661 1954 quod
692 1871 848 1938 eiusmodi
879 1893 932 1937 res
962 1893 1021 1956 pro
1052 1872 1275 1939 sacratissimo
1305 1895 1365 1939 usu

40 1960 192 2027 sacrificii
227 1961 347 2027 missae
380 1960 566 2043 indigerent
600 1960 778 2045 episcopali
808 1961 1073 2028 consecratione:
1107 1962 1366 2046 exspectandum

41 2050 143 2133 igitur
166 2070 241 2116 esse
262 2070 365 2132 usque
389 2050 431 2116 ed
455 2050 540 2115 diem
564 2050 705 2132 aliquem
729 2051 850 2115 festum
873 2049 1030 2117 futurum.

130 2156 169 2224 R.
195 2159 225 2224 3.
272 2156 451 2239 Postquam
482 2156 644 2241 parochus
674 2156 740 2222 illis
770 2157 962 2223 utensilibus
992 2177 1110 2223 revera
1138 2179 1203 2223 non
1226 2158 1367 2224 sacratis

43 2268 119 2312 usus
142 2245 204 2324 sit,
235 2245 312 2328 quid
335 2246 407 2311 fieri
428 2244 534 2330 possit
556 2246 707 2329 sequenti
730 2246 783 2312 die
806 2268 827 2312 a
849 2246 1040 2325 sacerdote,
1064 2242 1191 2330 patebit
1214 2268 1257 2312 ex
1278 2267 1365 2331 resp.

44 2337 74 2402 S.
91 2336 132 2400 R.
150 2335 185 2401 C.
210 2333 243 2399 in
259 2335 416 2401 Faidensi
439 2337 481 2399 22
505 2335 595 2418 Sept.
622 2337 707 2400 1703
731 2334 865 2415 (Gard.
888 2335 909 2401 l.
927 2356 954 2402 c.
978 2357 1010 2403 n.
1036 2339 1123 2402 3663
1147 2337 1188 2401 ad
1213 2339 1232 2400 2
1257 2340 1292 2402 et
1315 2337 1366 2419 3):

47 2428 93 2503 ,2.
118 2426 172 2489 An
188 2423 310 2490 vicario
326 2423 473 2507 generali
489 2424 634 2506 delegari
649 2424 795 2507 potuerit
810 2434 844 2492 et
866 2424 971 2509 possit
986 2428 1056 2491 tam
1072 2425 1253 2492 benedictio
1269 2446 1367 2510 para·

42 2517 228 2580 mentorum
244 2517 278 2579 et
293 2512 478 2579 utensilium
496 2512 612 2580 altan's
629 2534 726 2596 quam
743 2514 946 2581 consecratio
963 2535 1195 2598 campanarum
1211 2514 1367 2580 aliarum·

45 2623 106 2685 qua
130 2623 249 2668 rerum*
263 2602 297 2666 in
320 2602 437 2683 quibus
460 2602 570 2668 unctio
601 2624 626 2669 s.
651 2602 836 2670 chrismatis
860 2603 1011 2670 occurrit.
1057 2605 1102 2670 ut
1126 2608 1287 2686 quatenus
1310 2626 1368 2670 ne-

43 2691 166 2775 gative,
192 2693 222 2757 3.
247 2692 299 2757 An
323 2692 585 2758 consecrationes
595 2697 629 2758 et
656 2691 899 2758 benedictiones
921 2692 1079 2759 hactenus
1103 2714 1124 2758 a
1147 2693 1268 2758 vicario
1292 2713 1366 2776 gen.

43 2802 82 2847 ex
107 2779 316 2863 delegatione
339 2779 449 2847 factae
472 2779 625 2847 sustineri
641 2781 713 2846 sive
728 2780 864 2847 tolerari
881 2780 1045 2849 valeant.“
1080 2782 1119 2848 R.
1141 2783 1201 2859 „ad
1218 2786 1237 2846 2
1254 2782 1368 2866 Nega-

43 2871 127 2944 tive;
153 2870 195 2936 ad
220 2871 240 2934 3
263 2868 536 2954 Reintegrandas‚
561 2873 724 2952 quatenus
739 2869 809 2935 fieri
831 2869 937 2955 possit
951 2869 1022 2936 sine
1038 2871 1204 2946 scandalo,
1227 2880 1366 2957 proeter-

46 2981 141 3044 qaom
165 2959 274 3045 quood
296 2981 374 3024 oasa
397 2981 492 3024 sacro
521 2962 587 3024 tom
611 2957 789 3025 adhibeat
837 2959 928 3036 Quod
959 2959 1088 3042 quidem
1111 2980 1302 3044 responsum
1326 2960 1367 3025 ad

44 3052 62 3113 3
85 3046 244 3114 omissum
274 3052 326 3114 est
352 3046 385 3112 in
416 3047 608 3114 collectione
632 3049 725 3115 Decr.
751 3049 838 3115 autb.
862 3070 893 3115 n.
919 3050 1023 3128 2119,
1055 3070 1168 3114 varum
1192 3048 1369 3134 probabili·

42 3142 146 3204 tatem
162 3135 351 3221 practicam
375 3157 417 3202 ex
441 3157 480 3202 eo
503 3158 568 3202 non
592 3136 711 3204 amisit.

131 3235 223 3318 Ergo
247 3233 390 3301 vicarius
412 3237 503 3301 reete
525 3234 692 3301 recusavit
708 3235 863 3314 casulam,
887 3256 993 3318 neque
1015 3235 1108 3303 licuit
1130 3257 1203 3302 earn
1227 3235 1368 3301 secundo

43 3324 216 3400 adhibere;
248 3325 372 3390 calicem
406 3344 484 3389 vero
515 3345 579 3406 quo
609 3325 771 3408 parochus
801 3324 866 3390 iarn
896 3346 975 3390 usus
999 3328 1072 3391 eret
1101 3324 1134 3390 in
1158 3347 1184 3391 s.
1209 3324 1368 3391 sacrificio

44 3414 188 3480 vicarius
212 3434 271 3497 pro
296 3418 488 3480 consecrato
512 3433 642 3479 sumere
666 3417 766 3496 atque
790 3413 943 3497 deinceps
966 3414 1009 3479 ad
1032 3413 1152 3480 missae
1175 3413 1368 3481 sacrificium

42 3504 198 3570 adhibere
222 3501 312 3570 licite
333 3502 451 3586 potuit.

259 3761 262 3764 -
327 3712 593 3780 Nucnsslras
615 3713 815 3780 MINISTRI
837 3713 924 3780 PRO
949 3713 1088 3782 MISSA.

614 3877 725 3944 Casus.
745 3885 802 3952 (78)

135 4017 258 4079 Cassius
291 4017 431 4077 sacerdos
461 4018 491 4077 in
518 4017 688 4077 nosocomio
717 4017 885 4077 monialium
917 4036 1006 4076 curae
1035 4018 1190 4077 commisso
1220 4019 1369 4078 divertens

43 4099 206 4159 difficulter
235 4098 350 4157 obtinet
378 4098 545 4157 ministrum
576 4098 612 4156 ad
644 4099 851 4157 celebrandam
881 4098 1020 4156 missam:
1057 4098 1214 4174 aliquando
1249 4119 1369 4174 puerum

43 4179 92 4255 qui
120 4179 218 4238 nescit
245 4178 441 4255 respondere,
472 4178 629 4254 aliquando
657 4185 718 4236 tam
746 4179 823 4237 male
851 4178 1090 4254 pronuntiantem
1120 4184 1153 4237 ut
1181 4180 1278 4237 omnia
1307 4199 1369 4239 sus·

43 4261 136 4337 deque
164 4264 281 4329 vertat,
316 4259 365 4317 vel
395 4257 485 4318 etiam
514 4259 634 4335 incepta
668 4258 855 4335 praefatione
890 4261 1046 4317 abeuntem
1081 4277 1136 4318 nec
1166 4278 1368 4330 reversurum;

43 4340 68 4399 si
96 4338 216 4415 quando
243 4339 332 4416 plane
353 4338 449 4410 deest,
478 4338 615 4398 monialis
644 4339 772 4398 sacrista
792 4338 952 4415 respondet
979 4339 1115 4397 assidens
1137 4358 1227 4415 prope
1249 4339 1370 4398 chorum

41 4419 155 4482 sarem

42 4538 223 4610 Qunamrua
245 4539 274 4595 1ο
294 4556 369 4613 quea
391 4536 430 4596 sit
450 4536 616 4596 necessitas
637 4537 765 4596 habendi
786 4536 913 4595 ministri
933 4537 964 4595 in
986 4536 1162 4596 celebranda
1182 4537 1283 4597 missa.

246 4637 277 4694 2⁰
298 4635 367 4711 quid
388 4635 424 4693 ad
446 4635 581 4711 singulos
603 4655 690 4694 casus
713 4636 876 4694 dicendum.
