3044 5174
391 258 517 312 Minister
535 260 636 329 paenit.
656 288 690 298 -
709 257 860 345 iurisdictio
879 257 1055 326 regularium.
1320 261 1385 325 263

52 436 143 503 ranti
157 435 306 519 quidem:
319 435 556 503 Benedictus
568 435 655 512 XIV,
668 434 874 501 incommoda
885 434 972 500 illius
984 435 1066 518 legis
1078 436 1291 520 perpendens,
1309 456 1386 501 con-

52 525 231 593 stitutione
249 527 362 607 ,Quod
377 523 552 590 cornmuni“
567 528 609 590 30
622 524 734 591 Martii
748 527 833 590 1742
847 527 1008 591 concessit
1025 529 1070 603 ut,
1088 524 1217 608 quando
1230 525 1315 590 desit
1331 546 1385 589 so-

53 616 125 682 cius
142 615 278 691 ordinis,
296 615 456 679 confessio
468 614 543 679 fieri
558 614 663 697 possit
679 613 765 697 apud
785 614 981 697 „quemlibet
996 614 1223 698 presbyterum
1241 615 1281 679 ab
1298 614 1385 679 ordi-

55 704 160 770 nariis
191 704 256 770 loci
277 704 331 769 vel
361 704 546 786 regularem
570 726 591 769 a
613 724 672 768 suo
699 703 867 787 superiore
894 703 1039 784 regulari
1063 705 1104 770 ad
1128 704 1386 770 sacramentales

55 792 281 860 confessiones
292 793 471 858 audiendas
483 793 733 876 approbatum¹‘.
761 792 852 869 Quod
864 792 1026 858 indultum
1039 793 1128 857 Pius
1141 793 1186 856 IX
1199 793 1229 858 d.
1244 795 1285 858 28
1295 793 1383 877 Sept.

57 886 145 949 1852
172 881 322 949 extendit
345 882 445 947 etiam
468 882 509 946 ad
527 903 638 947 casum
660 881 694 945 in
718 902 781 963 quo
798 881 885 947 adsit
902 903 986 946 unus
1001 885 1131 948 tanturn
1155 882 1308 946 sacerdos
1324 883 1386 947 Oa-

54 972 215 1057 puccinus
238 972 279 1037 ad
303 971 524 1036 confessiones
546 971 758 1054 approbatus.
790 970 837 1039 cf.
854 970 1159 1037 Bellen-Palm.
1177 972 1199 1036 l.
1216 993 1242 1036 0.
1260 992 1290 1036 n.
1310 974 1386 1038 640.

147 1070 188 1135 R.
203 1071 234 1135 5.
260 1068 477 1134 Nihilominus
493 1068 588 1134 decet
604 1089 645 1133 ne
661 1068 804 1150 eligatur
815 1089 835 1134 a
847 1069 1000 1151 quopiam
1015 1068 1077 1133 nisi
1094 1069 1305 1153 approbatus,
1322 1089 1386 1152 quo

55 1159 165 1224 minor
180 1156 320 1225 excitari
336 1158 440 1242 possit
455 1157 615 1223 dubitatio
632 1178 707 1222 num
724 1157 769 1224 sit
783 1157 927 1223 idoneus.
960 1158 995 1222 Id
1012 1178 1048 1222 re
1063 1157 1136 1242 ipsa
1151 1162 1321 1242 spectasse
1336 1158 1386 1223 vi·

55 1249 156 1314 detur
178 1249 212 1313 S.
239 1248 273 1314 0.
296 1247 380 1334 Epp.
412 1255 440 1312 et
462 1249 537 1331 Req.
562 1268 719 1330 responso
743 1249 763 1311 3
786 1246 868 1311 Iunii
895 1248 978 1312 1861
1010 1246 1160 1327 (01010
1185 1249 1217 1314 S.
1242 1249 1337 1314 Sedis
1358 1248 1385 1326 Ι,

57 1340 121 1403 679
147 1336 252 1420 sqq.):
276 1357 373 1419 posse
396 1336 580 1419 superiores
602 1335 733 1412 locales,
758 1336 820 1401 nisi
844 1335 1093 1403 constitutiones
1117 1338 1258 1414 obstent,
1281 1337 1387 1402 facul·

56 1431 163 1493 tatem
187 1425 298 1490 facere
320 1425 389 1489 6016
411 1425 559 1502 subditis,
585 1430 623 1492 ut
646 1425 838 1508 presbytero
862 1425 1023 1491 saeculari
1046 1427 1272 1502 confiteantur,
1297 1427 1387 1491 dum·

57 1518 151 1581 modo
183 1522 289 1580 tomen
320 1516 371 1579 hic
402 1513 504 1596 fuerit
536 1537 573 1580 ex
605 1514 789 1600 approbatis
824 1515 863 1580 ob
898 1516 1068 1581 ordinario
1100 1519 1176 1581 loci:
1210 1536 1304 1580 secus
1338 1516 1386 1579 in·

57 1604 205 1670 validam
229 1624 302 1669 esse
325 1603 572 1669 confessionem.
591 1640 636 1650 —
655 1602 774 1667 Verum
799 1603 830 1670 S.
855 1603 889 1670 (l.
915 1604 949 1686 1)
972 1626 1036 1669 non
1060 1605 1204 1688 loquitur
1226 1604 1267 1669 de
1289 1602 1387 1669 itine-

56 1693 209 1760 rantibus
225 1692 341 1774 quibus
357 1692 442 1758 desit
458 1692 551 1775 copia
567 1691 758 1756 confessarii
774 1713 816 1757 ex
831 1693 962 1776 proprio
978 1693 1101 1770 ordine,
1125 1694 1182 1759 sed
1199 1692 1386 1770 universim,

57 1783 134 1866 quid
166 1782 352 1865 superiores
382 1784 520 1867 amplius
550 1781 692 1864 possint;
725 1783 759 1861 2)
782 1780 810 1846 61
839 1781 1034 1848 itinerantes
1063 1781 1137 1847 illos
1166 1783 1272 1848 voluit
1301 1804 1387 1847 com·

56 1871 278 1956 prehendere,
310 1869 372 1935 dici
403 1871 500 1937 debet
531 1870 562 1936 S.
588 1871 621 1936 C.
645 1891 837 1954 responsum
867 1892 930 1936 non
962 1872 1083 1938 habere
1105 1872 1171 1936 vim
1201 1871 1285 1953 legis
1314 1874 1387 1936 uni·

56 1964 193 2027 cersolio
199 2011 208 2042 ‚
239 1959 298 2024 sed
327 1980 439 2025 casum
468 1959 701 2043 particularem
731 1959 909 2043 respicere:
940 1961 1014 2026 aliis
1043 1960 1145 2042 igitur
1174 1981 1288 2025 norrna
1313 1981 1386 2026 esse

57 2055 171 2135 potest
195 2048 344 2115 doctrina
366 2048 399 2114 S.
423 2049 628 2132 Alphonsi
652 2070 751 2133 supra
775 2049 861 2116 data.

148 2163 203 2229 10
226 2183 417 2239 0000060000
441 2165 481 2228 3⁰¹
504 2162 542 2228 R.
569 2165 597 2229 1.
645 2162 678 2229 Si
703 2161 923 2228 communibus
947 2163 1074 2245 legibus
1096 2161 1292 2240 insistimus,
1324 2162 1387 2228 dici
1396 2167 1450 2222 459

58 2253 158 2319 debet
173 2252 351 2319 Achatium
374 2255 409 2317 et
422 2251 586 2318 Bonitium
611 2252 706 2335 plene
728 2252 892 2316 subiectos
915 2252 1076 2318 mansisse
1098 2274 1176 2318 auce
1198 2252 1387 2335 provinciae

58 2341 298 2426 superioribus,
329 2362 369 2406 ac
399 2342 491 2424 proin
519 2340 650 2406 licuisse
679 2341 776 2406 alteri
806 2341 946 2407 alterum
970 2340 1255 2408 sacramentaliter
1278 2342 1388 2407 absol·

59 2451 156 2505 vere;
182 2429 245 2496 etsi
267 2430 368 2496 etiam
390 2429 557 2513 potuerint
579 2429 796 2495 confessarios
820 2431 934 2495 domus
957 2429 989 2495 in
1013 2452 1077 2513 qua
1094 2431 1307 2497 deverterunt
1325 2430 1387 2496 sibi

59 2520 193 2603 eligere.
223 2557 268 2567 —
298 2519 332 2585 Si
360 2518 394 2583 in
418 2540 481 2601 quo
505 2518 617 2583 ordine
640 2518 738 2585 aliter
759 2522 921 2586 statutum
945 2519 1005 2598 sit,
1036 2519 1069 2584 id
1100 2518 1163 2586 erit
1192 2519 1342 2604 exceptio
1367 2541 1388 2586 a

59 2609 176 2691 regula
199 2607 369 2674 communi.

149 2707 191 2773 R.
208 2710 239 2774 2.
278 2706 434 2771 Similiter
453 2705 509 2771 lex
525 2708 698 2771 comeaeris
713 2706 862 2771 absolute
878 2726 942 2771 non
959 2706 1114 2773 obstabat
1135 2705 1213 2790 quin
1228 2705 1389 2773 Achatius

61 2795 298 2862 confessionem
321 2795 511 2861 institueret
534 2793 620 2878 apud
643 2794 950 2878 neo-presbyterum
974 2795 1124 2861 arnicum.
1171 2795 1205 2862 si
1230 2796 1306 2879 quid
1330 2796 1388 2861 ob·

60 2890 143 2964 stet,
176 2887 316 2950 nonest
344 2883 407 2948 nisi
429 2887 574 2968 specialis
603 2884 658 2950 lex
682 2886 758 2950 certi
781 2883 903 2950 ordinis
926 2885 1079 2968 religiosi.
1125 2885 1248 2951 Verum
1272 2885 1389 2951 melius

60 2980 133 3041 erat
156 2974 254 3040 istam
278 2972 541 3055 singularitatem
564 2973 681 3041 vitare.

273 3164 537 3232 IURISDICTIO
562 3163 856 3231 REGULARIUM
879 3164 928 3231 IN
950 3165 1171 3232 ALUMNOS.

671 3304 781 3370 (16606.
801 3312 877 3381 (132)

149 3438 333 3510 Almachius,
355 3438 404 3514 qui
425 3437 608 3498 alumnorum
630 3438 834 3496 confessiones
847 3437 879 3495 in
894 3437 1033 3496 convictu
1048 3436 1227 3512 regularium
1250 3436 1388 3514 excipere

59 3521 153 3592 solet,
176 3519 324 3595 aliquibus
345 3519 447 3577 exeis
468 3537 567 3577 comes
589 3523 635 3576 661
656 3518 790 3576 inferiis
812 3518 850 3576 ad
870 3518 927 3576 iter
947 3518 1133 3577 faciendum:
1155 3522 1314 3577 transeunt
1333 3537 1388 3595 per

59 3600 197 3660 diversae
227 3600 378 3658 dioeceses
408 3597 439 3656 in
466 3598 573 3674 quibus
600 3596 775 3656 Almachius
803 3600 985 3674 approbatus
1012 3617 1071 3657 non
1102 3604 1165 3670 est,
1195 3598 1387 3658 nihilominus

58 3681 246 3740 alumnorum
275 3678 476 3738 confessiones
499 3676 618 3754 excipit.
660 3678 699 3736 Et
719 3697 895 3754 quamquam
916 3678 1050 3754 superior
1072 3679 1175 3738 domne
1197 3679 1243 3737 sui
1265 3679 1386 3752 ordinis,

58 3762 89 3820 in
104 3780 193 3837 quam
208 3761 386 3830 deverterat,
409 3759 438 3817 id
452 3757 480 3817 ei
494 3758 651 3834 prohibuit,
672 3764 778 3834 postea
792 3759 850 3816 iter
864 3777 1046 3835 prosequens
1067 3759 1258 3818 nihilominus
1279 3759 1386 3836 pergit,

56 3848 144 3901 ratus
165 3840 327 3917 superioris
347 3838 546 3915 prohibitione
568 3858 601 3897 se
621 3857 682 3897 non
703 3837 829 3916 amplius
849 3839 945 3914 ligari.

57 3949 239 4020 Quaumrua
261 3948 289 4004 1⁰
311 3943 510 4004 confessarius
531 3943 710 4019 regularium
724 3944 859 4020 possitne
874 3944 1029 4004 absolvere
1053 3945 1188 4005 alumnos
1203 3946 1268 4005 sine
1283 3965 1387 4023 appro-

314 4025 431 4084 batione
453 4025 585 4102 episcopi
605 4025 671 4084 loci.

262 4117 292 4174 2⁰
312 4114 446 4191 possitne
466 4114 523 4173 hoc
544 4114 608 4172 fieri
629 4114 660 4172 in
681 4112 773 4185 feriis,
795 4114 912 4189 quando
934 4114 1045 4173 alumni
1066 4114 1180 4173 dimissi
1201 4120 1278 4175 sunt.

261 4206 292 4265 3⁰
313 4202 382 4280 quid
402 4203 432 4262 in
455 4223 526 4262 casu
548 4203 584 4263 de
605 4203 760 4263 Almachio
783 4203 944 4262 dicendum.

656 4386 792 4454 Solutio.

147 4522 201 4588 10
224 4541 416 4598 0010600000
435 4524 473 4586 1¹¹¹
488 4522 527 4588 R.
546 4524 575 4589 1.
606 4522 676 4586 Lex
698 4520 871 4603 generalis
896 4541 960 4601 qua
984 4519 1138 4585 definitur
1161 4519 1236 4602 quid
1260 4518 1449 4603 0666101460

54 4614 87 4679 10
112 4611 346 4679 sacramentali
371 4612 575 4678 absolutione
598 4612 767 4693 regulares
790 4609 860 4674 6106
876 4610 1112 4693 approbatione
1131 4609 1283 4693 episcopi,
1309 4629 1385 4673 con-

988 4735 995 4767 1
