3044 5174
159 280 224 343 494
626 276 831 332 Sacramentum
851 277 1025 332 matrimonii.

158 458 331 539 parentum
368 453 467 520 etiam
503 454 778 538 proclamationes
810 455 981 521 faciendae
1012 459 1105 530 suntz
1142 455 1265 538 alioqui
1299 455 1329 521 si
1363 454 1491 521 Mariua

158 543 288 626 quidem
312 546 393 609 nata
416 548 468 609 ιιι
490 544 706 626 Aquisgrani,
737 550 891 627 parentes
915 565 993 609 vero
1024 545 1102 610 alibi
1132 544 1301 622 habitant,
1333 544 1397 622 ihi,
1429 565 1490 610 non

158 632 367 715 Aquisgrani,
391 632 667 715 proclamationes
690 635 772 699 liant
796 637 936 717 oportet.
984 634 1031 699 Cf.
1056 634 1212 700 Rosset
1234 635 1256 700 l.
1282 655 1310 700 c.
1335 655 1367 700 ιι.
1395 637 1489 700 1105.

247 739 286 806 R.
312 742 342 804 3.
390 739 424 805 Si
454 759 533 804 vero
563 746 719 822 parentes
750 739 896 806 defuncti
919 744 1012 817 sunt,
1044 745 1134 806 certe
1164 745 1242 806 sunt
1271 740 1329 806 alii
1352 741 1386 806 in
1412 761 1490 824 quos

157 833 298 913 paterna
311 831 460 912 potestas
475 828 623 895 transiit:
640 835 841 912 quapropter
856 830 888 894 in
906 849 1016 894 eorum
1030 830 1101 894 loco
1113 829 1267 895 domicilii
1279 834 1332 895 est
1344 830 1490 896 Marinae

159 917 356 984 domicilium
379 916 469 994 iuris,
493 917 547 982 ubi
572 918 846 1001 proclamationes
868 918 939 983 fieri
964 919 1115 985 debcant.

248 1024 287 1089 R.
308 1025 338 1089 4.
376 1023 483 1106 Magis
507 1023 649 1090 dubitari
673 1029 785 1107 potest
808 1046 885 1089 num
909 1024 1009 1090 etiam
1033 1024 1066 1089 in
1089 1024 1197 1109 priore
1222 1025 1398 1102 domicilio,
1422 1026 1444 1092 i.
1463 1047 1487 1092 e.

158 1113 192 1178 in
214 1112 370 1196 parochia
393 1113 627 1198 Dusseldorpii,
652 1113 706 1178 nbi
729 1114 858 1179 Mariua
881 1119 980 1181 antea
1003 1113 1191 1192 habitabat,
1215 1114 1488 1198 proclamationes

157 1204 229 1267 fieri
253 1202 403 1267 debeant.
451 1202 536 1267 Nam
560 1203 725 1284 generalis
747 1204 864 1285 regula
885 1203 1061 1281 statuitur,
1093 1224 1149 1268 eos
1180 1203 1235 1304 qui
1260 1227 1280 1269 o
1304 1205 1393 1270 hreni
1416 1213 1489 1269 iem·

80 1338 84 1347 -
153 1313 235 1377 pore
258 1291 453 1356 domicilium
478 1296 706 1369 mutaverunt,
739 1293 934 1375 proclamari
965 1292 1084 1358 debere
1113 1312 1179 1357 non
1208 1293 1241 1356 in
1271 1292 1343 1358 solo
1369 1299 1426 1359 act
1412 1293 1489 1359 tuali

160 1380 337 1458 domicilio,
361 1380 478 1445 ιιιιι
444 1380 543 1445 etiam
566 1381 598 1445 in
623 1381 731 1464 priore
754 1381 829 1463 (Ta
849 1404 889 1447 ιιι.
914 1382 956 1459 II,
982 1384 1076 1463 674);
1101 1382 1201 1446 breve
1225 1386 1337 1447 autem
1361 1387 1489 1484 tempus

159 1475 249 1536 certe
280 1475 332 1536 ιιι
361 1469 447 1553 quod
474 1491 538 1534 non
570 1470 707 1553 attingit
737 1470 879 1554 spatium
911 1474 930 1537 6
960 1471 1137 1547 mensium3
1168 1470 1267 1536 immo
1297 1492 1358 1555 pro
1390 1472 1489 1537 variis

158 1558 304 1624 locist
270 1562 304 1623 ιι
334 1563 471 1624 consuet
456 1559 622 1625 tudinibus
651 1564 781 1642 tempus
811 1560 909 1625 valde
939 1560 1167 1625 diversumst
1152 1560 1252 1626 ιιιιι
1254 1581 1293 1624 ιι
1323 1561 1413 1642 quod
1441 1582 1489 1626 re·

160 1652 253 1731 putet
256 1669 293 1712 ur
316 1669 376 1732 pro
400 1649 481 1713 adeo
497 1649 596 1731 longo
614 1652 649 1714 ut
664 1648 905 1732 proclamatio
896 1671 928 1713 ιιι
944 1649 1053 1733 priore
1070 1647 1231 1714 domicilio
1247 1648 1354 1732 possit
1369 1650 1486 1725 omitti,

159 1736 314 1803 videlicet
337 1741 466 1822 tempus
490 1760 546 1803 sen
566 1742 719 1803 mensium
738 1759 839 1820 usque
855 1739 897 1803 ad
913 1742 1052 1824 quinque
1068 1760 1180 1804 annos.
1212 1737 1355 1803 Dubium
1379 1743 1488 1804 autem

160 1825 300 1892 excitari
323 1830 435 1910 potest
465 1830 573 1891 utrum
598 1826 727 1892 Marino
757 1849 856 1909 quae,
887 1833 1002 1911 utpote
1032 1827 1065 1892 in
1096 1827 1221 1893 minore
1250 1831 1380 1902 aetate,
1415 1828 1489 1894 alibi

159 1915 258 1981 etiarn
290 1915 485 1980 domicilium
518 1915 598 1980 iuris
627 1916 815 1991 retinuerit,
847 1937 924 1981 vere
956 1916 1018 1982 dici
1048 1915 1152 2000 possit
1175 1915 1329 1981 habuisse
1352 1918 1489 1982 Dussel-

159 2004 264 2088 dorpii
287 2004 493 2070 domicilium.
534 2004 597 2070 Sed
616 2005 774 2070 affirmari
790 2005 887 2071 debet
903 2004 1047 2070 adfuisse
1062 2026 1126 2070 non
1144 2005 1341 2070 domicilium
1358 2006 1488 2088 quidem

159 2093 266 2159 stricti
282 2093 429 2169 nominis,
454 2094 512 2158 sed
528 2093 846 2175 quasi-domicilium.
878 2095 1050 2160 Sumamus
1067 2095 1166 2159 etiam
1183 2095 1345 2159 Maricam
1361 2115 1490 2178 semper

159 2182 384 2265 Dusseldorpii
413 2182 537 2248 vixisse
567 2183 716 2266 precario
745 2182 858 2261 modo,
889 2184 940 2248 ius
962 2183 1024 2248 sibi
1053 2183 1198 2249 retinens
1228 2183 1346 2266 quovis
1378 2205 1489 2249 mense

160 2270 333 2336 famulatui
363 2272 586 2337 renuntiandi:
618 2273 645 2336 si
676 2273 725 2338 ita
752 2272 868 2349 fuerit,
900 2272 933 2337 in
964 2272 1073 2354 rigore
1098 2271 1227 2353 quidem
1251 2293 1358 2355 neque
1381 2273 1489 2338 omnia

160 2360 343 2425 adfuissent
367 2381 451 2442 quae
474 2361 683 2442 requirantur
706 2361 747 2426 ad
773 2361 1089 2442 quasi-domicilium,
1114 2361 1148 2425 in
1171 2382 1234 2442 quo
1251 2361 1350 2427 debet
1374 2363 1490 2428 adesse

160 2449 287 2514 animus
311 2447 429 2513 alicubi
452 2449 603 2513 manendi
626 2471 686 2533 per
701 2450 857 2514 maiorem
874 2451 926 2515 vel
945 2451 1062 2516 saltem
1079 2471 1232 2531 magnam
1250 2449 1327 2516 anni
1343 2455 1489 2535 partem;

160 2539 218 2602 sed
242 2537 272 2601 in
299 2558 378 2602 casu
401 2537 597 2603 matrimonii
622 2543 758 2622 propter
788 2539 890 2603 solam
915 2538 1203 2605 commorationem
1229 2541 1248 2604 6
1272 2540 1434 2605 mensium
1458 2547 1490 2607 et

161 2628 248 2692 ultra
271 2627 495 2692 testimonium
518 2630 626 2692 status
649 2626 742 2691 liberi
767 2648 809 2691 ex
832 2649 870 2693 eo
889 2629 960 2694 loco
977 2628 1154 2710 requiritur
1177 2650 1215 2693 ac
1238 2627 1331 2712 proin
1355 2633 1491 2714 propter

160 2716 264 2780 solam
281 2715 515 2781 diuturniorem
532 2716 820 2783 commorationem
838 2719 963 2802 expedit
981 2717 1049 2782 fieri
1066 2717 1351 2800 proclamationes,
1369 2720 1489 2784 omissa

159 2804 370 2886 inquisitione
393 2805 433 2869 de
456 2805 564 2869 animo
588 2806 713 2871 tamdiu
737 2807 906 2884 menendi,
937 2807 1033 2888 idque
1064 2807 1138 2888 lege
1163 2807 1355 2891 particulari
1381 2814 1489 2890 potest

156 2895 337 2979 praescribi
349 2897 370 2959 ¹.

98 3043 151 3098 350
248 3017 301 3082 An
326 3039 517 3094 quaasmun
542 3022 580 3081 2¹²¹
604 3019 642 3084 h.
671 3024 698 3084 1.
747 3019 780 3084 si
804 3018 933 3084 Mariua
957 3019 1045 3084 ultra
1068 3040 1127 3084 sex
1151 3040 1280 3084 menses
1305 3019 1435 3102 degerit
1458 3020 1487 3084 in

161 3128 245 3173 novo
280 3107 442 3173 famulatu
478 3106 676 3184 Coloniensi,
713 3130 777 3173 non
811 3108 938 3189 indiget
972 3108 1230 3191 proclamatione
1264 3107 1488 3192 Dusseldorpii

160 3197 327 3274 facienda,
358 3197 419 3261 nisi
444 3195 487 3260 ibi
511 3196 708 3261 domicilium
731 3197 920 3274 retinuerit,
953 3197 1015 3262 ιιιι
972 3197 1186 3262 tindet
1151 3201 1186 3262 at
1188 3201 1276 3262 ttaes
1278 3197 1324 3262 tio
1356 3199 1488 3300 parochi

161 3287 200 3349 de
224 3290 313 3352 statu
278 3285 439 3350 tlibero
464 3287 572 3350 offerri
597 3286 703 3352 debet.
750 3286 836 3351 Nam
860 3308 903 3351 ex
926 3286 1145 3369 compluribus
1169 3286 1318 3351 Conciliis
1343 3288 1487 3370 provinc.

160 3375 285 3438 Romae
308 3375 498 3458 approbatis
523 3375 577 3450 (cf
608 3377 662 3440 Ti.
687 3398 727 3440 in.
753 3376 774 3440 l.
800 3375 842 3456 c.)
873 3375 1038 3440 haecsta
1002 3375 1103 3441 tatuit
1106 3397 1143 3439 ur
1173 3396 1303 3439 norma:
1341 3376 1471 3453 „'Pro
1452 3399 1488 3440 ιιι

161 3463 216 3544 qui
239 3463 421 3529 transitorii
444 3464 542 3528 officii
567 3464 619 3528 vel
643 3465 834 3541 studiorum,
860 3463 998 3529 famulat
984 3468 1037 3529 tus
1055 3485 1154 3529 causa
1177 3464 1210 3529 in
1226 3485 1290 3528 uno
1306 3463 1380 3529 loco
1407 3469 1488 3530 ultro

160 3575 216 3617 sea
239 3574 359 3617 menaea
383 3553 521 3633 degunt,
553 3554 820 3617 dorniciliurnt
775 3556 942 3618 retinentes
972 3556 1006 3617 ιιι
1039 3557 1153 3636 altero,
1184 3553 1218 3618 ιιι
1249 3557 1387 3636 utroque
1420 3556 1488 3620 loco

161 3642 440 3724 pr·oclamentur“:
466 3663 555 3724 ergo,
580 3641 633 3723 qui
658 3641 855 3706 domicilium
879 3663 942 3705 non
964 3643 1172 3708 retinuerunt
1195 3643 1227 3706 in
1252 3644 1356 3707 altero
1383 3645 1489 3727 priore

160 3732 248 3808 loco,
279 3751 344 3794 ιιοιι
375 3730 495 3795 debent
530 3731 563 3794 in
594 3735 733 3812 utroque
763 3731 835 3796 loco
859 3731 1070 3814 proclamari,
1107 3731 1164 3796 sed
1195 3731 1317 3797 sufficit
1347 3738 1385 3797 ut
1416 3756 1489 3817 pro·

161 3819 375 3885 clamentur
366 3842 398 3883 m
422 3820 494 3884 loco
519 3819 609 3885 habit
612 3820 732 3884 ationis
755 3820 904 3886 actualis.

249 3926 289 3992 R.
316 3929 345 3992 2.
392 3925 478 3990 Fieri
501 3947 581 3990 vero
607 3930 664 4010 pot
666 3931 717 3992 est
747 3926 936 3992 utMarina
967 3926 1164 3992 domicilium
1189 3926 1414 4011 Dusseldorpii
1440 3950 1490 3993 re·

161 4016 313 4093 tinuerit,
344 4014 372 4079 si
395 4015 471 4079 ibi
463 4036 527 4080 ram
552 4037 624 4080 cum
649 4017 769 4081 Ioanne
793 4016 991 4099 sponsalia
982 4016 1111 4083 inierat.
1087 4016 1224 4082 tFac
1248 4015 1350 4093 enim,
1382 4021 1420 4082 ιι
1447 4018 1489 4082 ibi

161 4127 234 4170 cum
257 4106 380 4170 Ioanne
404 4104 584 4170 famulante
609 4110 685 4171 cont
686 4106 811 4170 raxerit
797 4105 1004 4171 tfamiliarit
990 4110 1110 4182 tatem,
1141 4107 1198 4171 sed
1230 4126 1293 4189 quo
1321 4066 1490 4172 hbnestius

253 4289 261 4321 ¹
280 4289 307 4342 S.
327 4289 377 4342 Off.
398 4290 430 4342 ad
451 4289 605 4343 Orientales
624 4290 648 4342 d.
668 4290 701 4342 29
716 4291 785 4356 Aug.
802 4289 884 4344 1890:
908 4288 1124 4354 ,Publicationes
1143 4290 1283 4344 faciendae
1302 4292 1413 4344 suntin
1433 4290 1489 4343 loco

161 4361 289 4413 domicilii
309 4360 353 4412 vel
373 4362 601 4429 quasi-domicilii.
633 4361 752 4429 Expedit
770 4360 852 4414 etiam
872 4365 902 4413 ut
920 4361 988 4413 fiant
1006 4362 1033 4413 in
1047 4360 1106 4414 loco
1120 4362 1240 4429 originis.
1261 4362 1283 4414 si
1298 4363 1489 4415 contrahentes

161 4432 259 4484 ibidem
280 4434 376 4484 morat-i
396 4433 498 4485 fuerint
511 4437 572 4502 post
586 4434 711 4501 adeptam
724 4435 842 4485 aetatem
862 4433 895 4485 ad
909 4432 1110 4485 matrimonium
1125 4433 1337 4486 contrahendum
1352 4435 1489 4487 idoneam:

161 4508 244 4570 atque
264 4505 373 4572 insuper
392 4506 419 4556 in
437 4504 516 4564 locis.
545 4505 590 4557 ubi
616 4503 713 4556 saltem
740 4522 788 4571 per
808 4504 841 4557 10
861 4521 968 4556 menses
994 4503 1151 4557 commorati
1178 4505 1296 4565 fuerint,
1322 4505 1375 4557 nisi
1402 4507 1489 4558 iama

161 4574 284 4643 pluribus
312 4576 390 4627 annis
418 4574 582 4699 dgmicilium
612 4575 721 4627 fixerint
746 4575 773 4627 in
799 4574 857 4629 loco
884 4575 928 4627 ubi
956 4575 1156 4628 matrimonium
1183 4576 1398 4630 contrahendum
1419 4579 1485 4629 est*

163 4644 338 4714 Gasparri
358 4665 382 4698 u.
407 4648 462 4699 16.
