<?xml version="1.0" encoding="UTF-8"?>
<!DOCTYPE html PUBLIC "-//W3C//DTD XHTML 1.0 Transitional//EN"
    "http://www.w3.org/TR/xhtml1/DTD/xhtml1-transitional.dtd">
<html xmlns="http://www.w3.org/1999/xhtml" xml:lang="en" lang="en">
 <head>
  <title>
</title>
<meta http-equiv="Content-Type" content="text/html;charset=utf-8" />
  <meta name='ocr-system' content='tesseract 3.04.00' />
  <meta name='ocr-capabilities' content='ocr_page ocr_carea ocr_par ocr_line ocrx_word'/>
</head>
<body>
  <div class='ocr_page' id='page_1' title='image "./casusconscienti00lehmgoog_0527.png"; bbox 0 0 3044 5174; ppageno 0'>
   <div class='ocr_carea' id='block_1_1' title="bbox 193 278 1398 348">
    <p class='ocr_par' dir='ltr' id='par_1_1' title="bbox 193 278 1398 348">
     <span class='ocr_line' id='line_1_1' title="bbox 193 278 1398 348; baseline 0 -14"><span class='ocrx_word' id='word_1_1' title='bbox 193 279 398 334; x_wconf 73' lang='lat' dir='ltr'><strong>Matrimonium</strong></span> <span class='ocrx_word' id='word_1_2' title='bbox 417 279 516 333; x_wconf 86' lang='lat' dir='ltr'><strong>inlidet</strong></span> <span class='ocrx_word' id='word_1_3' title='bbox 534 278 650 334; x_wconf 82' lang='lat' dir='ltr'><strong>solubile</strong></span> <span class='ocrx_word' id='word_1_4' title='bbox 668 279 695 334; x_wconf 91' lang='lat' dir='ltr'><strong>iu</strong></span> <span class='ocrx_word' id='word_1_5' title='bbox 715 280 838 335; x_wconf 85' lang='lat' dir='ltr'><strong>favorem</strong></span> <span class='ocrx_word' id='word_1_6' title='bbox 856 280 928 334; x_wconf 87' lang='lat' dir='ltr'><strong>lidei.</strong></span> <span class='ocrx_word' id='word_1_7' title='bbox 947 309 981 317; x_wconf 91' lang='lat'>—</span> <span class='ocrx_word' id='word_1_8' title='bbox 1001 279 1095 334; x_wconf 86' lang='lat' dir='ltr'><strong>Privil.</strong></span> <span class='ocrx_word' id='word_1_9' title='bbox 1116 279 1268 334; x_wconf 86' lang='lat' dir='ltr'><strong>Paulinum.</strong></span> <span class='ocrx_word' id='word_1_10' title='bbox 1333 285 1398 348; x_wconf 88' lang='lat'><strong>513</strong></span> 
     </span>
    </p>
   </div>
   <div class='ocr_carea' id='block_1_2' title="bbox 76 454 1399 630">
    <p class='ocr_par' dir='ltr' id='par_1_2' title="bbox 76 454 1399 630">
     <span class='ocr_line' id='line_1_2' title="bbox 76 454 1399 539; baseline 0 -17"><span class='ocrx_word' id='word_1_11' title='bbox 76 455 221 522; x_wconf 73' lang='lat' dir='ltr'><strong>Ecclesia</strong></span> <span class='ocrx_word' id='word_1_12' title='bbox 243 455 435 539; x_wconf 81' lang='lat' dir='ltr'>permittere</span> <span class='ocrx_word' id='word_1_13' title='bbox 454 455 539 521; x_wconf 89' lang='lat' dir='ltr'><strong>solet</strong></span> <span class='ocrx_word' id='word_1_14' title='bbox 555 454 762 521; x_wconf 87' lang='lat' dir='ltr'><strong>nihilomiuus</strong></span> <span class='ocrx_word' id='word_1_15' title='bbox 777 477 897 520; x_wconf 92' lang='lat' dir='ltr'><strong>novum</strong></span> <span class='ocrx_word' id='word_1_16' title='bbox 913 456 1166 533; x_wconf 78' lang='lat' dir='ltr'><strong>matrimonium,</strong></span> <span class='ocrx_word' id='word_1_17' title='bbox 1191 477 1255 538; x_wconf 93' lang='lat' dir='ltr'><strong>quo</strong></span> <span class='ocrx_word' id='word_1_18' title='bbox 1271 456 1304 520; x_wconf 90' lang='lat' dir='ltr'><strong>in</strong></span> <span class='ocrx_word' id='word_1_19' title='bbox 1320 477 1399 522; x_wconf 88' lang='lat' dir='ltr'><strong>casu</strong></span> 
     </span>
     <span class='ocr_line' id='line_1_3' title="bbox 76 544 978 630; baseline 0.002 -20"><span class='ocrx_word' id='word_1_20' title='bbox 76 544 154 611; x_wconf 81' lang='lat' dir='ltr'><strong>solet</strong></span> <span class='ocrx_word' id='word_1_21' title='bbox 179 544 243 610; x_wconf 90' lang='lat' dir='ltr'><strong>dici</strong></span> <span class='ocrx_word' id='word_1_22' title='bbox 268 547 345 611; x_wconf 83' lang='lat' dir='ltr'><strong>dori</strong></span> <span class='ocrx_word' id='word_1_23' title='bbox 367 546 631 630; x_wconf 77' lang='lat' dir='ltr'><strong>dispensationem</strong></span> <span class='ocrx_word' id='word_1_24' title='bbox 657 546 696 610; x_wconf 83' lang='lat' dir='ltr'><strong>ab</strong></span> <span class='ocrx_word' id='word_1_25' title='bbox 720 548 978 630; x_wconf 72' lang='lat' dir='ltr'><strong>interpellatione.</strong></span> 
     </span>
    </p>
   </div>
   <div class='ocr_carea' id='block_1_3' title="bbox 76 650 1400 912">
    <p class='ocr_par' dir='ltr' id='par_1_3' title="bbox 76 650 1400 912">
     <span class='ocr_line' id='line_1_4' title="bbox 159 650 1398 736; baseline 0.002 -21"><span class='ocrx_word' id='word_1_26' title='bbox 159 651 199 716; x_wconf 91' lang='lat' dir='ltr'><strong>R.</strong></span> <span class='ocrx_word' id='word_1_27' title='bbox 226 653 256 717; x_wconf 85' lang='lat'><strong>5.</strong></span> <span class='ocrx_word' id='word_1_28' title='bbox 303 650 377 716; x_wconf 85' lang='lat' dir='ltr'><strong>Etsi</strong></span> <span class='ocrx_word' id='word_1_29' title='bbox 401 672 478 735; x_wconf 88' lang='lat' dir='ltr'><strong>pars</strong></span> <span class='ocrx_word' id='word_1_30' title='bbox 500 650 640 717; x_wconf 90' lang='lat' dir='ltr'><strong>infidelis</strong></span> <span class='ocrx_word' id='word_1_31' title='bbox 664 673 737 716; x_wconf 93' lang='lat' dir='ltr'><strong>cum</strong></span> <span class='ocrx_word' id='word_1_32' title='bbox 760 651 930 734; x_wconf 90' lang='lat' dir='ltr'><strong>baptizata</strong></span> <span class='ocrx_word' id='word_1_33' title='bbox 954 651 1008 716; x_wconf 93' lang='lat' dir='ltr'><strong>diu</strong></span> <span class='ocrx_word' id='word_1_34' title='bbox 1031 651 1164 736; x_wconf 90' lang='lat' dir='ltr'><strong>pacifice</strong></span> <span class='ocrx_word' id='word_1_35' title='bbox 1188 651 1398 729; x_wconf 75' lang='lat' dir='ltr'><strong>habitaverit,</strong></span> 
     </span>
     <span class='ocr_line' id='line_1_5' title="bbox 76 739 1400 912; baseline 0.002 -108"><span class='ocrx_word' id='word_1_36' title='bbox 76 740 126 896; x_wconf 45' lang='lat' dir='ltr'><strong>aaut?</strong></span> <span class='ocrx_word' id='word_1_37' title='bbox 142 743 274 912; x_wconf 44' lang='lat' dir='ltr'><strong>ppzsffltza</strong></span> <span class='ocrx_word' id='word_1_38' title='bbox 297 739 439 805; x_wconf 89' lang='lat' dir='ltr'><strong>animum</strong></span> <span class='ocrx_word' id='word_1_39' title='bbox 462 744 583 806; x_wconf 90' lang='lat' dir='ltr'><strong>mutet:</strong></span> <span class='ocrx_word' id='word_1_40' title='bbox 615 740 801 824; x_wconf 86' lang='lat' dir='ltr'><strong>baptizatus</strong></span> <span class='ocrx_word' id='word_1_41' title='bbox 831 739 931 806; x_wconf 88' lang='lat' dir='ltr'><strong>etiam</strong></span> <span class='ocrx_word' id='word_1_42' title='bbox 961 745 1032 807; x_wconf 89' lang='lat' dir='ltr'><strong>tum</strong></span> <span class='ocrx_word' id='word_1_43' title='bbox 1062 740 1235 825; x_wconf 86' lang='lat' dir='ltr'><strong>privilegio</strong></span> <span class='ocrx_word' id='word_1_44' title='bbox 1263 740 1400 807; x_wconf 88' lang='lat' dir='ltr'><strong>Paulino</strong></span> 
     </span>
    </p>
   </div>
   <div class='ocr_carea' id='block_1_4' title="bbox 76 934 1400 1287">
    <p class='ocr_par' dir='ltr' id='par_1_4' title="bbox 76 934 1400 1287">
     <span class='ocr_line' id='line_1_6' title="bbox 161 934 1399 1019; baseline 0 -20"><span class='ocrx_word' id='word_1_45' title='bbox 161 935 201 1002; x_wconf 85' lang='lat' dir='ltr'><strong>lt.</strong></span> <span class='ocrx_word' id='word_1_46' title='bbox 217 938 246 1001; x_wconf 89' lang='lat'><strong>6.</strong></span> <span class='ocrx_word' id='word_1_47' title='bbox 271 934 482 1018; x_wconf 89' lang='lat' dir='ltr'><strong>Privilegium</strong></span> <span class='ocrx_word' id='word_1_48' title='bbox 494 935 583 1011; x_wconf 94' lang='lat' dir='ltr'><strong>illud,</strong></span> <span class='ocrx_word' id='word_1_49' title='bbox 600 936 632 998; x_wconf 83' lang='lat' dir='ltr'><strong>vi</strong></span> <span class='ocrx_word' id='word_1_50' title='bbox 651 935 742 1001; x_wconf 89' lang='lat' dir='ltr'><strong>cuius</strong></span> <span class='ocrx_word' id='word_1_51' title='bbox 758 957 818 1019; x_wconf 92' lang='lat' dir='ltr'><strong>per</strong></span> <span class='ocrx_word' id='word_1_52' title='bbox 832 957 954 1001; x_wconf 88' lang='lat' dir='ltr'><strong>novum</strong></span> <span class='ocrx_word' id='word_1_53' title='bbox 969 935 1212 1002; x_wconf 78' lang='lat' dir='ltr'><strong>matrimonium</strong></span> <span class='ocrx_word' id='word_1_54' title='bbox 1225 936 1399 1000; x_wconf 90' lang='lat' dir='ltr'><strong>ineundum</strong></span> 
     </span>
     <span class='ocr_line' id='line_1_7' title="bbox 76 1023 1400 1108; baseline -0.001 -19"><span class='ocrx_word' id='word_1_55' title='bbox 76 1024 156 1089; x_wconf 81' lang='lat' dir='ltr'><strong>solvi</strong></span> <span class='ocrx_word' id='word_1_56' title='bbox 180 1027 292 1108; x_wconf 87' lang='lat' dir='ltr'><strong>potest</strong></span> <span class='ocrx_word' id='word_1_57' title='bbox 314 1023 404 1107; x_wconf 91' lang='lat' dir='ltr'><strong>prius</strong></span> <span class='ocrx_word' id='word_1_58' title='bbox 427 1023 560 1095; x_wconf 83' lang='lat' dir='ltr'><strong>initum,</strong></span> <span class='ocrx_word' id='word_1_59' title='bbox 592 1024 633 1089; x_wconf 92' lang='lat' dir='ltr'><strong>ad</strong></span> <span class='ocrx_word' id='word_1_60' title='bbox 657 1025 762 1090; x_wconf 90' lang='lat' dir='ltr'><strong>solum</strong></span> <span class='ocrx_word' id='word_1_61' title='bbox 786 1024 1028 1091; x_wconf 88' lang='lat' dir='ltr'><strong>matrimonium</strong></span> <span class='ocrx_word' id='word_1_62' title='bbox 1050 1025 1085 1090; x_wconf 93' lang='lat' dir='ltr'><strong>iu</strong></span> <span class='ocrx_word' id='word_1_63' title='bbox 1107 1025 1301 1091; x_wconf 88' lang='lat' dir='ltr'><strong>infidelitate</strong></span> <span class='ocrx_word' id='word_1_64' title='bbox 1323 1046 1400 1089; x_wconf 89' lang='lat' dir='ltr'><strong>oon-</strong></span> 
     </span>
     <span class='ocr_line' id='line_1_8' title="bbox 76 1112 1399 1198; baseline -0.002 -18"><span class='ocrx_word' id='word_1_65' title='bbox 76 1117 216 1180; x_wconf 87' lang='lat' dir='ltr'><strong>tractum</strong></span> <span class='ocrx_word' id='word_1_66' title='bbox 240 1117 385 1197; x_wconf 87' lang='lat' dir='ltr'><strong>spectat,</strong></span> <span class='ocrx_word' id='word_1_67' title='bbox 417 1133 482 1177; x_wconf 90' lang='lat' dir='ltr'><strong>non</strong></span> <span class='ocrx_word' id='word_1_68' title='bbox 513 1114 553 1179; x_wconf 94' lang='lat' dir='ltr'><strong>ad</strong></span> <span class='ocrx_word' id='word_1_69' title='bbox 584 1112 663 1178; x_wconf 92' lang='lat' dir='ltr'><strong>illud</strong></span> <span class='ocrx_word' id='word_1_70' title='bbox 694 1113 780 1195; x_wconf 90' lang='lat' dir='ltr'><strong>quod</strong></span> <span class='ocrx_word' id='word_1_71' title='bbox 810 1114 969 1189; x_wconf 87' lang='lat' dir='ltr'><strong>fortasse,</strong></span> <span class='ocrx_word' id='word_1_72' title='bbox 1001 1114 1149 1180; x_wconf 84' lang='lat' dir='ltr'><strong>Ecclesia</strong></span> <span class='ocrx_word' id='word_1_73' title='bbox 1179 1114 1399 1198; x_wconf 79' lang='lat' dir='ltr'><strong>dispensante,</strong></span> 
     </span>
     <span class='ocr_line' id='line_1_9' title="bbox 76 1201 1400 1287; baseline 0 -21"><span class='ocrx_word' id='word_1_74' title='bbox 76 1202 189 1268; x_wconf 89' lang='lat' dir='ltr'><strong>initum</strong></span> <span class='ocrx_word' id='word_1_75' title='bbox 219 1201 319 1268; x_wconf 88' lang='lat' dir='ltr'><strong>fuerit</strong></span> <span class='ocrx_word' id='word_1_76' title='bbox 341 1201 543 1286; x_wconf 85' lang='lat' dir='ltr'><strong>baptizatum</strong></span> <span class='ocrx_word' id='word_1_77' title='bbox 570 1202 657 1269; x_wconf 90' lang='lat' dir='ltr'><strong>inter</strong></span> <span class='ocrx_word' id='word_1_78' title='bbox 680 1206 715 1269; x_wconf 91' lang='lat' dir='ltr'><strong>et</strong></span> <span class='ocrx_word' id='word_1_79' title='bbox 736 1223 802 1267; x_wconf 92' lang='lat' dir='ltr'><strong>non</strong></span> <span class='ocrx_word' id='word_1_80' title='bbox 826 1203 1037 1286; x_wconf 89' lang='lat' dir='ltr'><strong>baptizatum.</strong></span> <span class='ocrx_word' id='word_1_81' title='bbox 1081 1203 1173 1280; x_wconf 93' lang='lat' dir='ltr'><strong>Quod</strong></span> <span class='ocrx_word' id='word_1_82' title='bbox 1196 1203 1304 1287; x_wconf 88' lang='lat' dir='ltr'><strong>quoad</strong></span> <span class='ocrx_word' id='word_1_83' title='bbox 1328 1203 1400 1268; x_wconf 85' lang='lat' dir='ltr'><strong>vin-</strong></span> 
     </span>
    </p>
   </div>
   <div class='ocr_carea' id='block_1_5' title="bbox 76 1291 1399 1446">
    <p class='ocr_par' dir='ltr' id='par_1_5' title="bbox 76 1291 1399 1446">
     <span class='ocr_line' id='line_1_10' title="bbox 76 1291 1399 1446; baseline 0.001 -91"><span class='ocrx_word' id='word_1_84' title='bbox 76 1291 283 1446; x_wconf 51' lang='lat' dir='ltr'><strong>fflufflssmffi</strong></span> <span class='ocrx_word' id='word_1_85' title='bbox 299 1291 439 1374; x_wconf 89' lang='lat' dir='ltr'><strong>amplius</strong></span> <span class='ocrx_word' id='word_1_86' title='bbox 454 1312 519 1356; x_wconf 91' lang='lat' dir='ltr'><strong>non</strong></span> <span class='ocrx_word' id='word_1_87' title='bbox 535 1295 655 1375; x_wconf 90' lang='lat' dir='ltr'><strong>potest,</strong></span> <span class='ocrx_word' id='word_1_88' title='bbox 673 1297 846 1375; x_wconf 87' lang='lat' dir='ltr'><strong>postquam</strong></span> <span class='ocrx_word' id='word_1_89' title='bbox 864 1298 1122 1359; x_wconf 88' lang='lat' dir='ltr'><strong>consummatum</strong></span> <span class='ocrx_word' id='word_1_90' title='bbox 1138 1293 1249 1359; x_wconf 89' lang='lat' dir='ltr'><strong>fuerit.</strong></span> <span class='ocrx_word' id='word_1_91' title='bbox 1285 1293 1341 1358; x_wconf 82' lang='lat' dir='ltr'><strong>Tb.</strong></span> <span class='ocrx_word' id='word_1_92' title='bbox 1359 1315 1399 1357; x_wconf 85' lang='lat' dir='ltr'><strong>m.</strong></span> 
     </span>
    </p>
   </div>
   <div class='ocr_carea' id='block_1_6' title="bbox 76 1503 1460 1766">
    <p class='ocr_par' dir='ltr' id='par_1_6' title="bbox 76 1503 1460 1766">
     <span class='ocr_line' id='line_1_11' title="bbox 163 1503 1460 1589; baseline -0.002 -21"><span class='ocrx_word' id='word_1_93' title='bbox 163 1505 218 1569; x_wconf 89' lang='lat' dir='ltr'><strong>Au</strong></span> <span class='ocrx_word' id='word_1_94' title='bbox 241 1523 433 1580; x_wconf 75' lang='lat' dir='ltr'><strong>ouansrrurr</strong></span> <span class='ocrx_word' id='word_1_95' title='bbox 452 1507 491 1568; x_wconf 91' lang='grc'><strong>2·</strong></span> <span class='ocrx_word' id='word_1_96' title='bbox 507 1503 545 1569; x_wconf 88' lang='lat' dir='ltr'><strong>R.</strong></span> <span class='ocrx_word' id='word_1_97' title='bbox 573 1508 601 1570; x_wconf 89' lang='lat' dir='ltr'><strong>l.</strong></span> <span class='ocrx_word' id='word_1_98' title='bbox 643 1504 846 1587; x_wconf 85' lang='lat' dir='ltr'><strong>Quamquam</strong></span> <span class='ocrx_word' id='word_1_99' title='bbox 869 1504 1076 1589; x_wconf 85' lang='lat' dir='ltr'><strong>privilegium</strong></span> <span class='ocrx_word' id='word_1_100' title='bbox 1099 1504 1179 1570; x_wconf 89' lang='lat' dir='ltr'><strong>illud</strong></span> <span class='ocrx_word' id='word_1_101' title='bbox 1201 1505 1278 1588; x_wconf 83' lang='lat' dir='ltr'><strong>fidei</strong></span> <span class='ocrx_word' id='word_1_102' title='bbox 1301 1504 1460 1588; x_wconf 64' lang='lat' dir='ltr'><strong>pavi-891</strong></span> 
     </span>
     <span class='ocr_line' id='line_1_12' title="bbox 76 1591 1400 1678; baseline 0.001 -21"><span class='ocrx_word' id='word_1_103' title='bbox 76 1593 196 1676; x_wconf 85' lang='lat' dir='ltr'><strong>legium</strong></span> <span class='ocrx_word' id='word_1_104' title='bbox 221 1591 355 1668; x_wconf 84' lang='lat' dir='ltr'><strong>dicitur,</strong></span> <span class='ocrx_word' id='word_1_105' title='bbox 387 1596 421 1658; x_wconf 91' lang='lat' dir='ltr'><strong>et</strong></span> <span class='ocrx_word' id='word_1_106' title='bbox 444 1614 503 1658; x_wconf 91' lang='lat' dir='ltr'><strong>suo</strong></span> <span class='ocrx_word' id='word_1_107' title='bbox 527 1593 623 1659; x_wconf 89' lang='lat' dir='ltr'><strong>modo</strong></span> <span class='ocrx_word' id='word_1_108' title='bbox 646 1597 736 1659; x_wconf 89' lang='lat' dir='ltr'><strong>recte</strong></span> <span class='ocrx_word' id='word_1_109' title='bbox 760 1593 894 1659; x_wconf 91' lang='lat' dir='ltr'><strong>dicitur:</strong></span> <span class='ocrx_word' id='word_1_110' title='bbox 925 1595 1037 1659; x_wconf 91' lang='lat' dir='ltr'><strong>tamen</strong></span> <span class='ocrx_word' id='word_1_111' title='bbox 1065 1595 1218 1678; x_wconf 78' lang='lat' dir='ltr'><strong>baptismo</strong></span> <span class='ocrx_word' id='word_1_112' title='bbox 1242 1592 1400 1659; x_wconf 88' lang='lat' dir='ltr'><strong>inhaeret.</strong></span> 
     </span>
     <span class='ocr_line' id='line_1_13' title="bbox 76 1680 1114 1766; baseline 0.001 -19"><span class='ocrx_word' id='word_1_113' title='bbox 76 1681 183 1758; x_wconf 86' lang='lat' dir='ltr'><strong>Quare</strong></span> <span class='ocrx_word' id='word_1_114' title='bbox 207 1680 459 1747; x_wconf 89' lang='lat' dir='ltr'><strong>catechumenus</strong></span> <span class='ocrx_word' id='word_1_115' title='bbox 482 1682 624 1747; x_wconf 90' lang='lat' dir='ltr'><strong>noudum</strong></span> <span class='ocrx_word' id='word_1_116' title='bbox 647 1683 834 1766; x_wconf 89' lang='lat' dir='ltr'><strong>baptizatus</strong></span> <span class='ocrx_word' id='word_1_117' title='bbox 857 1703 896 1747; x_wconf 92' lang='lat' dir='ltr'><strong>eo</strong></span> <span class='ocrx_word' id='word_1_118' title='bbox 920 1682 968 1748; x_wconf 92' lang='lat' dir='ltr'><strong>uti</strong></span> <span class='ocrx_word' id='word_1_119' title='bbox 992 1682 1114 1766; x_wconf 90' lang='lat' dir='ltr'><strong>nequit.</strong></span> 
     </span>
    </p>
   </div>
   <div class='ocr_carea' id='block_1_7' title="bbox 75 1785 1403 2318">
    <p class='ocr_par' dir='ltr' id='par_1_7' title="bbox 75 1785 1403 2318">
     <span class='ocr_line' id='line_1_14' title="bbox 164 1785 1403 1871; baseline 0.002 -21"><span class='ocrx_word' id='word_1_120' title='bbox 164 1785 205 1852; x_wconf 89' lang='lat' dir='ltr'><strong>R.</strong></span> <span class='ocrx_word' id='word_1_121' title='bbox 230 1787 260 1851; x_wconf 85' lang='lat'><strong>2.</strong></span> <span class='ocrx_word' id='word_1_122' title='bbox 307 1785 420 1862; x_wconf 90' lang='lat' dir='ltr'><strong>Immo,</strong></span> <span class='ocrx_word' id='word_1_123' title='bbox 444 1790 482 1853; x_wconf 93' lang='lat' dir='ltr'><strong>ut</strong></span> <span class='ocrx_word' id='word_1_124' title='bbox 505 1808 547 1852; x_wconf 87' lang='lat' dir='ltr'><strong>ex</strong></span> <span class='ocrx_word' id='word_1_125' title='bbox 569 1787 735 1853; x_wconf 89' lang='lat' dir='ltr'><strong>sententia</strong></span> <span class='ocrx_word' id='word_1_126' title='bbox 758 1789 789 1854; x_wconf 85' lang='lat' dir='ltr'><strong>S.</strong></span> <span class='ocrx_word' id='word_1_127' title='bbox 815 1787 908 1854; x_wconf 88' lang='lat' dir='ltr'><strong>Sedis</strong></span> <span class='ocrx_word' id='word_1_128' title='bbox 932 1808 1017 1853; x_wconf 89' lang='lat' dir='ltr'><strong>anno</strong></span> <span class='ocrx_word' id='word_1_129' title='bbox 1043 1789 1128 1853; x_wconf 85' lang='grc'>1876</span> <span class='ocrx_word' id='word_1_130' title='bbox 1158 1788 1228 1854; x_wconf 91' lang='lat' dir='ltr'><strong>lata</strong></span> <span class='ocrx_word' id='word_1_131' title='bbox 1258 1787 1403 1871; x_wconf 90' lang='lat' dir='ltr'><strong>practice</strong></span> 
     </span>
     <span class='ocr_line' id='line_1_15' title="bbox 76 1873 1403 1962; baseline 0.002 -23"><span class='ocrx_word' id='word_1_132' title='bbox 76 1873 258 1952; x_wconf 82' lang='lat' dir='ltr'><strong>deducitur,</strong></span> <span class='ocrx_word' id='word_1_133' title='bbox 282 1874 343 1940; x_wconf 91' lang='lat' dir='ltr'><strong>hoo</strong></span> <span class='ocrx_word' id='word_1_134' title='bbox 366 1875 572 1959; x_wconf 85' lang='lat' dir='ltr'><strong>privilegium</strong></span> <span class='ocrx_word' id='word_1_135' title='bbox 596 1877 758 1960; x_wconf 91' lang='lat' dir='ltr'><strong>baptismo</strong></span> <span class='ocrx_word' id='word_1_136' title='bbox 781 1877 830 1943; x_wconf 88' lang='lat' dir='ltr'><strong>ita</strong></span> <span class='ocrx_word' id='word_1_137' title='bbox 852 1876 1003 1942; x_wconf 86' lang='lat' dir='ltr'><strong>inhaeret</strong></span> <span class='ocrx_word' id='word_1_138' title='bbox 1025 1880 1061 1942; x_wconf 90' lang='lat' dir='ltr'><strong>ut</strong></span> <span class='ocrx_word' id='word_1_139' title='bbox 1085 1879 1265 1962; x_wconf 80' lang='lat' dir='ltr'><strong>baptizatus</strong></span> <span class='ocrx_word' id='word_1_140' title='bbox 1288 1879 1403 1941; x_wconf 88' lang='lat' dir='ltr'><strong>eontra</strong></span> 
     </span>
     <span class='ocr_line' id='line_1_16' title="bbox 75 1964 1402 2050; baseline -0.001 -21"><span class='ocrx_word' id='word_1_141' title='bbox 75 1964 239 2030; x_wconf 88' lang='lat' dir='ltr'><strong>infidelem</strong></span> <span class='ocrx_word' id='word_1_142' title='bbox 262 1985 320 2029; x_wconf 89' lang='lat' dir='ltr'><strong>seu</strong></span> <span class='ocrx_word' id='word_1_143' title='bbox 343 1985 408 2029; x_wconf 90' lang='lat' dir='ltr'><strong>non</strong></span> <span class='ocrx_word' id='word_1_144' title='bbox 432 1964 632 2048; x_wconf 90' lang='lat' dir='ltr'><strong>baptizatum</strong></span> <span class='ocrx_word' id='word_1_145' title='bbox 656 1966 792 2050; x_wconf 87' lang='lat' dir='ltr'><strong>pacifice</strong></span> <span class='ocrx_word' id='word_1_146' title='bbox 816 1966 1005 2033; x_wconf 85' lang='lat' dir='ltr'><strong>cohabitare</strong></span> <span class='ocrx_word' id='word_1_147' title='bbox 1034 1965 1199 2032; x_wconf 91' lang='lat' dir='ltr'><strong>nolentem</strong></span> <span class='ocrx_word' id='word_1_148' title='bbox 1223 1965 1277 2030; x_wconf 94' lang='lat' dir='ltr'><strong>illo</strong></span> <span class='ocrx_word' id='word_1_149' title='bbox 1302 1964 1402 2048; x_wconf 88' lang='lat' dir='ltr'><strong>privi-</strong></span> 
     </span>
     <span class='ocr_line' id='line_1_17' title="bbox 75 2053 1403 2137; baseline 0.002 -19"><span class='ocrx_word' id='word_1_150' title='bbox 75 2055 163 2137; x_wconf 86' lang='lat' dir='ltr'><strong>legio</strong></span> <span class='ocrx_word' id='word_1_151' title='bbox 187 2053 236 2119; x_wconf 91' lang='lat' dir='ltr'><strong>uti</strong></span> <span class='ocrx_word' id='word_1_152' title='bbox 259 2053 368 2119; x_wconf 87' lang='lat' dir='ltr'><strong>valide</strong></span> <span class='ocrx_word' id='word_1_153' title='bbox 391 2054 505 2137; x_wconf 86' lang='lat' dir='ltr'><strong>possit,</strong></span> <span class='ocrx_word' id='word_1_154' title='bbox 530 2053 659 2119; x_wconf 89' lang='lat' dir='ltr'><strong>etiamsi</strong></span> <span class='ocrx_word' id='word_1_155' title='bbox 682 2054 807 2137; x_wconf 90' lang='lat' dir='ltr'><strong>ipsein</strong></span> <span class='ocrx_word' id='word_1_156' title='bbox 831 2055 958 2120; x_wconf 87' lang='lat' dir='ltr'><strong>haeresi</strong></span> <span class='ocrx_word' id='word_1_157' title='bbox 978 2055 1032 2119; x_wconf 91' lang='lat' dir='ltr'><strong>vel</strong></span> <span class='ocrx_word' id='word_1_158' title='bbox 1054 2054 1222 2120; x_wconf 89' lang='lat' dir='ltr'><strong>haeretica</strong></span> <span class='ocrx_word' id='word_1_159' title='bbox 1244 2057 1337 2119; x_wconf 85' lang='lat' dir='ltr'><strong>secta</strong></span> <span class='ocrx_word' id='word_1_160' title='bbox 1360 2053 1403 2120; x_wconf 88' lang='lat' dir='ltr'><strong>sit</strong></span> 
     </span>
     <span class='ocr_line' id='line_1_18' title="bbox 76 2142 1401 2228; baseline -0.002 -20"><span class='ocrx_word' id='word_1_161' title='bbox 76 2143 274 2227; x_wconf 86' lang='lat' dir='ltr'><strong>implicatus.</strong></span> <span class='ocrx_word' id='word_1_162' title='bbox 306 2142 354 2208; x_wconf 83' lang='lat' dir='ltr'><strong>Cf.</strong></span> <span class='ocrx_word' id='word_1_163' title='bbox 372 2142 576 2225; x_wconf 84' lang='lat' dir='ltr'><strong>Konirrgs,</strong></span> <span class='ocrx_word' id='word_1_164' title='bbox 607 2143 709 2211; x_wconf 78' lang='lat' dir='ltr'><strong>lheol.</strong></span> <span class='ocrx_word' id='word_1_165' title='bbox 725 2167 814 2225; x_wconf 81' lang='lat' dir='ltr'><strong>mor,</strong></span> <span class='ocrx_word' id='word_1_166' title='bbox 840 2147 870 2209; x_wconf 85' lang='lat'><strong>5.</strong></span> <span class='ocrx_word' id='word_1_167' title='bbox 888 2145 938 2210; x_wconf 91' lang='lat' dir='ltr'><strong>ed.</strong></span> <span class='ocrx_word' id='word_1_168' title='bbox 956 2142 1082 2225; x_wconf 89' lang='grc'>(1882),</span> <span class='ocrx_word' id='word_1_169' title='bbox 1103 2143 1144 2222; x_wconf 91' lang='grc' dir='ltr'><strong>Π,</strong></span> <span class='ocrx_word' id='word_1_170' title='bbox 1162 2164 1237 2228; x_wconf 88' lang='lat' dir='ltr'><strong>pag.</strong></span> <span class='ocrx_word' id='word_1_171' title='bbox 1255 2145 1320 2208; x_wconf 82' lang='lat'><strong>394</strong></span> <span class='ocrx_word' id='word_1_172' title='bbox 1337 2142 1401 2224; x_wconf 81' lang='lat' dir='ltr'><strong>(d);</strong></span> 
     </span>
     <span class='ocr_line' id='line_1_19' title="bbox 77 2232 1132 2318; baseline 0.001 -20"><span class='ocrx_word' id='word_1_173' title='bbox 77 2233 131 2298; x_wconf 85' lang='lat' dir='ltr'><strong>lib.</strong></span> <span class='ocrx_word' id='word_1_174' title='bbox 157 2234 279 2318; x_wconf 83' lang='lat' dir='ltr'><strong>period.</strong></span> <span class='ocrx_word' id='word_1_175' title='bbox 304 2233 445 2317; x_wconf 81' lang='lat' dir='ltr'><strong>Mopunt.</strong></span> <span class='ocrx_word' id='word_1_176' title='bbox 472 2233 561 2312; x_wconf 85' lang='lat' dir='ltr'><strong>,Der</strong></span> <span class='ocrx_word' id='word_1_177' title='bbox 584 2232 756 2298; x_wconf 56' lang='lat' dir='ltr'><strong>Kaliour</strong></span> <span class='ocrx_word' id='word_1_178' title='bbox 784 2233 861 2298; x_wconf 92' lang='lat' dir='ltr'><strong>anni</strong></span> <span class='ocrx_word' id='word_1_179' title='bbox 887 2235 982 2312; x_wconf 87' lang='grc'>1883,</span> <span class='ocrx_word' id='word_1_180' title='bbox 1007 2234 1032 2311; x_wconf 89' lang='grc' dir='ltr'><strong>Ι,</strong></span> <span class='ocrx_word' id='word_1_181' title='bbox 1057 2236 1132 2299; x_wconf 88' lang='grc'>280.</span> 
     </span>
    </p>
   </div>
   <div class='ocr_carea' id='block_1_8' title="bbox 77 2356 1465 2706">
    <p class='ocr_par' dir='ltr' id='par_1_8' title="bbox 77 2356 1465 2706">
     <span class='ocr_line' id='line_1_20' title="bbox 168 2356 1465 2441; baseline -0.002 -20"><span class='ocrx_word' id='word_1_182' title='bbox 168 2358 221 2421; x_wconf 87' lang='lat' dir='ltr'><strong>Ao</strong></span> <span class='ocrx_word' id='word_1_183' title='bbox 245 2375 436 2432; x_wconf 74' lang='lat' dir='ltr'><strong>qurnsrrurr</strong></span> <span class='ocrx_word' id='word_1_184' title='bbox 460 2358 499 2420; x_wconf 73' lang='lat'><strong>3¹⁰</strong></span> <span class='ocrx_word' id='word_1_185' title='bbox 522 2356 561 2420; x_wconf 87' lang='lat' dir='ltr'><strong>R.</strong></span> <span class='ocrx_word' id='word_1_186' title='bbox 590 2360 616 2421; x_wconf 91' lang='lat'><strong>1.</strong></span> <span class='ocrx_word' id='word_1_187' title='bbox 665 2356 796 2423; x_wconf 80' lang='lat' dir='ltr'><strong>Getulis</strong></span> <span class='ocrx_word' id='word_1_188' title='bbox 825 2361 939 2441; x_wconf 91' lang='lat' dir='ltr'><strong>aperte</strong></span> <span class='ocrx_word' id='word_1_189' title='bbox 969 2356 1114 2423; x_wconf 85' lang='lat' dir='ltr'><strong>ostendit</strong></span> <span class='ocrx_word' id='word_1_190' title='bbox 1142 2377 1178 2422; x_wconf 91' lang='lat' dir='ltr'><strong>se</strong></span> <span class='ocrx_word' id='word_1_191' title='bbox 1209 2377 1280 2421; x_wconf 90' lang='lat' dir='ltr'><strong>cum</strong></span> <span class='ocrx_word' id='word_1_192' title='bbox 1305 2357 1404 2423; x_wconf 92' lang='lat' dir='ltr'><strong>Petro</strong></span> <span class='ocrx_word' id='word_1_193' title='bbox 1413 2365 1465 2419; x_wconf 80' lang='lat'><strong>892</strong></span> 
     </span>
     <span class='ocr_line' id='line_1_21' title="bbox 77 2444 1404 2530; baseline -0.002 -18"><span class='ocrx_word' id='word_1_194' title='bbox 77 2445 246 2530; x_wconf 86' lang='lat' dir='ltr'><strong>baptizato</strong></span> <span class='ocrx_word' id='word_1_195' title='bbox 277 2444 416 2528; x_wconf 89' lang='lat' dir='ltr'><strong>amplius</strong></span> <span class='ocrx_word' id='word_1_196' title='bbox 446 2445 636 2511; x_wconf 88' lang='lat' dir='ltr'><strong>cohabitare</strong></span> <span class='ocrx_word' id='word_1_197' title='bbox 668 2467 732 2510; x_wconf 89' lang='lat' dir='ltr'><strong>non</strong></span> <span class='ocrx_word' id='word_1_198' title='bbox 762 2446 857 2514; x_wconf 92' lang='lat' dir='ltr'><strong>velle.</strong></span> <span class='ocrx_word' id='word_1_199' title='bbox 911 2446 1017 2524; x_wconf 81' lang='lat' dir='ltr'><strong>Quare</strong></span> <span class='ocrx_word' id='word_1_200' title='bbox 1047 2445 1146 2512; x_wconf 90' lang='lat' dir='ltr'><strong>Petro</strong></span> <span class='ocrx_word' id='word_1_201' title='bbox 1179 2444 1321 2510; x_wconf 86' lang='lat' dir='ltr'><strong>facultas</strong></span> <span class='ocrx_word' id='word_1_202' title='bbox 1353 2449 1404 2510; x_wconf 89' lang='lat' dir='ltr'><strong>ost</strong></span> 
     </span>
     <span class='ocr_line' id='line_1_22' title="bbox 78 2533 1404 2618; baseline -0.003 -17"><span class='ocrx_word' id='word_1_203' title='bbox 78 2534 212 2601; x_wconf 90' lang='lat' dir='ltr'><strong>ineundi</strong></span> <span class='ocrx_word' id='word_1_204' title='bbox 235 2533 323 2600; x_wconf 86' lang='lat' dir='ltr'><strong>aliud</strong></span> <span class='ocrx_word' id='word_1_205' title='bbox 347 2533 589 2599; x_wconf 81' lang='lat' dir='ltr'><strong>matrimonium</strong></span> <span class='ocrx_word' id='word_1_206' title='bbox 613 2555 685 2599; x_wconf 93' lang='lat' dir='ltr'><strong>cum</strong></span> <span class='ocrx_word' id='word_1_207' title='bbox 709 2555 849 2618; x_wconf 89' lang='lat' dir='ltr'><strong>persona</strong></span> <span class='ocrx_word' id='word_1_208' title='bbox 871 2536 982 2602; x_wconf 92' lang='lat' dir='ltr'><strong>habili.</strong></span> <span class='ocrx_word' id='word_1_209' title='bbox 1020 2536 1137 2618; x_wconf 86' lang='lat' dir='ltr'><strong>Neque</strong></span> <span class='ocrx_word' id='word_1_210' title='bbox 1152 2536 1214 2600; x_wconf 93' lang='lat' dir='ltr'><strong>hoc</strong></span> <span class='ocrx_word' id='word_1_211' title='bbox 1231 2535 1282 2599; x_wconf 91' lang='lat' dir='ltr'><strong>ius</strong></span> <span class='ocrx_word' id='word_1_212' title='bbox 1298 2534 1404 2616; x_wconf 90' lang='lat' dir='ltr'><strong>quoad</strong></span> 
     </span>
     <span class='ocr_line' id='line_1_23' title="bbox 78 2623 1404 2706; baseline 0.002 -18"><span class='ocrx_word' id='word_1_213' title='bbox 78 2625 227 2691; x_wconf 86' lang='lat' dir='ltr'><strong>valorem</strong></span> <span class='ocrx_word' id='word_1_214' title='bbox 258 2627 351 2688; x_wconf 90' lang='lat' dir='ltr'><strong>actus</strong></span> <span class='ocrx_word' id='word_1_215' title='bbox 381 2623 506 2689; x_wconf 91' lang='lat' dir='ltr'><strong>amittit</strong></span> <span class='ocrx_word' id='word_1_216' title='bbox 535 2644 594 2706; x_wconf 92' lang='lat' dir='ltr'><strong>per</strong></span> <span class='ocrx_word' id='word_1_217' title='bbox 622 2623 683 2689; x_wconf 92' lang='lat' dir='ltr'><strong>hoo</strong></span> <span class='ocrx_word' id='word_1_218' title='bbox 713 2624 799 2706; x_wconf 89' lang='lat' dir='ltr'><strong>quod</strong></span> <span class='ocrx_word' id='word_1_219' title='bbox 822 2646 858 2691; x_wconf 91' lang='lat' dir='ltr'><strong>se</strong></span> <span class='ocrx_word' id='word_1_220' title='bbox 886 2625 1088 2693; x_wconf 89' lang='lat' dir='ltr'><strong>acatholicae</strong></span> <span class='ocrx_word' id='word_1_221' title='bbox 1111 2629 1222 2690; x_wconf 88' lang='lat' dir='ltr'><strong>sectae</strong></span> <span class='ocrx_word' id='word_1_222' title='bbox 1245 2623 1404 2706; x_wconf 83' lang='lat' dir='ltr'><strong>adiungit.</strong></span> 
     </span>
    </p>
   </div>
   <div class='ocr_carea' id='block_1_9' title="bbox 78 2728 1405 3081">
    <p class='ocr_par' dir='ltr' id='par_1_9' title="bbox 78 2728 1405 3081">
     <span class='ocr_line' id='line_1_24' title="bbox 170 2728 1405 2814; baseline 0.001 -21"><span class='ocrx_word' id='word_1_223' title='bbox 170 2729 208 2795; x_wconf 88' lang='lat' dir='ltr'><strong>R.</strong></span> <span class='ocrx_word' id='word_1_224' title='bbox 234 2731 265 2794; x_wconf 88' lang='lat'><strong>2.</strong></span> <span class='ocrx_word' id='word_1_225' title='bbox 311 2728 345 2795; x_wconf 86' lang='lat' dir='ltr'><strong>Si</strong></span> <span class='ocrx_word' id='word_1_226' title='bbox 368 2731 499 2794; x_wconf 90' lang='lat' dir='ltr'><strong>constat</strong></span> <span class='ocrx_word' id='word_1_227' title='bbox 521 2732 656 2806; x_wconf 89' lang='lat' dir='ltr'><strong>sectam,</strong></span> <span class='ocrx_word' id='word_1_228' title='bbox 681 2729 733 2795; x_wconf 88' lang='lat' dir='ltr'><strong>eui</strong></span> <span class='ocrx_word' id='word_1_229' title='bbox 748 2730 846 2796; x_wconf 90' lang='lat' dir='ltr'><strong>Anna</strong></span> <span class='ocrx_word' id='word_1_230' title='bbox 861 2752 897 2797; x_wconf 91' lang='lat' dir='ltr'><strong>se</strong></span> <span class='ocrx_word' id='word_1_231' title='bbox 913 2732 1073 2805; x_wconf 83' lang='lat' dir='ltr'><strong>adiunxit,</strong></span> <span class='ocrx_word' id='word_1_232' title='bbox 1097 2732 1160 2797; x_wconf 91' lang='lat' dir='ltr'><strong>rite</strong></span> <span class='ocrx_word' id='word_1_233' title='bbox 1176 2731 1282 2796; x_wconf 88' lang='lat' dir='ltr'><strong>solere</strong></span> <span class='ocrx_word' id='word_1_234' title='bbox 1298 2731 1405 2814; x_wconf 89' lang='lat' dir='ltr'><strong>bapti·</strong></span> 
     </span>
     <span class='ocr_line' id='line_1_25' title="bbox 78 2817 1404 2903; baseline -0.002 -17"><span class='ocrx_word' id='word_1_235' title='bbox 78 2840 172 2895; x_wconf 85' lang='lat' dir='ltr'><strong>zare,</strong></span> <span class='ocrx_word' id='word_1_236' title='bbox 205 2838 264 2903; x_wconf 91' lang='lat' dir='ltr'><strong>per</strong></span> <span class='ocrx_word' id='word_1_237' title='bbox 296 2817 493 2901; x_wconf 87' lang='lat' dir='ltr'><strong>baptismum</strong></span> <span class='ocrx_word' id='word_1_238' title='bbox 518 2822 705 2902; x_wconf 90' lang='lat' dir='ltr'><strong>susceptum</strong></span> <span class='ocrx_word' id='word_1_239' title='bbox 730 2820 827 2885; x_wconf 88' lang='lat' dir='ltr'><strong>Anna</strong></span> <span class='ocrx_word' id='word_1_240' title='bbox 850 2821 1023 2902; x_wconf 89' lang='lat' dir='ltr'><strong>acquisivit</strong></span> <span class='ocrx_word' id='word_1_241' title='bbox 1052 2821 1102 2885; x_wconf 90' lang='lat' dir='ltr'><strong>ius</strong></span> <span class='ocrx_word' id='word_1_242' title='bbox 1135 2820 1243 2886; x_wconf 87' lang='lat' dir='ltr'><strong>valide</strong></span> <span class='ocrx_word' id='word_1_243' title='bbox 1275 2820 1404 2884; x_wconf 89' lang='lat' dir='ltr'><strong>ineundi</strong></span> 
     </span>
     <span class='ocr_line' id='line_1_26' title="bbox 78 2906 1405 2994; baseline -0.002 -20"><span class='ocrx_word' id='word_1_244' title='bbox 78 2929 201 2974; x_wconf 91' lang='lat' dir='ltr'><strong>novum</strong></span> <span class='ocrx_word' id='word_1_245' title='bbox 225 2906 465 2972; x_wconf 88' lang='lat' dir='ltr'><strong>matrimonium</strong></span> <span class='ocrx_word' id='word_1_246' title='bbox 490 2928 563 2972; x_wconf 91' lang='lat' dir='ltr'><strong>cum</strong></span> <span class='ocrx_word' id='word_1_247' title='bbox 586 2907 657 2972; x_wconf 92' lang='lat' dir='ltr'><strong>viro</strong></span> <span class='ocrx_word' id='word_1_248' title='bbox 681 2909 857 2992; x_wconf 87' lang='lat' dir='ltr'><strong>baptizato,</strong></span> <span class='ocrx_word' id='word_1_249' title='bbox 882 2913 1054 2993; x_wconf 88' lang='lat' dir='ltr'><strong>postquam</strong></span> <span class='ocrx_word' id='word_1_250' title='bbox 1077 2910 1167 2994; x_wconf 89' lang='lat' dir='ltr'><strong>prior</strong></span> <span class='ocrx_word' id='word_1_251' title='bbox 1190 2909 1258 2974; x_wconf 90' lang='lat' dir='ltr'><strong>eius</strong></span> <span class='ocrx_word' id='word_1_252' title='bbox 1282 2909 1333 2972; x_wconf 89' lang='lat' dir='ltr'><strong>vir</strong></span> <span class='ocrx_word' id='word_1_253' title='bbox 1356 2908 1405 2972; x_wconf 93' lang='lat' dir='ltr'><strong>in·</strong></span> 
     </span>
     <span class='ocr_line' id='line_1_27' title="bbox 78 2995 914 3081; baseline 0.001 -18"><span class='ocrx_word' id='word_1_254' title='bbox 78 2998 185 3064; x_wconf 86' lang='lat' dir='ltr'><strong>tidelis</strong></span> <span class='ocrx_word' id='word_1_255' title='bbox 208 3015 266 3061; x_wconf 87' lang='lat' dir='ltr'><strong>seu</strong></span> <span class='ocrx_word' id='word_1_256' title='bbox 289 3017 353 3061; x_wconf 92' lang='lat' dir='ltr'><strong>non</strong></span> <span class='ocrx_word' id='word_1_257' title='bbox 377 2995 564 3080; x_wconf 85' lang='lat' dir='ltr'><strong>baptizatus</strong></span> <span class='ocrx_word' id='word_1_258' title='bbox 587 3017 659 3062; x_wconf 89' lang='lat' dir='ltr'><strong>eem</strong></span> <span class='ocrx_word' id='word_1_259' title='bbox 683 2998 914 3081; x_wconf 88' lang='lat' dir='ltr'><strong>repudiaverit.</strong></span> 
     </span>
    </p>
   </div>
   <div class='ocr_carea' id='block_1_10' title="bbox 77 3100 1416 4170">
    <p class='ocr_par' dir='ltr' id='par_1_10' title="bbox 77 3100 1416 4170">
     <span class='ocr_line' id='line_1_28' title="bbox 170 3100 1404 3187; baseline 0 -20"><span class='ocrx_word' id='word_1_260' title='bbox 170 3102 209 3167; x_wconf 90' lang='lat' dir='ltr'><strong>R.</strong></span> <span class='ocrx_word' id='word_1_261' title='bbox 235 3104 264 3168; x_wconf 84' lang='lat'><strong>3.</strong></span> <span class='ocrx_word' id='word_1_262' title='bbox 311 3100 418 3177; x_wconf 89' lang='lat' dir='ltr'><strong>Quare</strong></span> <span class='ocrx_word' id='word_1_263' title='bbox 449 3101 568 3168; x_wconf 90' lang='lat' dir='ltr'><strong>Petrus</strong></span> <span class='ocrx_word' id='word_1_264' title='bbox 603 3107 637 3168; x_wconf 94' lang='lat' dir='ltr'><strong>et</strong></span> <span class='ocrx_word' id='word_1_265' title='bbox 668 3102 765 3168; x_wconf 89' lang='lat' dir='ltr'><strong>Anna</strong></span> <span class='ocrx_word' id='word_1_266' title='bbox 797 3103 959 3187; x_wconf 85' lang='lat' dir='ltr'><strong>prioribus</strong></span> <span class='ocrx_word' id='word_1_267' title='bbox 993 3104 1061 3168; x_wconf 90' lang='lat' dir='ltr'><strong>suis</strong></span> <span class='ocrx_word' id='word_1_268' title='bbox 1093 3102 1308 3168; x_wconf 89' lang='lat' dir='ltr'><strong>matrimoniis</strong></span> <span class='ocrx_word' id='word_1_269' title='bbox 1340 3123 1404 3167; x_wconf 91' lang='lat' dir='ltr'><strong>non</strong></span> 
     </span>
     <span class='ocr_line' id='line_1_29' title="bbox 77 3190 1404 3277; baseline 0.001 -20"><span class='ocrx_word' id='word_1_270' title='bbox 77 3190 342 3277; x_wconf 89' lang='lat' dir='ltr'><strong>impediebantur</strong></span> <span class='ocrx_word' id='word_1_271' title='bbox 373 3191 449 3272; x_wconf 91' lang='lat' dir='ltr'><strong>quin</strong></span> <span class='ocrx_word' id='word_1_272' title='bbox 482 3190 568 3257; x_wconf 89' lang='lat' dir='ltr'><strong>inter</strong></span> <span class='ocrx_word' id='word_1_273' title='bbox 600 3213 636 3256; x_wconf 92' lang='lat' dir='ltr'><strong>se</strong></span> <span class='ocrx_word' id='word_1_274' title='bbox 669 3197 781 3257; x_wconf 93' lang='lat' dir='ltr'><strong>mutuo</strong></span> <span class='ocrx_word' id='word_1_275' title='bbox 813 3213 886 3257; x_wconf 90' lang='lat' dir='ltr'><strong>sese</strong></span> <span class='ocrx_word' id='word_1_276' title='bbox 918 3192 1124 3259; x_wconf 89' lang='lat' dir='ltr'><strong>matrimonio</strong></span> <span class='ocrx_word' id='word_1_277' title='bbox 1160 3191 1404 3274; x_wconf 84' lang='lat' dir='ltr'><strong>coniungerent,</strong></span> 
     </span>
     <span class='ocr_line' id='line_1_30' title="bbox 79 3279 1405 3362; baseline -0.001 -15"><span class='ocrx_word' id='word_1_278' title='bbox 79 3300 259 3362; x_wconf 90' lang='lat' dir='ltr'><strong>eorumque</strong></span> <span class='ocrx_word' id='word_1_279' title='bbox 282 3279 522 3345; x_wconf 88' lang='lat' dir='ltr'><strong>matrimonium</strong></span> <span class='ocrx_word' id='word_1_280' title='bbox 554 3281 600 3346; x_wconf 92' lang='lat' dir='ltr'><strong>sic</strong></span> <span class='ocrx_word' id='word_1_281' title='bbox 630 3280 744 3346; x_wconf 90' lang='lat' dir='ltr'><strong>initum</strong></span> <span class='ocrx_word' id='word_1_282' title='bbox 769 3282 914 3347; x_wconf 91' lang='lat' dir='ltr'><strong>validum</strong></span> <span class='ocrx_word' id='word_1_283' title='bbox 945 3286 1011 3357; x_wconf 89' lang='lat' dir='ltr'><strong>est,</strong></span> <span class='ocrx_word' id='word_1_284' title='bbox 1042 3281 1070 3346; x_wconf 91' lang='lat' dir='ltr'><strong>si</strong></span> <span class='ocrx_word' id='word_1_285' title='bbox 1100 3280 1188 3346; x_wconf 90' lang='lat' dir='ltr'><strong>aliud</strong></span> <span class='ocrx_word' id='word_1_286' title='bbox 1215 3302 1280 3346; x_wconf 91' lang='lat' dir='ltr'><strong>non</strong></span> <span class='ocrx_word' id='word_1_287' title='bbox 1303 3281 1405 3346; x_wconf 89' lang='lat' dir='ltr'><strong>inter·</strong></span> 
     </span>
     <span class='ocr_line' id='line_1_31' title="bbox 79 3367 1403 3454; baseline -0.001 -18"><span class='ocrx_word' id='word_1_288' title='bbox 79 3369 220 3436; x_wconf 90' lang='lat' dir='ltr'><strong>cesserit</strong></span> <span class='ocrx_word' id='word_1_289' title='bbox 242 3367 498 3434; x_wconf 88' lang='lat' dir='ltr'><strong>ecclesiasticum</strong></span> <span class='ocrx_word' id='word_1_290' title='bbox 528 3369 810 3453; x_wconf 87' lang='lat' dir='ltr'><strong>impedimentum,</strong></span> <span class='ocrx_word' id='word_1_291' title='bbox 844 3370 1002 3454; x_wconf 91' lang='lat' dir='ltr'><strong>imprimis</strong></span> <span class='ocrx_word' id='word_1_292' title='bbox 1033 3370 1297 3437; x_wconf 89' lang='lat' dir='ltr'><strong>clandestinitas:</strong></span> <span class='ocrx_word' id='word_1_293' title='bbox 1329 3392 1403 3437; x_wconf 90' lang='lat' dir='ltr'><strong>nam</strong></span> 
     </span>
     <span class='ocr_line' id='line_1_32' title="bbox 79 3457 1405 3544; baseline -0.002 -18"><span class='ocrx_word' id='word_1_294' title='bbox 79 3460 120 3526; x_wconf 91' lang='lat' dir='ltr'><strong>de</strong></span> <span class='ocrx_word' id='word_1_295' title='bbox 145 3457 219 3524; x_wconf 83' lang='lat' dir='ltr'><strong>aliis</strong></span> <span class='ocrx_word' id='word_1_296' title='bbox 247 3457 487 3541; x_wconf 87' lang='lat' dir='ltr'><strong>impedimentis</strong></span> <span class='ocrx_word' id='word_1_297' title='bbox 512 3459 736 3525; x_wconf 89' lang='lat' dir='ltr'><strong>dirimentibus</strong></span> <span class='ocrx_word' id='word_1_298' title='bbox 759 3460 816 3526; x_wconf 84' lang='lat' dir='ltr'><strong>vix</strong></span> <span class='ocrx_word' id='word_1_299' title='bbox 845 3459 1005 3544; x_wconf 88' lang='lat' dir='ltr'><strong>suspicari</strong></span> <span class='ocrx_word' id='word_1_300' title='bbox 1034 3480 1215 3543; x_wconf 88' lang='lat' dir='ltr'><strong>possumus.</strong></span> <span class='ocrx_word' id='word_1_301' title='bbox 1262 3460 1297 3524; x_wconf 88' lang='lat' dir='ltr'><strong>Si</strong></span> <span class='ocrx_word' id='word_1_302' title='bbox 1327 3481 1405 3542; x_wconf 85' lang='lat' dir='ltr'><strong>ergo</strong></span> 
     </span>
     <span class='ocr_line' id='line_1_33' title="bbox 77 3546 1405 3633; baseline -0.001 -19"><span class='ocrx_word' id='word_1_303' title='bbox 77 3549 112 3615; x_wconf 92' lang='lat' dir='ltr'><strong>in</strong></span> <span class='ocrx_word' id='word_1_304' title='bbox 135 3547 196 3612; x_wconf 89' lang='lat' dir='ltr'><strong>illa</strong></span> <span class='ocrx_word' id='word_1_305' title='bbox 217 3546 351 3629; x_wconf 81' lang='lat' dir='ltr'><strong>regione</strong></span> <span class='ocrx_word' id='word_1_306' title='bbox 375 3547 430 3611; x_wconf 87' lang='lat' dir='ltr'><strong>lex</strong></span> <span class='ocrx_word' id='word_1_307' title='bbox 453 3547 729 3615; x_wconf 90' lang='lat' dir='ltr'><strong>clandestinitatis</strong></span> <span class='ocrx_word' id='word_1_308' title='bbox 758 3571 822 3614; x_wconf 92' lang='lat' dir='ltr'><strong>nou</strong></span> <span class='ocrx_word' id='word_1_309' title='bbox 848 3553 960 3632; x_wconf 88' lang='lat' dir='ltr'><strong>urget,</strong></span> <span class='ocrx_word' id='word_1_310' title='bbox 995 3553 1053 3615; x_wconf 87' lang='lat' dir='ltr'><strong>aut</strong></span> <span class='ocrx_word' id='word_1_311' title='bbox 1082 3549 1200 3616; x_wconf 88' lang='lat' dir='ltr'><strong>saltem</strong></span> <span class='ocrx_word' id='word_1_312' title='bbox 1230 3569 1290 3633; x_wconf 87' lang='lat' dir='ltr'><strong>pro</strong></span> <span class='ocrx_word' id='word_1_313' title='bbox 1320 3549 1405 3614; x_wconf 92' lang='lat' dir='ltr'><strong>chri-</strong></span> 
     </span>
     <span class='ocr_line' id='line_1_34' title="bbox 77 3634 1416 3719; baseline -0.001 -15"><span class='ocrx_word' id='word_1_314' title='bbox 77 3636 197 3704; x_wconf 91' lang='lat' dir='ltr'><strong>stianis</strong></span> <span class='ocrx_word' id='word_1_315' title='bbox 227 3634 418 3702; x_wconf 91' lang='lat' dir='ltr'><strong>acatholicis</strong></span> <span class='ocrx_word' id='word_1_316' title='bbox 447 3657 512 3702; x_wconf 92' lang='lat' dir='ltr'><strong>uon</strong></span> <span class='ocrx_word' id='word_1_317' title='bbox 536 3637 642 3719; x_wconf 85' lang='lat' dir='ltr'><strong>viget:</strong></span> <span class='ocrx_word' id='word_1_318' title='bbox 674 3638 916 3704; x_wconf 88' lang='lat' dir='ltr'><strong>matrimonium</strong></span> <span class='ocrx_word' id='word_1_319' title='bbox 945 3637 1034 3705; x_wconf 91' lang='lat' dir='ltr'><strong>inter</strong></span> <span class='ocrx_word' id='word_1_320' title='bbox 1056 3639 1188 3704; x_wconf 91' lang='lat' dir='ltr'><strong>Petrum</strong></span> <span class='ocrx_word' id='word_1_321' title='bbox 1219 3641 1253 3703; x_wconf 90' lang='lat' dir='ltr'><strong>et</strong></span> <span class='ocrx_word' id='word_1_322' title='bbox 1276 3638 1416 3703; x_wconf 77' lang='lat' dir='ltr'><strong>Annam·</strong></span> 
     </span>
     <span class='ocr_line' id='line_1_35' title="bbox 78 3725 1405 3810; baseline -0.001 -18"><span class='ocrx_word' id='word_1_323' title='bbox 78 3726 227 3794; x_wconf 86' lang='lat' dir='ltr'><strong>validum</strong></span> <span class='ocrx_word' id='word_1_324' title='bbox 257 3725 452 3791; x_wconf 90' lang='lat' dir='ltr'><strong>censendum</strong></span> <span class='ocrx_word' id='word_1_325' title='bbox 483 3729 543 3792; x_wconf 89' lang='lat' dir='ltr'><strong>est.</strong></span> <span class='ocrx_word' id='word_1_326' title='bbox 591 3726 706 3808; x_wconf 90' lang='lat' dir='ltr'><strong>Neque</strong></span> <span class='ocrx_word' id='word_1_327' title='bbox 736 3728 937 3810; x_wconf 89' lang='lat' dir='ltr'><strong>subsequens</strong></span> <span class='ocrx_word' id='word_1_328' title='bbox 968 3728 1117 3794; x_wconf 80' lang='lat' dir='ltr'><strong>Getuliae</strong></span> <span class='ocrx_word' id='word_1_329' title='bbox 1148 3728 1198 3792; x_wconf 92' lang='lat' dir='ltr'><strong>vel</strong></span> <span class='ocrx_word' id='word_1_330' title='bbox 1230 3727 1334 3792; x_wconf 83' lang='lat' dir='ltr'><strong>Flavii</strong></span> <span class='ocrx_word' id='word_1_331' title='bbox 1364 3727 1405 3792; x_wconf 87' lang='lat' dir='ltr'><strong>ad</strong></span> 
     </span>
     <span class='ocr_line' id='line_1_36' title="bbox 78 3814 1405 3900; baseline -0.002 -18"><span class='ocrx_word' id='word_1_332' title='bbox 78 3818 179 3882; x_wconf 89' lang='lat' dir='ltr'><strong>fidem</strong></span> <span class='ocrx_word' id='word_1_333' title='bbox 201 3814 370 3881; x_wconf 80' lang='lat' dir='ltr'><strong>conversio</strong></span> <span class='ocrx_word' id='word_1_334' title='bbox 394 3814 557 3879; x_wconf 91' lang='lat' dir='ltr'><strong>vinculum</strong></span> <span class='ocrx_word' id='word_1_335' title='bbox 581 3816 820 3882; x_wconf 89' lang='lat' dir='ltr'><strong>matrimoniale</strong></span> <span class='ocrx_word' id='word_1_336' title='bbox 843 3817 943 3883; x_wconf 91' lang='lat' dir='ltr'><strong>semel</strong></span> <span class='ocrx_word' id='word_1_337' title='bbox 969 3821 1174 3883; x_wconf 91' lang='lat' dir='ltr'><strong>contractum</strong></span> <span class='ocrx_word' id='word_1_338' title='bbox 1203 3820 1314 3900; x_wconf 88' lang='lat' dir='ltr'><strong>potest</strong></span> <span class='ocrx_word' id='word_1_339' title='bbox 1340 3816 1405 3882; x_wconf 91' lang='lat' dir='ltr'><strong>sol-</strong></span> 
     </span>
     <span class='ocr_line' id='line_1_37' title="bbox 79 3904 1406 3989; baseline -0.002 -18"><span class='ocrx_word' id='word_1_340' title='bbox 79 3926 176 3974; x_wconf 85' lang='lat' dir='ltr'><strong>vere:</strong></span> <span class='ocrx_word' id='word_1_341' title='bbox 200 3905 259 3970; x_wconf 89' lang='lat' dir='ltr'><strong>sed</strong></span> <span class='ocrx_word' id='word_1_342' title='bbox 276 3904 349 3988; x_wconf 90' lang='lat' dir='ltr'><strong>ipsi,</strong></span> <span class='ocrx_word' id='word_1_343' title='bbox 373 3924 437 3970; x_wconf 90' lang='lat' dir='ltr'><strong>non</strong></span> <span class='ocrx_word' id='word_1_344' title='bbox 453 3904 557 3969; x_wconf 92' lang='lat' dir='ltr'><strong>solum</strong></span> <span class='ocrx_word' id='word_1_345' title='bbox 573 3910 649 3988; x_wconf 90' lang='lat' dir='ltr'><strong>post</strong></span> <span class='ocrx_word' id='word_1_346' title='bbox 665 3926 758 3971; x_wconf 90' lang='lat' dir='ltr'><strong>suum</strong></span> <span class='ocrx_word' id='word_1_347' title='bbox 775 3907 981 3989; x_wconf 90' lang='lat' dir='ltr'><strong>baptismum,</strong></span> <span class='ocrx_word' id='word_1_348' title='bbox 1006 3907 1064 3971; x_wconf 91' lang='lat' dir='ltr'><strong>sed</strong></span> <span class='ocrx_word' id='word_1_349' title='bbox 1080 3911 1155 3989; x_wconf 92' lang='lat' dir='ltr'><strong>post</strong></span> <span class='ocrx_word' id='word_1_350' title='bbox 1171 3905 1275 3988; x_wconf 92' lang='lat' dir='ltr'><strong>ipsum</strong></span> <span class='ocrx_word' id='word_1_351' title='bbox 1291 3905 1406 3970; x_wconf 89' lang='lat' dir='ltr'><strong>matri-</strong></span> 
     </span>
     <span class='ocr_line' id='line_1_38' title="bbox 78 3993 1406 4070; baseline -0.002 -9"><span class='ocrx_word' id='word_1_352' title='bbox 78 3993 224 4062; x_wconf 91' lang='lat' dir='ltr'><strong>monium</strong></span> <span class='ocrx_word' id='word_1_353' title='bbox 248 3994 337 4060; x_wconf 92' lang='lat' dir='ltr'><strong>Petri</strong></span> <span class='ocrx_word' id='word_1_354' title='bbox 361 3998 395 4059; x_wconf 94' lang='lat' dir='ltr'><strong>et</strong></span> <span class='ocrx_word' id='word_1_355' title='bbox 419 3994 550 4070; x_wconf 86' lang='lat' dir='ltr'><strong>Annae,</strong></span> <span class='ocrx_word' id='word_1_356' title='bbox 581 3993 675 4059; x_wconf 91' lang='lat' dir='ltr'><strong>liberi</strong></span> <span class='ocrx_word' id='word_1_357' title='bbox 705 3999 782 4062; x_wconf 91' lang='lat' dir='ltr'><strong>sunt</strong></span> <span class='ocrx_word' id='word_1_358' title='bbox 811 3996 853 4061; x_wconf 91' lang='lat' dir='ltr'><strong>ad</strong></span> <span class='ocrx_word' id='word_1_359' title='bbox 881 4017 967 4061; x_wconf 87' lang='lat' dir='ltr'><strong>nova</strong></span> <span class='ocrx_word' id='word_1_360' title='bbox 991 3995 1199 4061; x_wconf 87' lang='lat' dir='ltr'><strong>matrimonia</strong></span> <span class='ocrx_word' id='word_1_361' title='bbox 1222 4015 1293 4059; x_wconf 91' lang='lat' dir='ltr'><strong>cum</strong></span> <span class='ocrx_word' id='word_1_362' title='bbox 1318 4015 1406 4059; x_wconf 92' lang='lat' dir='ltr'><strong>com·</strong></span> 
     </span>
     <span class='ocr_line' id='line_1_39' title="bbox 79 4082 475 4170; baseline -0.01 -19"><span class='ocrx_word' id='word_1_363' title='bbox 79 4088 179 4170; x_wconf 89' lang='lat' dir='ltr'><strong>parte</strong></span> <span class='ocrx_word' id='word_1_364' title='bbox 202 4083 302 4149; x_wconf 90' lang='lat' dir='ltr'><strong>habili</strong></span> <span class='ocrx_word' id='word_1_365' title='bbox 324 4082 475 4148; x_wconf 89' lang='lat' dir='ltr'><strong>ineunda.</strong></span> 
     </span>
    </p>
   </div>
   <div class='ocr_carea' id='block_1_11' title="bbox 78 4188 1407 4794">
    <p class='ocr_par' dir='ltr' id='par_1_11' title="bbox 78 4188 1407 4794">
     <span class='ocr_line' id='line_1_40' title="bbox 170 4188 1407 4273; baseline -0.001 -19"><span class='ocrx_word' id='word_1_366' title='bbox 170 4189 209 4257; x_wconf 83' lang='lat' dir='ltr'><strong>lt.</strong></span> <span class='ocrx_word' id='word_1_367' title='bbox 233 4194 265 4254; x_wconf 81' lang='lat'><strong>4.</strong></span> <span class='ocrx_word' id='word_1_368' title='bbox 311 4188 420 4256; x_wconf 85' lang='lat' dir='ltr'><strong>Aliter</strong></span> <span class='ocrx_word' id='word_1_369' title='bbox 448 4190 545 4273; x_wconf 90' lang='lat' dir='ltr'><strong>plane</strong></span> <span class='ocrx_word' id='word_1_370' title='bbox 576 4189 745 4255; x_wconf 89' lang='lat' dir='ltr'><strong>dicendum</strong></span> <span class='ocrx_word' id='word_1_371' title='bbox 777 4190 856 4265; x_wconf 89' lang='lat' dir='ltr'><strong>erit,</strong></span> <span class='ocrx_word' id='word_1_372' title='bbox 892 4189 918 4253; x_wconf 89' lang='lat' dir='ltr'><strong>si</strong></span> <span class='ocrx_word' id='word_1_373' title='bbox 951 4210 993 4254; x_wconf 86' lang='lat' dir='ltr'><strong>ex</strong></span> <span class='ocrx_word' id='word_1_374' title='bbox 1023 4189 1133 4272; x_wconf 89' lang='lat' dir='ltr'><strong>aliqua</strong></span> <span class='ocrx_word' id='word_1_375' title='bbox 1163 4209 1263 4254; x_wconf 88' lang='lat' dir='ltr'><strong>causa</strong></span> <span class='ocrx_word' id='word_1_376' title='bbox 1292 4190 1407 4255; x_wconf 91' lang='lat' dir='ltr'><strong>matri·</strong></span> 
     </span>
     <span class='ocr_line' id='line_1_41' title="bbox 80 4277 1405 4345; baseline -0.002 0"><span class='ocrx_word' id='word_1_377' title='bbox 80 4279 224 4345; x_wconf 91' lang='lat' dir='ltr'><strong>monium</strong></span> <span class='ocrx_word' id='word_1_378' title='bbox 247 4277 334 4345; x_wconf 88' lang='lat' dir='ltr'><strong>iuter</strong></span> <span class='ocrx_word' id='word_1_379' title='bbox 356 4278 490 4344; x_wconf 90' lang='lat' dir='ltr'><strong>Petrum</strong></span> <span class='ocrx_word' id='word_1_380' title='bbox 515 4283 549 4343; x_wconf 92' lang='lat' dir='ltr'><strong>et</strong></span> <span class='ocrx_word' id='word_1_381' title='bbox 572 4279 700 4345; x_wconf 84' lang='lat' dir='ltr'><strong>Annam</strong></span> <span class='ocrx_word' id='word_1_382' title='bbox 724 4279 824 4345; x_wconf 87' lang='lat' dir='ltr'><strong>fuerit</strong></span> <span class='ocrx_word' id='word_1_383' title='bbox 848 4278 1035 4344; x_wconf 86' lang='lat' dir='ltr'><strong>invalidum.</strong></span> <span class='ocrx_word' id='word_1_384' title='bbox 1076 4277 1163 4342; x_wconf 88' lang='lat' dir='ltr'><strong>Nam</strong></span> <span class='ocrx_word' id='word_1_385' title='bbox 1186 4277 1218 4341; x_wconf 92' lang='lat' dir='ltr'><strong>iu</strong></span> <span class='ocrx_word' id='word_1_386' title='bbox 1243 4277 1304 4343; x_wconf 91' lang='lat' dir='ltr'><strong>hoc</strong></span> <span class='ocrx_word' id='word_1_387' title='bbox 1329 4299 1405 4343; x_wconf 90' lang='lat' dir='ltr'><strong>casu</strong></span> 
     </span>
     <span class='ocr_line' id='line_1_42' title="bbox 78 4366 1407 4454; baseline -0.002 -19"><span class='ocrx_word' id='word_1_388' title='bbox 78 4370 192 4454; x_wconf 89' lang='lat' dir='ltr'><strong>priora</strong></span> <span class='ocrx_word' id='word_1_389' title='bbox 215 4367 422 4434; x_wconf 88' lang='lat' dir='ltr'><strong>matrimonia</strong></span> <span class='ocrx_word' id='word_1_390' title='bbox 453 4368 484 4433; x_wconf 92' lang='lat' dir='ltr'><strong>in</strong></span> <span class='ocrx_word' id='word_1_391' title='bbox 516 4368 710 4435; x_wconf 87' lang='lat' dir='ltr'><strong>infidelitate</strong></span> <span class='ocrx_word' id='word_1_392' title='bbox 741 4371 928 4441; x_wconf 87' lang='lat' dir='ltr'><strong>contracta,</strong></span> <span class='ocrx_word' id='word_1_393' title='bbox 959 4367 1084 4432; x_wconf 90' lang='lat' dir='ltr'><strong>scilicet</strong></span> <span class='ocrx_word' id='word_1_394' title='bbox 1106 4366 1193 4431; x_wconf 89' lang='lat' dir='ltr'><strong>inter</strong></span> <span class='ocrx_word' id='word_1_395' title='bbox 1216 4366 1348 4432; x_wconf 90' lang='lat' dir='ltr'><strong>Petrum</strong></span> <span class='ocrx_word' id='word_1_396' title='bbox 1373 4372 1407 4434; x_wconf 90' lang='lat' dir='ltr'><strong>et</strong></span> 
     </span>
     <span class='ocr_line' id='line_1_43' title="bbox 80 4454 1406 4540; baseline -0.002 -15"><span class='ocrx_word' id='word_1_397' title='bbox 80 4458 245 4525; x_wconf 81' lang='lat' dir='ltr'><strong>Getuliam</strong></span> <span class='ocrx_word' id='word_1_398' title='bbox 277 4461 376 4540; x_wconf 91' lang='lat' dir='ltr'><strong>atque</strong></span> <span class='ocrx_word' id='word_1_399' title='bbox 405 4457 493 4522; x_wconf 89' lang='lat' dir='ltr'><strong>inter</strong></span> <span class='ocrx_word' id='word_1_400' title='bbox 516 4459 645 4522; x_wconf 90' lang='lat' dir='ltr'><strong>Annam</strong></span> <span class='ocrx_word' id='word_1_401' title='bbox 677 4462 711 4523; x_wconf 92' lang='lat' dir='ltr'><strong>et</strong></span> <span class='ocrx_word' id='word_1_402' title='bbox 738 4456 903 4522; x_wconf 85' lang='lat' dir='ltr'><strong>Flavium.</strong></span> <span class='ocrx_word' id='word_1_403' title='bbox 935 4456 1040 4521; x_wconf 91' lang='lat' dir='ltr'><strong>adhuc</strong></span> <span class='ocrx_word' id='word_1_404' title='bbox 1071 4454 1270 4532; x_wconf 73' lang='lat' dir='ltr'><strong>subsistunt,</strong></span> <span class='ocrx_word' id='word_1_405' title='bbox 1301 4477 1406 4539; x_wconf 91' lang='lat' dir='ltr'><strong>neque</strong></span> 
     </span>
     <span class='ocr_line' id='line_1_44' title="bbox 79 4545 1406 4632; baseline -0.002 -19"><span class='ocrx_word' id='word_1_406' title='bbox 79 4550 157 4632; x_wconf 89' lang='lat' dir='ltr'><strong>post</strong></span> <span class='ocrx_word' id='word_1_407' title='bbox 184 4546 283 4611; x_wconf 88' lang='lat' dir='ltr'><strong>fidem</strong></span> <span class='ocrx_word' id='word_1_408' title='bbox 313 4547 354 4612; x_wconf 91' lang='lat' dir='ltr'><strong>ab</strong></span> <span class='ocrx_word' id='word_1_409' title='bbox 384 4546 532 4610; x_wconf 87' lang='lat' dir='ltr'><strong>omnibus</strong></span> <span class='ocrx_word' id='word_1_410' title='bbox 562 4552 748 4630; x_wconf 88' lang='lat' dir='ltr'><strong>susceptam</strong></span> <span class='ocrx_word' id='word_1_411' title='bbox 773 4546 912 4629; x_wconf 89' lang='lat' dir='ltr'><strong>amplius</strong></span> <span class='ocrx_word' id='word_1_412' title='bbox 942 4545 1027 4610; x_wconf 89' lang='lat' dir='ltr'><strong>solvi</strong></span> <span class='ocrx_word' id='word_1_413' title='bbox 1050 4547 1202 4627; x_wconf 82' lang='lat' dir='ltr'><strong>possunt,</strong></span> <span class='ocrx_word' id='word_1_414' title='bbox 1234 4545 1296 4610; x_wconf 89' lang='lat' dir='ltr'><strong>nisi</strong></span> <span class='ocrx_word' id='word_1_415' title='bbox 1319 4546 1406 4613; x_wconf 86' lang='lat' dir='ltr'><strong>forte</strong></span> 
     </span>
     <span class='ocr_line' id='line_1_45' title="bbox 79 4633 1407 4720; baseline -0.003 -17"><span class='ocrx_word' id='word_1_416' title='bbox 79 4657 122 4703; x_wconf 84' lang='lat' dir='ltr'><strong>ex</strong></span> <span class='ocrx_word' id='word_1_417' title='bbox 145 4635 241 4720; x_wconf 82' lang='lat' dir='ltr'><strong>gravi</strong></span> <span class='ocrx_word' id='word_1_418' title='bbox 265 4655 364 4701; x_wconf 90' lang='lat' dir='ltr'><strong>causa</strong></span> <span class='ocrx_word' id='word_1_419' title='bbox 388 4656 446 4719; x_wconf 92' lang='lat' dir='ltr'><strong>per</strong></span> <span class='ocrx_word' id='word_1_420' title='bbox 473 4639 672 4719; x_wconf 89' lang='lat' dir='ltr'><strong>potestatem</strong></span> <span class='ocrx_word' id='word_1_421' title='bbox 697 4636 788 4702; x_wconf 82' lang='lat' dir='ltr'><strong>ltom.</strong></span> <span class='ocrx_word' id='word_1_422' title='bbox 814 4633 975 4718; x_wconf 90' lang='lat' dir='ltr'><strong>pontificis</strong></span> <span class='ocrx_word' id='word_1_423' title='bbox 1006 4638 1172 4715; x_wconf 87' lang='lat' dir='ltr'><strong>tamquam</strong></span> <span class='ocrx_word' id='word_1_424' title='bbox 1198 4635 1407 4701; x_wconf 88' lang='lat' dir='ltr'><strong>matrimonia</strong></span> 
     </span>
     <span class='ocr_line' id='line_1_46' title="bbox 131 4736 1199 4794; baseline 0.001 -5"><span class='ocrx_word' id='word_1_425' title='bbox 131 4745 307 4794; x_wconf 56' lang='lat' dir='ltr'><strong>lichinum,</strong></span> <span class='ocrx_word' id='word_1_426' title='bbox 321 4745 394 4788; x_wconf 74' lang='lat' dir='ltr'><strong>Orsus</strong></span> <span class='ocrx_word' id='word_1_427' title='bbox 408 4746 567 4788; x_wconf 78' lang='lat' dir='ltr'><strong>conscientiae.</strong></span> <span class='ocrx_word' id='word_1_428' title='bbox 588 4746 616 4787; x_wconf 87' lang='lat'><strong>11.</strong></span> <span class='ocrx_word' id='word_1_429' title='bbox 1166 4736 1199 4790; x_wconf 87' lang='grc'><strong>33</strong></span> 
     </span>
    </p>
   </div>
   <div class='ocr_carea' id='block_1_12' title="bbox 0 0 1531 5174">
    <p class='ocr_par' dir='ltr' id='par_1_12' title="bbox 0 0 1531 5174">
     <span class='ocr_line' id='line_1_47' title="bbox 0 0 1531 5174; baseline 0 0"><span class='ocrx_word' id='word_1_430' title='bbox 0 0 1531 5174; x_wconf 95' lang='lat' dir='ltr'><strong> </strong></span> 
     </span>
    </p>
   </div>
  </div>
 </body>
</html>
