3044 5174
151 292 214 357 166
603 286 808 344 Sacramentum
827 289 1020 359 paenitentiae.

147 464 268 531 afferri.
316 465 350 530 si
372 463 504 531 inscitia
527 485 636 530 rerum
666 465 809 531 maxime
839 465 1113 542 necessariarum,
1144 464 1225 531 haec
1256 463 1477 531 instructione

148 553 328 621 auferenda
351 558 420 631 est,
451 557 627 637 antequam
660 554 700 619 de
724 555 957 621 sacramentali
979 553 1184 621 absolutione
1207 575 1314 620 sermo
1338 553 1391 620 sit.
1440 554 1475 620 Si

146 643 334 710 inveterata
356 642 514 727 peccandi
537 644 748 721 consuetudo,
772 665 804 710 v.
828 665 860 726 g.
884 643 1025 721 luxuria,
1049 644 1083 708 in
1107 646 1299 720 causaest,
1323 641 1476 724 graviter

147 731 354 797 exstimulari
378 732 475 798 debet
498 732 706 810 conscientia,
730 736 768 798 ut
790 732 918 798 demum
942 732 1057 798 horror
1078 731 1207 817 peccati
1227 736 1262 798 et
1284 734 1379 797 firma
1402 753 1474 796 mu·

146 821 270 890 tandae
300 821 334 886 in
364 820 480 886 melius
503 820 594 887 vitae
617 821 770 888 voluntas
794 822 958 906 capiatur,
992 825 1026 886 et
1049 820 1141 888 facta
1162 820 1384 887 conscientiae
1408 821 1475 886 dis·

148 910 314 988 cussionc,
348 930 407 993 pro
430 909 630 993 paenitentis
660 909 887 994 dispositione,
919 911 1081 977 absolutio
1105 909 1159 976 vel
1182 909 1290 975 danda
1312 910 1367 975 vel
1392 931 1474 976 uon-

52 1013 56 1016 ·
146 1000 226 1064 nihil
251 999 429 1064 differenda
452 1004 512 1066 est.
544 1035 588 1043 -
617 999 651 1064 Si
676 999 823 1066 defectus
852 999 1022 1082 graviores
1051 1019 1191 1065 revera
1220 998 1385 1065 commissi
1409 1020 1474 1063 non

146 1088 224 1167 sint,
248 1088 468 1155 confessarius
492 1092 581 1170 agat,
606 1092 643 1154 ut
666 1087 699 1152 in
722 1088 931 1172 praecedenti
954 1109 1034 1153 casu
1049 1088 1126 1165 dixi,
1150 1087 1264 1153 statim
1287 1108 1475 1172 proponens

146 1182 272 1244 certam
296 1177 467 1242 materiam
492 1177 609 1261 prioris
633 1177 740 1255 vitae,
771 1178 899 1244 nonde
929 1198 994 1259 qua
1023 1177 1225 1255 sciscitetur,
1256 1177 1313 1242 sed
1344 1176 1385 1242 de
1409 1197 1475 1259 qua

145 1288 220 1332 oum
243 1265 432 1350 paenitente
456 1266 599 1332 dolorem
625 1270 659 1332 et
681 1265 884 1350 propositum
917 1266 1036 1333 eliciat.
1084 1265 1131 1332 of.
1161 1267 1216 1332 rt.
1241 1288 1283 1331 m.
1306 1264 1356 1343 Il,
1389 1267 1473 1342 267;

146 1356 319 1433 Reuter,
343 1355 557 1438 Neo-confess.
582 1376 614 1421 n.
641 1356 716 1422 117.

84 1486 137 1541 286
235 1471 274 1538 R.
294 1474 330 1541 2.
377 1469 570 1552 Ceteroquin
593 1469 761 1535 reducitur
783 1470 933 1553 quaestio
957 1473 1071 1536 nostra
1101 1468 1143 1534 ad
1165 1469 1396 1535 sufficientiam
1420 1470 1475 1535 rel

146 1559 411 1626 insufficientiam
441 1559 660 1625 accusationis
690 1559 785 1643 plene
816 1559 997 1641 genericae.
1044 1559 1147 1636 Quam
1171 1559 1386 1625 communiter
1410 1579 1476 1623 non

145 1647 308 1727 sufficere,
332 1648 360 1713 si
384 1647 471 1714 adsit
494 1648 634 1713 materia
657 1647 870 1714 confessionis
893 1647 1097 1727 necessaria,
1121 1647 1191 1713 sive
1215 1646 1322 1729 quoad
1346 1647 1477 1713 liceita·

144 1743 213 1805 tem
237 1738 307 1804 sive
330 1740 568 1819 consequenter
592 1737 699 1819 quoad
722 1738 879 1814 valorem,
903 1738 936 1802 in
960 1736 1110 1803 confesso
1136 1740 1197 1804 est.
1236 1735 1300 1802 Sed
1322 1735 1477 1802 similiter

146 1832 271 1894 certum
296 1831 348 1893 est
372 1848 443 1892 eam
467 1825 634 1904 sufficere,
666 1825 750 1891 siin
774 1825 912 1892 articulo
935 1826 1051 1892 mortis
1074 1824 1164 1891 nulla
1186 1823 1253 1891 alia
1275 1825 1345 1890 fieri
1369 1825 1477 1909 possit

146 1916 324 1993 accusatio,
349 1915 419 1980 sive
442 1915 622 1998 periculum
644 1915 760 1980 mortis
783 1920 834 1982 est
858 1936 900 1980 ex
922 1916 1035 1981 morbo
1058 1915 1129 1980 sive
1145 1935 1186 1980 ex
1206 1914 1368 1979 communi
1392 1935 1475 1980 nau·

146 2005 271 2089 lragio,
303 2005 388 2071 bello
412 2008 493 2078 etc.;
524 2003 737 2087 probabiliter
766 2003 867 2086 igitur
890 2003 1011 2069 sufficit
1034 2002 1134 2080 otiam
1158 2002 1257 2080 alias,
1288 2002 1316 2068 si
1339 2009 1478 2088 propter

145 2093 345 2180 paenitentis
367 2092 546 2158 ruditatem
568 2093 689 2158 nullius
711 2093 839 2176 peccati
861 2092 1014 2176 specialis
1030 2093 1196 2158 accusatio
1219 2091 1333 2157 haberi
1357 2093 1474 2175 possit,

146 2183 317 2269 paenitens
340 2186 451 2248 autem
474 2182 539 2246 iam
564 2203 584 2246 a
606 2181 753 2264 longiore
775 2186 926 2266 tempore
955 2203 1021 2248 non
1044 2185 1096 2248 est
1119 2181 1298 2246 absolutus.
1332 2178 1408 2260 (sib.
1432 2205 1474 2248 m.

146 2273 197 2350 II,
223 2275 302 2348 264;
327 2273 485 2337 Reuter
509 2271 530 2336 l.
556 2271 598 2352 c.)
648 2271 733 2335 Hinc
756 2270 789 2335 in
813 2275 924 2337 nostro
948 2291 1037 2347 casu,
1061 2270 1090 2335 si
1114 2270 1193 2335 nihil
1217 2269 1339 2336 certius
1361 2270 1476 2336 haberi

146 2361 260 2445 possit,
286 2359 498 2443 Gundolphus
521 2359 580 2424 sub
604 2359 793 2425 condicione
816 2360 939 2444 poterit
961 2358 1099 2425 absolvi.

236 2476 276 2541 R.
301 2478 332 2542 3.
378 2475 474 2540 Nunc
504 2494 582 2539 vero
613 2474 740 2541 accedit
770 2474 835 2541 alia
864 2475 921 2540 illa
951 2475 1117 2540 accusatio
1146 2472 1273 2557 peccati
1302 2473 1477 2557 pueritiae.

147 2566 201 2630 Ex
224 2563 478 2630 circumstantiis
500 2567 638 2647 apparet
662 2563 906 2648 Gundolphum‚
938 2564 1038 2630 etiam
1068 2585 1140 2628 cum
1163 2583 1233 2628 rom
1255 2567 1476 2647 perpetraret,

146 2653 301 2720 babuisse
325 2653 467 2735 aliquam
491 2653 618 2737 peccati
635 2652 883 2730 conscientiam
908 2673 1010 2734 quare
1026 2651 1166 2718 materia
1184 2651 1401 2719 absolutionis
1417 2652 1478 2717 ad·

148 2746 210 2808 est.
242 2743 345 2808 Immo
370 2762 566 2824 quamquam
591 2741 669 2808 dicit
692 2763 728 2806 se
750 2764 815 2807 non
832 2741 934 2806 videri
960 2741 1021 2807 sibi
1037 2762 1108 2806 rem
1123 2762 1181 2824 pro
1197 2740 1292 2823 gravi
1309 2740 1477 2819 habuisse,

147 2832 180 2898 id
206 2835 332 2897 certum
356 2852 421 2898 non
444 2836 505 2899 est.
545 2830 651 2907 Quare
674 2851 710 2895 re
734 2852 814 2897 vera
838 2830 975 2896 dixerim
999 2830 1115 2896 adesse
1138 2834 1310 2914 peccatum
1334 2830 1477 2897 mortale

148 2921 291 2998 dubium,
316 2920 402 3002 quod
426 2919 573 2984 clavibus
595 2940 773 3001 numquam
797 2920 897 2986 fuerit
920 2920 1112 2986 subiectum.

238 3036 277 3100 R.
302 3038 333 3101 4.
380 3034 605 3102 Confessarius
634 3039 724 3100 recte
755 3057 820 3100 non
850 3035 919 3117 ogit
950 3034 1118 3100 dimittens
1143 3032 1371 3118 Gundolphum
1404 3035 1478 3101 sola

148 3124 383 3191 benedictione.
429 3123 515 3189 Nam
550 3124 582 3203 1)
605 3128 739 3207 propter
767 3129 940 3207 peccatum
970 3123 1129 3208 pueritiae
1160 3122 1245 3206 quod
1276 3122 1373 3188 dubie
1404 3129 1479 3190 erat

149 3215 289 3280 mortale
313 3213 383 3279 dari
408 3212 520 3279 debuit
544 3213 722 3290 absolutio,
754 3234 876 3296 eaque,
908 3235 980 3278 cum
1004 3211 1174 3278 moraliter
1203 3216 1294 3278 certo
1318 3218 1479 3294 ageretur

150 3303 191 3368 de
214 3308 350 3387 peccato
374 3306 499 3388 aliquo,
523 3302 673 3369 absoluta
697 3306 770 3368 erat
793 3302 916 3378 danda,
941 3302 1088 3367 simodo
1112 3301 1204 3366 dolor
1227 3300 1394 3367 sufficiens
1418 3303 1479 3368 ad-

150 3392 269 3466 fuerit;
302 3391 336 3473 2)
367 3390 512 3474 seposita
542 3391 641 3456 etiam
672 3391 734 3456 hac
764 3391 973 3456 accusatione
997 3412 1039 3456 ex
1061 3390 1217 3474 pueritia,
1251 3390 1478 3475 GundolpbuS,

149 3502 223 3546 cum
249 3482 289 3546 ab
313 3500 398 3545 anno
421 3501 485 3544 non
510 3483 598 3545 esset
621 3481 807 3559 absolutus,
838 3484 973 3564 propter
996 3479 1100 3545 solam
1130 3479 1316 3562 genoricum
1341 3500 1479 3545 accusa-

150 3569 274 3636 tionem
301 3568 526 3634 condicionate
551 3568 769 3634 absolvendus
793 3573 885 3645 erat,
918 3590 958 3634 ne
981 3574 1051 3635 tam
1077 3568 1131 3634 diu
1155 3568 1263 3651 gratia
1287 3589 1479 3635 sacramen·

149 3659 211 3813 {Iulli
233 3662 382 3812 Σὲἓθτθῒ,
414 3658 476 3723 hoc
505 3657 601 3724 modo
630 3658 717 3725 forte
749 3678 821 3723 eam
847 3661 1048 3742 recepturus.
1096 3657 1144 3725 cf.
1174 3657 1274 3723 etiam
1299 3658 1332 3723 S.
1358 3658 1478 3743 Alph.

452 3936 663 4004 nuruum.
709 3938 810 4004 urus
834 3938 1059 4007 carnosus
1084 3937 1170 4021 (ΠΙ).

624 4102 846 4163 AOCUSATIO
869 4103 1004 4163 DUBIA.

718 4261 829 4326 Casus.
849 4267 907 4335 (85)

241 4403 401 4463 catharina
423 4403 472 4481 pia
493 4401 602 4461 senrina
623 4401 653 4460 in
674 4400 903 4460 hebdomadaria
925 4400 1111 4460 confessione
1134 4421 1166 4460 se
1181 4406 1304 4460 accusat
1327 4400 1363 4461 de
1385 4402 1479 4461 variis

152 4483 423 4560 imperfectionibus
444 4483 587 4557 malisque
609 4481 838 4557 cogitationibus
857 4482 1018 4552 ,fortasse“
1036 4482 1228 4556 neglegenter
1243 4482 1390 4549 excussis,
1414 4502 1480 4540 con·

153 4564 290 4622 cludens:
320 4564 355 4622 de
376 4564 424 4622 his
446 4569 475 4622 et
497 4562 563 4621 aliis
585 4563 717 4639 peccatis
740 4562 830 4620 totius
851 4562 932 4619 vitae
954 4581 1037 4619 meae
1059 4562 1141 4620 doleo
1163 4581 1200 4620 ex
1221 4567 1285 4620 toto
1308 4561 1413 4629 corde,
1436 4583 1479 4621 se·

154 4644 228 4703 riam
249 4644 386 4720 promitto
409 4642 641 4703 emendationem
663 4649 693 4701 et
708 4647 776 4719 peto
798 4641 947 4700 humiliter
968 4641 1179 4717 paenitentiam
1201 4649 1231 4700 et
1252 4642 1480 4703 absolutionem.
