3044 5174
469 303 565 358 Forma
584 304 748 357 sacramenti
766 319 816 358 seu
833 301 976 356 absolutio.
1323 304 1415 369 171

51 479 166 564 potuit
188 483 301 546 tacere
323 482 495 562 peecatum
519 478 669 558 mortale,
693 500 798 562 neque
815 480 955 564 amplius
971 479 1124 546 audiendi
1147 486 1224 546 sunt
1240 480 1386 563 theologi

52 573 206 646 veteres,
239 568 293 651 qui
316 570 449 634 decreta
472 568 505 634 S.
530 567 638 633 Officii
668 589 732 633 non
756 574 919 635 noverunt
942 589 1024 634 neve
1055 568 1137 635 satis
1161 569 1384 636 attenderunt.

53 658 180 724 Verum
205 663 343 724 eatenus
366 656 501 723 monitio
524 657 667 741 prudens
691 678 763 723 esse
778 662 919 741 poterat,
943 679 984 723 ne
1000 659 1170 740 Augustus
1194 658 1289 723 nimis
1312 679 1386 724 sese

52 752 229 831 torqueret
252 746 284 812 in
309 745 513 813 discutienda
536 746 745 813 conscientia.
785 747 965 830 Diligentia
989 747 1073 813 enim
1098 747 1279 825 mediocris,
1304 769 1385 830 qua·

53 837 119 902 lem
142 837 176 901 in
202 835 298 920 gravi
321 836 454 919 negotio
477 835 624 901 homines
646 836 826 919 prudentes
849 835 1004 901 adhibere
1027 837 1152 914 solent,
1184 835 1385 912 sufficiebam

54 946 162 1008 neque
187 925 274 1008 quod
297 924 439 991 fortasse
463 925 573 1006 aliqua
596 927 734 1009 peccata
757 926 940 1008 effugerent
963 927 1171 1005 memoriam,
1204 926 1290 990 ratio
1314 932 1387 993 erat

55 1036 113 1080 eur
135 1014 240 1081 nimia
262 1013 445 1081 sollicitudo
469 1014 603 1080 deberet
626 1013 782 1080 adhiberi.

339 1213 502 1284 Fusus.
547 1213 795 1281 CORRUPTIO
819 1215 877 1280 ΕΤ
901 1213 1111 1282 MUTATIO.

624 1380 735 1446 basus.
755 1386 814 1455 (87)

146 1519 280 1579 Manlius
300 1519 457 1595 parochus,
479 1537 546 1577 curn
566 1517 669 1593 lingua
688 1517 778 1576 facile
799 1517 907 1577 titubet
928 1524 958 1577 et
978 1537 1072 1596 nuper
1093 1525 1215 1597 propter
1235 1519 1387 1596 paeniten-

56 1602 129 1662 tium
158 1598 377 1659 multitudinem
404 1598 435 1657 in
457 1599 554 1657 danda
575 1598 762 1657 absolutione
789 1605 979 1675 properaret,
1008 1599 1091 1658 miris
1112 1600 1206 1659 modis
1226 1602 1319 1659 verba
1340 1598 1389 1658 de·

57 1680 220 1742 trrmcavit.
260 1679 350 1738 Modo
371 1678 460 1737 dixit:
492 1679 546 1748 ,D.
567 1678 602 1738 N.
624 1679 648 1738 1.
670 1677 721 1737 Ch.
742 1683 773 1737 ts
801 1679 939 1738 absolvat
966 1684 996 1737 et
1017 1699 1073 1754 ego
1095 1680 1272 1739 auctoritate
1293 1679 1388 1757 ipsius

58 1762 183 1822 absolvo
204 1765 235 1819 te
249 1762 287 1818 ab
301 1758 380 1819 omni
393 1758 513 1818 vinculo
533 1764 731 1836 peccatorum,
754 1759 859 1818 Arnen.
887 1759 923 1817 In
943 1760 1061 1818 nomine
1075 1759 1174 1818 Patris
1188 1762 1281 1831 etc.“;
1303 1760 1389 1820 modo

58 1841 196 1918 adiungit
210 1839 343 1916 quidem:
369 1838 490 1910 ,deinde
507 1840 580 1899 atc‘
604 1839 657 1898 sed
678 1838 764 1897 dicit:
790 1857 861 1914 ,ego
883 1840 1005 1898 absolvo
1027 1859 1045 1898 a
1065 1839 1198 1916 peccatis
1219 1840 1250 1899 in
1270 1840 1389 1899 nomine

58 1922 159 1983 Patris
191 1923 285 1992 etc‘,
312 1919 375 1978 vel:
408 1920 547 1990 ,absolvo
576 1938 595 1977 a
622 1918 754 1995 peccatis
776 1919 849 1989 tuis,
876 1919 999 1979 Amen.“
1043 1919 1198 1996 Reputans
1225 1939 1326 1979 secum
1355 1939 1388 1978 se

58 2003 166 2062 multos
189 2000 318 2060 fortasse
346 2018 406 2058 non
427 1999 484 2058 rite
510 1999 677 2058 absolvisse
698 1999 755 2057 sibi
776 1998 894 2057 videtur
914 1999 1001 2057 facile
1023 1999 1182 2058 remedium
1210 2001 1388 2077 repperisse.

58 2082 133 2143 Nam
156 2080 294 2158 sequenti
315 2079 413 2138 disin
436 2099 459 2140 s.
481 2079 684 2138 communione
706 2078 909 2138 distribuenda
930 2081 1022 2139 verba
1042 2079 1110 2138 illa:
1141 2079 1388 2155 ,Indulgentiam

58 2163 278 2223 absolutionem
299 2166 330 2218 et
349 2159 554 2218 remissionem
575 2165 763 2235 peccatorum
784 2164 951 2217 vestrorum
972 2160 1085 2218 tribuat
1099 2160 1185 2219 vobis
1200 2159 1388 2238 omnipotens

60 2249 88 2303 et
108 2241 282 2302 misericors
296 2239 455 2299 Dominus“
480 2239 607 2298 intendit
628 2258 717 2297 sensu
739 2239 949 2297 sacramentali
970 2241 1103 2317 proferre
1124 2240 1154 2299 in
1175 2241 1291 2316 eosqui
1311 2240 1389 2300 forte

57 2322 189 2384 absoluti
211 2340 272 2380 nou
293 2321 413 2380 fuerint.

57 2436 241 2507 Quaeremus
263 2437 293 2493 1⁰
313 2452 389 2508 quae
418 2432 480 2491 sint
507 2435 599 2491 rerba
625 2438 687 2492 turn
709 2453 747 2491 ex
774 2438 950 2510 praecepto,
979 2440 1041 2492 tum
1070 2452 1108 2492 ex
1134 2432 1268 2493 essentia
1288 2452 1388 2493 sacra·

315 2513 408 2572 menti
428 2512 459 2571 in
481 2512 667 2573 absolutione
687 2513 867 2573 necessaria.

263 2613 293 2670 2⁰
314 2610 382 2687 quid
404 2610 439 2669 de
460 2611 561 2670 verbis
582 2610 794 2687 deprecatoriis
815 2610 1010 2670 sentiendum.

264 2712 293 2768 3⁰
314 2708 383 2785 quid
404 2708 592 2768 iudicandum
613 2708 649 2766 de
670 2708 777 2784 agendi
799 2709 913 2768 ratione
935 2709 1046 2768 Manlii.

657 2891 793 2959 Solutio.

149 3035 204 3101 An
235 3041 427 3109 uuassrrrb
460 3034 496 3098 1¹¹¹
527 3033 566 3099 R..
593 3035 621 3101 1.
667 3034 803 3115 Integra
831 3032 937 3099 forma
968 3031 1183 3101 absolutionis
1214 3031 1388 3098 exhibetur
1398 3047 1450 3103 293

56 3125 170 3192 verbis
194 3122 337 3188 Ritualis
359 3119 499 3187 Romani
522 3121 583 3187 hoc
606 3122 718 3188 modo:

148 3213 347 3280 Misereatur
369 3212 417 3277 tui
442 3210 647 3294 omnipotens
669 3212 759 3276 Deus
782 3215 831 3289 et,
863 3209 1004 3275 dimissis
1027 3210 1172 3294 peccatis
1194 3209 1277 3288 tuis,
1312 3229 1387 3293 per·

60 3305 161 3370 ducat
183 3307 219 3368 te
243 3300 284 3366 ad
308 3300 411 3367 vitam
436 3305 615 3368 aeternam.
647 3301 762 3365 Amen.
809 3297 949 3379 (Deinde
973 3299 1111 3366 dextera
1135 3320 1250 3365 versus
1273 3297 1387 3382 paeni·

59 3398 186 3460 tentem
212 3388 374 3470 elevarat:
399 3388 650 3470 Indulgentiam,
674 3388 914 3455 absolutionem
937 3392 971 3454 et
987 3388 1210 3454 remissionem
1233 3391 1388 3472 peccato·

57 3504 132 3548 rum
155 3486 287 3548 tuorum
310 3479 436 3545 tribuat
459 3478 518 3544 tibi
548 3478 753 3561 omnipotens
785 3480 819 3542 et
848 3477 1032 3543 misericors
1055 3477 1224 3544 Dominus.
1271 3478 1386 3544 Amen.

149 3569 309 3635 Dominus
340 3571 453 3633 noster
476 3567 567 3632 Iesus
591 3566 738 3633 Christus
767 3570 801 3631 tc
833 3567 999 3633 absolvat:
1032 3570 1066 3634 et
1095 3587 1157 3650 ego
1188 3566 1388 3633 auctoritate

59 3659 162 3744 ipsius
189 3662 224 3725 tc
248 3657 383 3723 absolvo
413 3656 455 3722 ab
478 3655 565 3720 omni
587 3656 718 3721 vinculo
742 3655 1104 3732 excommunicationis,
1138 3654 1388 3739 (suspensionis)

58 3753 94 3814 et
115 3746 302 3824 interdicti,
326 3747 360 3811 in
383 3749 541 3827 quantum
564 3766 713 3828 possum,
737 3749 772 3812 ct
794 3749 830 3811 tu
853 3745 991 3828 indiges.
1037 3745 1163 3811 Deinde
1186 3766 1249 3827 ego
1272 3749 1306 3810 te
1330 3745 1389 3810 ab·

56 3839 154 3904 solvo
178 3857 200 3903 a
222 3835 366 3921 peccatis
389 3834 470 3911 tuis,
501 3833 535 3898 in
559 3834 688 3899 nomine
711 3834 821 3899 Patris
844 3835 865 3914 t
889 3839 924 3900 et
946 3833 1019 3900 Filii
1042 3839 1077 3901 et
1100 3833 1240 3919 Spiritus
1264 3833 1386 3902 Sancti.

61 3928 177 3992 Amen.
224 3925 273 4004 (Si
296 3924 467 4009 paenitens
490 3923 534 3989 sit
556 3923 669 3999 laicus,
694 3923 857 3989 omittitur
879 3924 1017 3988 verbum
1039 3923 1279 4009 suspensionis).

153 4014 269 4080 Passio
292 4012 421 4078 Domini
445 4011 548 4078 nostri
573 4012 646 4077 Iesu
670 4012 800 4086 Christi,
824 4012 943 4079 merita
965 4013 1083 4079 beatae
1101 4012 1227 4078 Mariae
1243 4009 1388 4095 Virginis

58 4109 94 4171 et
117 4104 262 4170 omnium
285 4107 482 4179 sanctorum,
508 4101 662 4184 quidquid
685 4102 760 4168 boni
784 4100 902 4166 feceris
926 4106 960 4168 et
983 4102 1061 4166 mali
1085 4101 1296 4178 sustinueris,
1321 4100 1388 4166 sint

56 4194 120 4260 tibi
151 4192 185 4258 in
216 4190 438 4257 remissionem
473 4195 700 4273 peccatorum,
736 4194 949 4272 augmentum
984 4191 1113 4273 gratiae
1144 4197 1178 4257 et
1207 4190 1387 4274 praemium

58 4284 152 4350 ritae
175 4287 341 4347 aeternae.
387 4279 520 4344 Amen.“

150 4387 190 4453 R.
209 4390 239 4454 2.
267 4386 422 4452 Monente
437 4385 507 4469 ipso
524 4386 657 4463 Rituali,
675 4386 801 4469 priores
816 4385 893 4451 illae
909 4385 1114 4469 precationes
1127 4387 1322 4451 illicerentur
1334 4392 1386 4450 etc.

60 4485 93 4546 et
117 4478 357 4562 Indulqenticm
382 4483 434 4541 etc.
460 4475 567 4541 omitti
597 4479 734 4559 possunt
758 4475 790 4539 in
815 4475 1073 4540 confessionibus
1096 4473 1316 4546 brevioribus;
1348 4493 1387 4538 ac

55 4567 136 4634 inde
160 4563 309 4631 con‘clndi
333 4563 409 4629 licet
433 4584 475 4628 ex
498 4565 608 4646 aliqua
625 4563 689 4629 alia
706 4564 892 4629 rationabili
909 4585 1008 4628 causa
1028 4563 1164 4629 eandem
1181 4561 1388 4627 omissionem

54 4656 131 4724 fieri
163 4675 271 4739 posse.
317 4652 407 4718 Idem
440 4660 551 4719 monet
583 4652 714 4718 Rituale
747 4654 787 4717 de
819 4653 1008 4736 precatione
1041 4652 1277 4718 absolutionem
1310 4651 1388 4716 sub·
