3044 5174
408 110 498 164 Onera
516 127 639 165 annexa:
658 138 689 149 -
712 110 793 165 oflicii
813 112 898 166 divini
917 111 1050 166 recitatio.
1330 114 1394 178 459

63 289 168 354 borae
192 288 372 354 canonicae
396 288 534 365 venerit,
559 287 697 372 supponi
722 289 820 353 debet
842 310 879 354 se
901 287 1066 370 integram
1089 288 1202 353 boram
1227 287 1395 367 recitasse,

64 378 184 444 saltem
208 379 237 443 si
261 377 382 461 legerit
405 398 447 443 ex
469 377 648 453 breviario;
672 377 770 442 immo
794 378 880 442 idem
905 378 1021 454 etiam,
1046 377 1073 441 si
1098 397 1140 441 ex
1163 377 1320 442 memoria
1343 398 1396 442 re·

65 467 204 536 citavit,
237 468 299 532 nisi
331 467 418 532 forte
448 470 641 532 consueverit
670 471 739 531 tum
771 467 940 550 complura
970 467 1122 532 omittere
1153 471 1187 532 et
1219 465 1394 532 transilire.

65 557 113 624 cf.
139 557 326 622 anemb.
350 556 436 639 apud
460 556 491 621 S.
516 555 633 639 Alph.
659 555 715 632 IV,
743 558 816 622 175.

466 764 699 833 RECITATIO
723 764 1000 833 ANTICIPATA.

627 923 739 990 dasne.
759 931 836 998 (aaa)

159 1054 311 1115 Macarius
332 1074 418 1114 mane
439 1056 513 1115 hora
534 1060 621 1114 sexta
643 1055 797 1115 ordinatus
819 1061 866 1114 est
887 1055 1095 1114 subdiaconus.
1124 1053 1187 1124 Quo
1208 1055 1303 1130 magia
1324 1055 1398 1115 liber

69 1141 151 1196 esset
171 1142 296 1213 postea,
326 1141 395 1195 ante
416 1136 537 1196 missam
565 1136 761 1195 ordinationis
791 1136 866 1194 dixit
886 1135 1016 1195 officium
1038 1135 1168 1195 divinum
1191 1156 1208 1193 a
1234 1137 1332 1194 Tertio
1352 1155 1398 1194 us·

69 1237 124 1293 qne
147 1217 185 1275 ad
208 1217 429 1294 Completorium
457 1215 611 1275 inclusive.
654 1216 737 1286 Quod
767 1235 833 1275 cum
863 1216 957 1275 sodali
979 1215 1075 1286 dicat,
1104 1216 1153 1274 hic
1181 1216 1343 1291 respondet
1369 1216 1398 1274 id

70 1316 137 1357 esso
159 1297 237 1357 male
257 1296 386 1368 factuam
407 1296 581 1365 Macarinm,
604 1296 711 1373 quippe
726 1296 775 1372 qui
790 1316 808 1355 a
823 1298 904 1356 facta
918 1295 1104 1354 ordinatione
1120 1297 1234 1355 demum
1250 1296 1399 1371 obligatus

70 1376 231 1449 exstiterit,
254 1377 362 1437 debere
382 1382 518 1453 repetere
540 1395 615 1452 quae
636 1377 818 1445 recitaverit,
841 1395 964 1451 eumque
986 1375 1092 1434 debere
1107 1375 1195 1434 etiarn
1211 1375 1319 1434 addere
1340 1395 1399 1436 non

70 1459 204 1518 bimam
218 1461 344 1527 tanturn,
366 1457 521 1516 sedetiam
542 1458 716 1517 Matutinum
737 1477 801 1516 cuni
818 1458 966 1516 laudea
981 1456 1039 1515 diei
1054 1476 1107 1515 seu
1120 1456 1190 1516 festi
1205 1456 1398 1527 occurrentis,

70 1557 105 1598 eo
125 1537 205 1614 quod
219 1541 321 1614 aptum
341 1541 458 1613 tempus
472 1537 547 1595 haec
568 1536 712 1595 recitandi
726 1537 855 1597 nondum
877 1536 1021 1607 finiverit;
1044 1536 1080 1594 ad
1096 1537 1169 1596 bueo
1184 1556 1249 1595 eum
1265 1536 1401 1595 similiter

71 1617 214 1694 obligari,
235 1617 314 1677 sicut
334 1616 384 1676 ille
406 1617 455 1692 qui
476 1615 608 1688 Colonia,
630 1617 681 1676 ubi
701 1617 811 1677 festum
832 1617 1054 1694 Assumptionis
1075 1618 1262 1688 transfertur,
1284 1618 1402 1675 venerit

70 1698 275 1775 Moguntiam,
304 1696 355 1757 ubi
375 1699 484 1757 festum
506 1717 565 1756 non
587 1697 785 1768 transfertur,
817 1697 864 1755 die
887 1699 923 1755 15
946 1696 1076 1772 Augusti
1097 1696 1176 1757 circa
1197 1697 1300 1755 horam
1323 1698 1399 1768 10⁸ffl,

70 1798 126 1856 qna
148 1777 275 1855 incipiat
296 1777 438 1836 sollemne
460 1796 586 1849 sacrum,
610 1796 695 1836 sacro
718 1778 824 1837 debeat
845 1778 998 1836 interesse.

68 1957 84 2016 f
156 1876 239 2015 Ipem
263 1875 356 1936 sentit
380 1875 415 1934 de
438 1875 569 1946 Milone,
599 1875 649 1951 qui
676 1895 762 1934 mane
792 1876 963 1935 sollemnem
986 1873 1202 1952 professionem
1230 1874 1400 1949 religiosam
1453 1852 1455 1856 Α

81 1976 192 2017 acera.

69 2072 252 2145 Qnrsmroa
274 2071 304 2130 κ’
331 2069 484 2130 cuiusnam
512 2070 607 2147 portis
638 2070 729 2129 oflicii
758 2069 848 2128 divini
880 2069 1050 2128 recitandae
1081 2068 1223 2143 obligatio
1252 2068 1402 2128 incumbat

332 2149 465 2210 Macerio
488 2155 519 2209 et
539 2149 644 2209 Miloni
665 2170 719 2227 pro
741 2150 787 2208 die
809 2150 1004 2209 ordinationis
1026 2149 1074 2208 vel
1095 2150 1299 2226 professionis.

273 2247 305 2306 2⁰
332 2249 471 2308 valeatne
492 2248 630 2308 recitatio
651 2248 824 2324 anticipata.

273 2347 304 2406 3⁰
332 2345 401 2423 qnid
422 2346 458 2405 de
479 2346 645 2406 rationibus
667 2346 779 2406 sodalis
799 2346 880 2405 illius
902 2345 942 2405 sit
962 2346 1159 2407 iudicandum.

670 2538 805 2605 Salutio.

160 2677 215 2757 dn
240 2710 432 2767 onsasrruu
457 2692 494 2753 1¹n
517 2688 556 2756 R..
582 2692 610 2754 1.
658 2689 739 2754 Tum
764 2689 943 2766 Macarius,
976 2692 1045 2754 tum
1068 2687 1147 2753 Milo
1177 2692 1331 2754 tenentur
1361 2689 1463 2762 ab798

70 2802 109 2846 eo
133 2785 285 2865 tempore
315 2800 379 2861 quo
403 2778 544 2844 ordinati
567 2779 621 2843 vel
650 2778 789 2862 professi
819 2782 905 2853 sunt,
937 2779 977 2841 ad
1002 2777 1099 2842 horas
1124 2777 1296 2842 canonicas
1319 2777 1402 2842 reci-

69 2870 208 2943 tandas;
233 2871 434 2953 quapropter
456 2872 611 2934 tenentur
634 2867 733 2934 etiam
756 2867 899 2952 incipere
918 2867 959 2931 ab
976 2886 1015 2931 ea
1035 2867 1116 2931 hora
1139 2865 1295 2932 canonica
1319 2888 1402 2949 quae

71 2958 253 3044 respondet
276 2957 416 3041 tempori
440 2956 663 3022 ordinationis,

162 3074 202 3141 a.
228 3075 258 3140 2.
298 3073 389 3139 Haec
412 3072 493 3138 hora
517 3073 718 3156 respondens
741 3076 857 3138 sextae
880 3073 980 3136 borae
996 3071 1178 3137 matutinae
1202 3076 1254 3136 est
1269 3072 1403 3152 Plenam

71 3168 150 3249 post
173 3184 272 3246 quam
296 3162 440 3245 reliquae
463 3161 563 3227 horae
588 3161 778 3227 recitandae
803 3165 889 3227 sunt.
929 3160 1045 3243 Neque
1071 3160 1271 3228 consuetudo
1296 3159 1402 3226 estin

71 3254 183 3331 choro,
208 3257 246 3318 ut
269 3257 347 3318 ante
370 3251 449 3317 illud
472 3255 603 3335 tempus
626 3250 737 3317 Prima
759 3250 926 3316 recitetur.

163 3358 197 3425 Si
221 3358 396 3441 quievero
421 3358 507 3423 circa
530 3356 644 3422 horam
670 3357 871 3422 undecimam
896 3356 1066 3422 ordinatur
1088 3361 1188 3438 atque
1213 3356 1339 3435 chorus,
1368 3362 1405 3423 ut

72 3450 169 3526 solet,
194 3452 273 3514 ante
295 3448 428 3513 missam
448 3447 537 3512 illam
555 3446 768 3512 ordinationis
785 3446 964 3512 absolverit
980 3467 1102 3530 parvas
1117 3446 1216 3511 horas
1236 3468 1339 3527 usque
1363 3447 1403 3511 ad

72 3538 205 3604 Nonam
239 3537 416 3611 inclusive,
450 3536 620 3601 ordinatus
650 3535 732 3602 satis
762 3536 975 3619 probabiliter
1007 3558 1071 3601 non
1106 3539 1238 3600 tenetur
1272 3535 1333 3598 nisi
1368 3539 1405 3600 nt

73 3650 95 3693 n
118 3628 265 3712 Vesperia
287 3625 432 3711 incipiat.
477 3625 696 3706 Quamquam,
722 3624 748 3689 si
773 3629 902 3708 tempus
926 3624 1072 3706 rigorose
1095 3625 1249 3701 sumitur,
1275 3629 1404 3705 tempus

72 3719 191 3784 smne
214 3716 355 3781 noudum
379 3718 431 3780 est
454 3714 611 3798 elapsum.
659 3713 745 3779 Nam
770 3714 858 3779 chori
883 3713 1068 3779 recitationi
1099 3735 1172 3778 sese
1200 3712 1404 3778 conformare

73 3808 197 3890 potest.
243 3803 575 3881 Of.Looroix1V‚
599 3825 630 3869 n.
659 3805 760 3880 1187;
793 3803 823 3868 S.
848 3802 964 3886 Alpb.
996 3802 1124 3884 quidem
1157 3824 1187 3868 n.
1220 3805 1282 3865 140
1313 3805 1405 3866 tenet

73 3915 151 3961 eum
173 3893 292 3960 debore
316 3916 336 3958 o
359 3894 457 3960 Secta
479 3892 629 3958 recitare.

166 4015 220 4082 An
235 4036 428 4094 onaasrrnu
444 4018 483 4079 2¹·
507 4015 546 4080 R..
566 4018 594 4081 1.
635 4016 718 4081 Sunt
741 4015 869 4098 quidem
894 4014 949 4096 qui
973 4017 1094 4095 negent
1118 4013 1299 4096 anticipata
1324 4012 1464 4079 reci-799

72 4106 204 4174 tatione
226 4105 395 4182 satisfieri,
427 4105 488 4170 etsi
519 4108 649 4187 tempus
679 4104 820 4186 alioquin
852 4108 964 4187 aptum
994 4105 1161 4177 servetur,
1194 4102 1263 4166 fere
1291 4101 1404 4166 eodem

10 4218 12 4223 ·
74 4196 173 4263 modo
204 4200 304 4279 atque
336 4194 520 4276 negandum
554 4214 626 4258 esse
659 4194 812 4258 satisfieri
844 4192 1035 4274 obligationi
1068 4191 1242 4257 assistendi
1274 4191 1403 4267 missae,

73 4291 254 4368 antequam
282 4282 439 4366 obligatio
469 4304 526 4347 seu
552 4282 621 4347 dies
652 4284 756 4349 festus
780 4283 831 4347 vel
856 4281 1035 4346 dominicus
1058 4280 1230 4363 inceperit,
1261 4279 1404 4344 maxime

74 4397 151 4442 cum
175 4373 248 4458 quis
271 4377 349 4440 ante
373 4371 502 4437 ordines
521 4376 691 4455 susceptos
709 4394 771 4436 non
788 4372 892 4455 possit
909 4392 1002 4434 orare
1021 4375 1056 4436 ut
1072 4369 1221 4435 minister
1236 4367 1403 4434 Ecclesiae

72 4470 109 4533 et
133 4463 264 4531 nornine
287 4461 464 4528 Ecclesiae.
