<?xml version="1.0" encoding="UTF-8"?>
<!DOCTYPE html PUBLIC "-//W3C//DTD XHTML 1.0 Transitional//EN"
    "http://www.w3.org/TR/xhtml1/DTD/xhtml1-transitional.dtd">
<html xmlns="http://www.w3.org/1999/xhtml" xml:lang="en" lang="en">
 <head>
  <title>
</title>
<meta http-equiv="Content-Type" content="text/html;charset=utf-8" />
  <meta name='ocr-system' content='tesseract 3.04.00' />
  <meta name='ocr-capabilities' content='ocr_page ocr_carea ocr_par ocr_line ocrx_word'/>
</head>
<body>
  <div class='ocr_page' id='page_1' title='image "./casusconscienti00lehmgoog_0407.png"; bbox 0 0 3044 5174; ppageno 0'>
   <div class='ocr_carea' id='block_1_1' title="bbox 548 276 1420 348">
    <p class='ocr_par' dir='ltr' id='par_1_1' title="bbox 548 276 1420 348">
     <span class='ocr_line' id='line_1_1' title="bbox 548 276 1420 348; baseline 0.022 -19"><span class='ocrx_word' id='word_1_1' title='bbox 548 276 670 330; x_wconf 85' lang='lat' dir='ltr'>Tonsura</span> <span class='ocrx_word' id='word_1_2' title='bbox 688 280 717 331; x_wconf 92' lang='lat' dir='ltr'>et</span> <span class='ocrx_word' id='word_1_3' title='bbox 735 277 843 332; x_wconf 79' lang='lat' dir='ltr'>ordines</span> <span class='ocrx_word' id='word_1_4' title='bbox 860 277 986 333; x_wconf 88' lang='lat' dir='ltr'>minores.</span> <span class='ocrx_word' id='word_1_5' title='bbox 1355 283 1420 348; x_wconf 88' lang='grc'>389</span> 
     </span>
    </p>
   </div>
   <div class='ocr_carea' id='block_1_2' title="bbox 94 451 1422 1164">
    <p class='ocr_par' dir='ltr' id='par_1_2' title="bbox 94 451 1422 1164">
     <span class='ocr_line' id='line_1_2' title="bbox 96 451 1420 535; baseline 0.003 -17"><span class='ocrx_word' id='word_1_6' title='bbox 96 451 212 535; x_wconf 87' lang='lat' dir='ltr'>quibus</span> <span class='ocrx_word' id='word_1_7' title='bbox 235 452 352 518; x_wconf 86' lang='lat' dir='ltr'>merito</span> <span class='ocrx_word' id='word_1_8' title='bbox 376 452 579 519; x_wconf 80' lang='lat' dir='ltr'><strong>concluditur</strong></span> <span class='ocrx_word' id='word_1_9' title='bbox 601 474 657 518; x_wconf 93' lang='lat' dir='ltr'>eos</span> <span class='ocrx_word' id='word_1_10' title='bbox 682 457 907 521; x_wconf 80' lang='lat' dir='ltr'>ecclesiasticae</span> <span class='ocrx_word' id='word_1_11' title='bbox 929 454 1145 522; x_wconf 88' lang='lat' dir='ltr'>institutionis</span> <span class='ocrx_word' id='word_1_12' title='bbox 1175 477 1248 522; x_wconf 90' lang='lat' dir='ltr'>esse</span> <span class='ocrx_word' id='word_1_13' title='bbox 1278 478 1339 522; x_wconf 94' lang='lat' dir='ltr'>nec</span> <span class='ocrx_word' id='word_1_14' title='bbox 1372 457 1420 522; x_wconf 93' lang='lat' dir='ltr'>di·</span> 
     </span>
     <span class='ocr_line' id='line_1_3' title="bbox 96 542 1420 628; baseline 0.002 -21"><span class='ocrx_word' id='word_1_15' title='bbox 96 542 201 615; x_wconf 86' lang='lat' dir='ltr'>vinae,</span> <span class='ocrx_word' id='word_1_16' title='bbox 227 542 373 624; x_wconf 90' lang='lat' dir='ltr'>adeoque</span> <span class='ocrx_word' id='word_1_17' title='bbox 396 563 460 608; x_wconf 93' lang='lat' dir='ltr'>non</span> <span class='ocrx_word' id='word_1_18' title='bbox 483 563 557 608; x_wconf 86' lang='lat' dir='ltr'>esse</span> <span class='ocrx_word' id='word_1_19' title='bbox 577 547 828 611; x_wconf 89' lang='lat' dir='ltr'>sacramentum.</span> <span class='ocrx_word' id='word_1_20' title='bbox 852 583 896 592; x_wconf 94' lang='lat'>—</span> <span class='ocrx_word' id='word_1_21' title='bbox 920 544 997 610; x_wconf 84' lang='lat' dir='ltr'>Sola</span> <span class='ocrx_word' id='word_1_22' title='bbox 1013 545 1108 623; x_wconf 89' lang='lat' dir='ltr'>ratio,</span> <span class='ocrx_word' id='word_1_23' title='bbox 1133 566 1217 628; x_wconf 91' lang='lat' dir='ltr'>quae</span> <span class='ocrx_word' id='word_1_24' title='bbox 1233 546 1420 612; x_wconf 81' lang='lat' dir='ltr'>etiamnunc</span> 
     </span>
     <span class='ocr_line' id='line_1_4' title="bbox 95 631 1422 715; baseline 0.004 -20"><span class='ocrx_word' id='word_1_25' title='bbox 95 652 153 715; x_wconf 92' lang='lat' dir='ltr'>pro</span> <span class='ocrx_word' id='word_1_26' title='bbox 184 631 418 715; x_wconf 78' lang='lat' dir='ltr'>probabilitate</span> <span class='ocrx_word' id='word_1_27' title='bbox 448 631 632 698; x_wconf 91' lang='lat' dir='ltr'>contrariae</span> <span class='ocrx_word' id='word_1_28' title='bbox 662 632 822 715; x_wconf 86' lang='lat' dir='ltr'>opinionis</span> <span class='ocrx_word' id='word_1_29' title='bbox 852 634 893 698; x_wconf 92' lang='lat' dir='ltr'>ab</span> <span class='ocrx_word' id='word_1_30' title='bbox 924 633 1086 715; x_wconf 81' lang='lat' dir='ltr'>aliquibus</span> <span class='ocrx_word' id='word_1_31' title='bbox 1116 636 1268 712; x_wconf 82' lang='lat' dir='ltr'>affertur,</span> <span class='ocrx_word' id='word_1_32' title='bbox 1300 656 1340 700; x_wconf 89' lang='lat' dir='ltr'>ea</span> <span class='ocrx_word' id='word_1_33' title='bbox 1369 639 1422 700; x_wconf 91' lang='lat' dir='ltr'>est</span> 
     </span>
     <span class='ocr_line' id='line_1_5' title="bbox 95 719 1421 806; baseline 0.003 -22"><span class='ocrx_word' id='word_1_34' title='bbox 95 720 182 803; x_wconf 93' lang='lat' dir='ltr'>quod</span> <span class='ocrx_word' id='word_1_35' title='bbox 205 719 356 804; x_wconf 90' lang='lat' dir='ltr'>primitus</span> <span class='ocrx_word' id='word_1_36' title='bbox 378 720 413 785; x_wconf 94' lang='lat' dir='ltr'>in</span> <span class='ocrx_word' id='word_1_37' title='bbox 435 720 609 786; x_wconf 79' lang='lat' dir='ltr'>diaconatu</span> <span class='ocrx_word' id='word_1_38' title='bbox 624 720 678 785; x_wconf 87' lang='lat' dir='ltr'>vel</span> <span class='ocrx_word' id='word_1_39' title='bbox 694 720 878 788; x_wconf 82' lang='lat' dir='ltr'>formaliter</span> <span class='ocrx_word' id='word_1_40' title='bbox 894 723 946 788; x_wconf 85' lang='lat' dir='ltr'>vel</span> <span class='ocrx_word' id='word_1_41' title='bbox 963 723 1144 790; x_wconf 88' lang='lat' dir='ltr'>eminenter</span> <span class='ocrx_word' id='word_1_42' title='bbox 1159 723 1275 806; x_wconf 89' lang='lat' dir='ltr'>reliqui</span> <span class='ocrx_word' id='word_1_43' title='bbox 1292 724 1421 789; x_wconf 84' lang='lat' dir='ltr'>ordines</span> 
     </span>
     <span class='ocr_line' id='line_1_6' title="bbox 94 809 1421 885; baseline 0.002 -10"><span class='ocrx_word' id='word_1_44' title='bbox 94 809 269 875; x_wconf 83' lang='lat' dir='ltr'>inferiores</span> <span class='ocrx_word' id='word_1_45' title='bbox 291 809 401 874; x_wconf 91' lang='lat' dir='ltr'>collati</span> <span class='ocrx_word' id='word_1_46' title='bbox 424 809 558 885; x_wconf 86' lang='lat' dir='ltr'>fuerint,</span> <span class='ocrx_word' id='word_1_47' title='bbox 582 809 631 873; x_wconf 91' lang='lat' dir='ltr'>ia</span> <span class='ocrx_word' id='word_1_48' title='bbox 652 814 764 875; x_wconf 89' lang='lat' dir='ltr'>tamen</span> <span class='ocrx_word' id='word_1_49' title='bbox 787 817 825 877; x_wconf 92' lang='lat' dir='ltr'>ut</span> <span class='ocrx_word' id='word_1_50' title='bbox 847 833 868 876; x_wconf 94' lang='lat' dir='ltr'>a</span> <span class='ocrx_word' id='word_1_51' title='bbox 884 811 1011 877; x_wconf 84' lang='lat' dir='ltr'>Christo</span> <span class='ocrx_word' id='word_1_52' title='bbox 1036 813 1115 878; x_wconf 87' lang='lat' dir='ltr'>data</span> <span class='ocrx_word' id='word_1_53' title='bbox 1138 812 1238 879; x_wconf 90' lang='lat' dir='ltr'>fuerit</span> <span class='ocrx_word' id='word_1_54' title='bbox 1254 812 1421 878; x_wconf 80' lang='lat' dir='ltr'>Ecclesiae</span> 
     </span>
     <span class='ocr_line' id='line_1_7' title="bbox 95 898 1421 983; baseline 0.002 -20"><span class='ocrx_word' id='word_1_55' title='bbox 95 903 246 982; x_wconf 87' lang='lat' dir='ltr'>potestas</span> <span class='ocrx_word' id='word_1_56' title='bbox 262 918 319 963; x_wconf 88' lang='lat' dir='ltr'>eoa</span> <span class='ocrx_word' id='word_1_57' title='bbox 335 898 554 981; x_wconf 89' lang='lat' dir='ltr'>distinguendi</span> <span class='ocrx_word' id='word_1_58' title='bbox 571 902 606 964; x_wconf 91' lang='lat' dir='ltr'>et</span> <span class='ocrx_word' id='word_1_59' title='bbox 621 899 799 982; x_wconf 89' lang='lat' dir='ltr'>separatim</span> <span class='ocrx_word' id='word_1_60' title='bbox 816 920 874 965; x_wconf 90' lang='lat' dir='ltr'>seu</span> <span class='ocrx_word' id='word_1_61' title='bbox 890 901 1082 983; x_wconf 83' lang='lat' dir='ltr'>singillatim</span> <span class='ocrx_word' id='word_1_62' title='bbox 1100 902 1298 967; x_wconf 83' lang='lat' dir='ltr'>conferendi.</span> <span class='ocrx_word' id='word_1_63' title='bbox 1330 901 1421 978; x_wconf 86' lang='lat' dir='ltr'>Quod</span> 
     </span>
     <span class='ocr_line' id='line_1_8' title="bbox 94 987 1420 1074; baseline 0.002 -22"><span class='ocrx_word' id='word_1_64' title='bbox 94 987 250 1071; x_wconf 87' lang='lat' dir='ltr'>possibile</span> <span class='ocrx_word' id='word_1_65' title='bbox 273 1007 346 1052; x_wconf 86' lang='lat' dir='ltr'>esse</span> <span class='ocrx_word' id='word_1_66' title='bbox 368 1008 434 1052; x_wconf 93' lang='lat' dir='ltr'>non</span> <span class='ocrx_word' id='word_1_67' title='bbox 456 1007 551 1070; x_wconf 88' lang='lat' dir='ltr'>nego,</span> <span class='ocrx_word' id='word_1_68' title='bbox 575 987 634 1052; x_wconf 91' lang='lat' dir='ltr'>sed</span> <span class='ocrx_word' id='word_1_69' title='bbox 656 1008 693 1053; x_wconf 93' lang='lat' dir='ltr'>re</span> <span class='ocrx_word' id='word_1_70' title='bbox 716 988 788 1072; x_wconf 88' lang='lat' dir='ltr'>ipsa</span> <span class='ocrx_word' id='word_1_71' title='bbox 811 989 991 1055; x_wconf 89' lang='lat' dir='ltr'>obtinuisse</span> <span class='ocrx_word' id='word_1_72' title='bbox 1014 990 1182 1074; x_wconf 88' lang='lat' dir='ltr'>probabile</span> <span class='ocrx_word' id='word_1_73' title='bbox 1200 1011 1265 1056; x_wconf 93' lang='lat' dir='ltr'>non</span> <span class='ocrx_word' id='word_1_74' title='bbox 1282 989 1420 1068; x_wconf 84' lang='lat' dir='ltr'>videtur,</span> 
     </span>
     <span class='ocr_line' id='line_1_9' title="bbox 95 1075 1334 1164; baseline 0.004 -24"><span class='ocrx_word' id='word_1_75' title='bbox 95 1098 133 1141; x_wconf 91' lang='lat' dir='ltr'>eo</span> <span class='ocrx_word' id='word_1_76' title='bbox 159 1076 245 1158; x_wconf 91' lang='lat' dir='ltr'>quod</span> <span class='ocrx_word' id='word_1_77' title='bbox 268 1076 308 1141; x_wconf 91' lang='lat' dir='ltr'>de</span> <span class='ocrx_word' id='word_1_78' title='bbox 332 1075 489 1164; x_wconf 91' lang='lat' dir='ltr'>eiusmodi</span> <span class='ocrx_word' id='word_1_79' title='bbox 512 1076 705 1143; x_wconf 88' lang='lat' dir='ltr'>diaconatus</span> <span class='ocrx_word' id='word_1_80' title='bbox 728 1076 846 1160; x_wconf 89' lang='lat' dir='ltr'>capitis</span> <span class='ocrx_word' id='word_1_81' title='bbox 870 1078 1083 1144; x_wconf 86' lang='lat' dir='ltr'>diminutione</span> <span class='ocrx_word' id='word_1_82' title='bbox 1106 1101 1171 1144; x_wconf 93' lang='lat' dir='ltr'>non</span> <span class='ocrx_word' id='word_1_83' title='bbox 1195 1085 1334 1146; x_wconf 88' lang='lat' dir='ltr'>constet.</span> 
     </span>
    </p>
   </div>
   <div class='ocr_carea' id='block_1_3' title="bbox 93 1182 1483 2780">
    <p class='ocr_par' dir='ltr' id='par_1_3' title="bbox 93 1182 1483 1623">
     <span class='ocr_line' id='line_1_10' title="bbox 186 1182 1483 1264; baseline -0.001 -18"><span class='ocrx_word' id='word_1_84' title='bbox 186 1182 225 1248; x_wconf 80' lang='lat' dir='ltr'>u.</span> <span class='ocrx_word' id='word_1_85' title='bbox 246 1184 276 1248; x_wconf 90' lang='lat'>3.</span> <span class='ocrx_word' id='word_1_86' title='bbox 308 1183 388 1247; x_wconf 76' lang='lat' dir='ltr'>(lum</span> <span class='ocrx_word' id='word_1_87' title='bbox 411 1182 604 1264; x_wconf 86' lang='lat' dir='ltr'>quaestione</span> <span class='ocrx_word' id='word_1_88' title='bbox 627 1184 667 1248; x_wconf 88' lang='lat' dir='ltr'>de</span> <span class='ocrx_word' id='word_1_89' title='bbox 691 1188 811 1250; x_wconf 90' lang='lat' dir='ltr'>natura</span> <span class='ocrx_word' id='word_1_90' title='bbox 833 1185 1064 1250; x_wconf 86' lang='lat' dir='ltr'>sacramentali</span> <span class='ocrx_word' id='word_1_91' title='bbox 1089 1184 1237 1250; x_wconf 92' lang='lat' dir='ltr'>ordinum</span> <span class='ocrx_word' id='word_1_92' title='bbox 1261 1185 1419 1250; x_wconf 89' lang='lat' dir='ltr'>minorum</span> <span class='ocrx_word' id='word_1_93' title='bbox 1431 1193 1483 1247; x_wconf 83' lang='grc'>683</span> 
     </span>
     <span class='ocr_line' id='line_1_11' title="bbox 96 1270 1421 1355; baseline 0.002 -18"><span class='ocrx_word' id='word_1_94' title='bbox 96 1272 253 1338; x_wconf 86' lang='lat' dir='ltr'>cohaeret</span> <span class='ocrx_word' id='word_1_95' title='bbox 275 1270 440 1354; x_wconf 85' lang='lat' dir='ltr'>quaestio,</span> <span class='ocrx_word' id='word_1_96' title='bbox 473 1292 538 1336; x_wconf 92' lang='lat' dir='ltr'>non</span> <span class='ocrx_word' id='word_1_97' title='bbox 563 1271 692 1353; x_wconf 89' lang='lat' dir='ltr'>quidem</span> <span class='ocrx_word' id='word_1_98' title='bbox 716 1293 792 1335; x_wconf 93' lang='lat' dir='ltr'>num</span> <span class='ocrx_word' id='word_1_99' title='bbox 816 1272 1023 1355; x_wconf 85' lang='lat' dir='ltr'>sacrilegium</span> <span class='ocrx_word' id='word_1_100' title='bbox 1047 1273 1107 1351; x_wconf 88' lang='lat' dir='ltr'>sit,</span> <span class='ocrx_word' id='word_1_101' title='bbox 1140 1275 1198 1339; x_wconf 90' lang='lat' dir='ltr'>sed</span> <span class='ocrx_word' id='word_1_102' title='bbox 1222 1296 1299 1339; x_wconf 92' lang='lat' dir='ltr'>num</span> <span class='ocrx_word' id='word_1_103' title='bbox 1322 1277 1421 1339; x_wconf 84' lang='lat' dir='ltr'>aeori-</span> 
     </span>
     <span class='ocr_line' id='line_1_12' title="bbox 93 1359 1421 1446; baseline 0.002 -21"><span class='ocrx_word' id='word_1_104' title='bbox 93 1363 211 1445; x_wconf 77' lang='lat' dir='ltr'>lepium</span> <span class='ocrx_word' id='word_1_105' title='bbox 233 1362 364 1425; x_wconf 74' lang='lat' dir='ltr'>mortale</span> <span class='ocrx_word' id='word_1_106' title='bbox 386 1359 431 1426; x_wconf 91' lang='lat' dir='ltr'>sit</span> <span class='ocrx_word' id='word_1_107' title='bbox 453 1360 611 1425; x_wconf 87' lang='lat' dir='ltr'>eiusmodi</span> <span class='ocrx_word' id='word_1_108' title='bbox 634 1359 763 1425; x_wconf 86' lang='lat' dir='ltr'>ordines</span> <span class='ocrx_word' id='word_1_109' title='bbox 785 1359 819 1424; x_wconf 93' lang='lat' dir='ltr'>in</span> <span class='ocrx_word' id='word_1_110' title='bbox 842 1365 933 1426; x_wconf 90' lang='lat' dir='ltr'>statu</span> <span class='ocrx_word' id='word_1_111' title='bbox 956 1361 1084 1446; x_wconf 89' lang='lat' dir='ltr'>peccati</span> <span class='ocrx_word' id='word_1_112' title='bbox 1107 1361 1281 1446; x_wconf 89' lang='lat' dir='ltr'>suscipere.</span> <span class='ocrx_word' id='word_1_113' title='bbox 1327 1363 1421 1427; x_wconf 85' lang='lat' dir='ltr'>Com-</span> 
     </span>
     <span class='ocr_line' id='line_1_13' title="bbox 95 1447 1422 1534; baseline 0.002 -19"><span class='ocrx_word' id='word_1_114' title='bbox 95 1450 238 1515; x_wconf 88' lang='lat' dir='ltr'>muniter</span> <span class='ocrx_word' id='word_1_115' title='bbox 265 1454 393 1526; x_wconf 86' lang='lat' dir='ltr'>autem,</span> <span class='ocrx_word' id='word_1_116' title='bbox 424 1447 452 1513; x_wconf 89' lang='lat' dir='ltr'>si</span> <span class='ocrx_word' id='word_1_117' title='bbox 482 1449 651 1531; x_wconf 90' lang='lat' dir='ltr'>quaeritur</span> <span class='ocrx_word' id='word_1_118' title='bbox 680 1450 721 1514; x_wconf 91' lang='lat' dir='ltr'>de</span> <span class='ocrx_word' id='word_1_119' title='bbox 751 1449 939 1533; x_wconf 89' lang='lat' dir='ltr'>sacrilegio,</span> <span class='ocrx_word' id='word_1_120' title='bbox 970 1452 1075 1516; x_wconf 92' lang='lat' dir='ltr'>solum</span> <span class='ocrx_word' id='word_1_121' title='bbox 1104 1451 1137 1515; x_wconf 91' lang='lat' dir='ltr'>id</span> <span class='ocrx_word' id='word_1_122' title='bbox 1168 1452 1254 1534; x_wconf 92' lang='lat' dir='ltr'>quod</span> <span class='ocrx_word' id='word_1_123' title='bbox 1283 1453 1422 1518; x_wconf 90' lang='lat' dir='ltr'>mortale</span> 
     </span>
     <span class='ocr_line' id='line_1_14' title="bbox 93 1537 1440 1623; baseline -0.004 -19"><span class='ocrx_word' id='word_1_124' title='bbox 93 1542 266 1623; x_wconf 88' lang='lat' dir='ltr'>peccatum</span> <span class='ocrx_word' id='word_1_125' title='bbox 290 1541 351 1615; x_wconf 89' lang='lat' dir='ltr'>est,</span> <span class='ocrx_word' id='word_1_126' title='bbox 375 1537 587 1619; x_wconf 89' lang='lat' dir='ltr'>intellegitur.</span> <span class='ocrx_word' id='word_1_127' title='bbox 1439 1613 1440 1617; x_wconf 7' lang='grc' dir='ltr'><strong>Ἰ</strong></span> 
     </span>
    </p>

    <p class='ocr_par' dir='ltr' id='par_1_4' title="bbox 93 1627 1422 2424">
     <span class='ocr_line' id='line_1_15' title="bbox 185 1627 1420 1707; baseline 0.002 -15"><span class='ocrx_word' id='word_1_128' title='bbox 185 1627 221 1692; x_wconf 90' lang='lat' dir='ltr'>Si</span> <span class='ocrx_word' id='word_1_129' title='bbox 243 1627 329 1692; x_wconf 93' lang='lat' dir='ltr'>enim</span> <span class='ocrx_word' id='word_1_130' title='bbox 352 1631 562 1693; x_wconf 88' lang='lat' dir='ltr'>sacramenta</span> <span class='ocrx_word' id='word_1_131' title='bbox 584 1629 678 1705; x_wconf 87' lang='lat' dir='ltr'>sunt,</span> <span class='ocrx_word' id='word_1_132' title='bbox 702 1630 780 1693; x_wconf 90' lang='lat' dir='ltr'>sunt</span> <span class='ocrx_word' id='word_1_133' title='bbox 800 1633 1010 1694; x_wconf 87' lang='lat' dir='ltr'>sacramenta</span> <span class='ocrx_word' id='word_1_134' title='bbox 1033 1649 1097 1694; x_wconf 92' lang='lat' dir='ltr'>non</span> <span class='ocrx_word' id='word_1_135' title='bbox 1120 1632 1339 1707; x_wconf 88' lang='lat' dir='ltr'>mortuorum,</span> <span class='ocrx_word' id='word_1_136' title='bbox 1364 1629 1420 1694; x_wconf 91' lang='lat' dir='ltr'>sed</span> 
     </span>
     <span class='ocr_line' id='line_1_16' title="bbox 95 1715 1422 1801; baseline 0.002 -21"><span class='ocrx_word' id='word_1_137' title='bbox 95 1716 256 1793; x_wconf 88' lang='lat' dir='ltr'>vivorum,</span> <span class='ocrx_word' id='word_1_138' title='bbox 281 1736 365 1798; x_wconf 91' lang='lat' dir='ltr'>quae</span> <span class='ocrx_word' id='word_1_139' title='bbox 387 1715 605 1801; x_wconf 82' lang='lat' dir='ltr'>praeexigunt</span> <span class='ocrx_word' id='word_1_140' title='bbox 628 1716 661 1780; x_wconf 95' lang='lat' dir='ltr'>in</span> <span class='ocrx_word' id='word_1_141' title='bbox 680 1715 878 1800; x_wconf 87' lang='lat' dir='ltr'>suscipiente</span> <span class='ocrx_word' id='word_1_142' title='bbox 894 1721 1019 1783; x_wconf 88' lang='lat' dir='ltr'>statum</span> <span class='ocrx_word' id='word_1_143' title='bbox 1035 1716 1181 1800; x_wconf 86' lang='lat' dir='ltr'>gratiae:</span> <span class='ocrx_word' id='word_1_144' title='bbox 1205 1738 1308 1800; x_wconf 90' lang='lat' dir='ltr'>eaque</span> <span class='ocrx_word' id='word_1_145' title='bbox 1324 1717 1422 1783; x_wconf 92' lang='lat' dir='ltr'>aliter</span> 
     </span>
     <span class='ocr_line' id='line_1_17' title="bbox 94 1804 1422 1890; baseline 0.002 -20"><span class='ocrx_word' id='word_1_146' title='bbox 94 1805 263 1890; x_wconf 88' lang='lat' dir='ltr'>suscipere</span> <span class='ocrx_word' id='word_1_147' title='bbox 286 1805 425 1871; x_wconf 84' lang='lat' dir='ltr'>mortale</span> <span class='ocrx_word' id='word_1_148' title='bbox 448 1804 656 1886; x_wconf 88' lang='lat' dir='ltr'>sacrilegium</span> <span class='ocrx_word' id='word_1_149' title='bbox 679 1807 740 1871; x_wconf 88' lang='lat' dir='ltr'>est.</span> <span class='ocrx_word' id='word_1_150' title='bbox 777 1805 833 1871; x_wconf 81' lang='lat' dir='ltr'>Tb.</span> <span class='ocrx_word' id='word_1_151' title='bbox 850 1827 891 1873; x_wconf 88' lang='lat' dir='ltr'>m.</span> <span class='ocrx_word' id='word_1_152' title='bbox 909 1806 950 1883; x_wconf 89' lang='lat'>11,</span> <span class='ocrx_word' id='word_1_153' title='bbox 969 1807 1021 1872; x_wconf 88' lang='grc'>50.</span> <span class='ocrx_word' id='word_1_154' title='bbox 1054 1806 1087 1872; x_wconf 84' lang='lat' dir='ltr'>si</span> <span class='ocrx_word' id='word_1_155' title='bbox 1111 1827 1191 1871; x_wconf 92' lang='lat' dir='ltr'>vero</span> <span class='ocrx_word' id='word_1_156' title='bbox 1214 1812 1422 1873; x_wconf 90' lang='lat' dir='ltr'>sacramenta</span> 
     </span>
     <span class='ocr_line' id='line_1_18' title="bbox 93 1893 1419 1978; baseline 0 -18"><span class='ocrx_word' id='word_1_157' title='bbox 93 1915 160 1960; x_wconf 91' lang='lat' dir='ltr'>non</span> <span class='ocrx_word' id='word_1_158' title='bbox 190 1898 284 1972; x_wconf 89' lang='lat' dir='ltr'>sunt,</span> <span class='ocrx_word' id='word_1_159' title='bbox 315 1914 380 1959; x_wconf 92' lang='lat' dir='ltr'>non</span> <span class='ocrx_word' id='word_1_160' title='bbox 403 1893 477 1959; x_wconf 91' lang='lat' dir='ltr'>ilico</span> <span class='ocrx_word' id='word_1_161' title='bbox 507 1893 545 1960; x_wconf 92' lang='lat' dir='ltr'>fit</span> <span class='ocrx_word' id='word_1_162' title='bbox 575 1898 612 1960; x_wconf 88' lang='lat' dir='ltr'>ut</span> <span class='ocrx_word' id='word_1_163' title='bbox 641 1894 764 1959; x_wconf 91' lang='lat' dir='ltr'>nullum</span> <span class='ocrx_word' id='word_1_164' title='bbox 794 1893 839 1960; x_wconf 89' lang='lat' dir='ltr'>sit</span> <span class='ocrx_word' id='word_1_165' title='bbox 861 1898 1051 1978; x_wconf 89' lang='lat' dir='ltr'>peccatum,</span> <span class='ocrx_word' id='word_1_166' title='bbox 1082 1916 1140 1961; x_wconf 89' lang='lat' dir='ltr'>eos</span> <span class='ocrx_word' id='word_1_167' title='bbox 1170 1899 1266 1961; x_wconf 82' lang='lat' dir='ltr'>extra</span> <span class='ocrx_word' id='word_1_168' title='bbox 1296 1899 1419 1960; x_wconf 90' lang='lat' dir='ltr'>statum</span> 
     </span>
     <span class='ocr_line' id='line_1_19' title="bbox 93 1981 1422 2068; baseline 0 -19"><span class='ocrx_word' id='word_1_169' title='bbox 93 1981 225 2066; x_wconf 88' lang='lat' dir='ltr'>gratiae</span> <span class='ocrx_word' id='word_1_170' title='bbox 248 1982 411 2068; x_wconf 86' lang='lat' dir='ltr'>recipere;</span> <span class='ocrx_word' id='word_1_171' title='bbox 441 1982 539 2049; x_wconf 89' lang='lat' dir='ltr'>immo</span> <span class='ocrx_word' id='word_1_172' title='bbox 570 2003 642 2048; x_wconf 89' lang='lat' dir='ltr'>cum</span> <span class='ocrx_word' id='word_1_173' title='bbox 672 1981 740 2050; x_wconf 92' lang='lat' dir='ltr'>sint</span> <span class='ocrx_word' id='word_1_174' title='bbox 768 2005 805 2048; x_wconf 90' lang='lat' dir='ltr'>re</span> <span class='ocrx_word' id='word_1_175' title='bbox 835 2004 916 2049; x_wconf 90' lang='lat' dir='ltr'>vera</span> <span class='ocrx_word' id='word_1_176' title='bbox 937 1983 1135 2051; x_wconf 89' lang='lat' dir='ltr'>introductio</span> <span class='ocrx_word' id='word_1_177' title='bbox 1158 1983 1192 2049; x_wconf 95' lang='lat' dir='ltr'>in</span> <span class='ocrx_word' id='word_1_178' title='bbox 1215 1987 1339 2051; x_wconf 88' lang='lat' dir='ltr'>statum</span> <span class='ocrx_word' id='word_1_179' title='bbox 1361 2005 1422 2068; x_wconf 91' lang='lat' dir='ltr'>per</span> 
     </span>
     <span class='ocr_line' id='line_1_20' title="bbox 94 2070 1421 2156; baseline 0.001 -19"><span class='ocrx_word' id='word_1_180' title='bbox 94 2070 266 2139; x_wconf 83' lang='lat' dir='ltr'>Ecclesiae</span> <span class='ocrx_word' id='word_1_181' title='bbox 288 2071 528 2139; x_wconf 87' lang='lat' dir='ltr'>institutionem</span> <span class='ocrx_word' id='word_1_182' title='bbox 552 2093 697 2150; x_wconf 88' lang='lat' dir='ltr'>sacrum,</span> <span class='ocrx_word' id='word_1_183' title='bbox 729 2071 860 2137; x_wconf 90' lang='lat' dir='ltr'>videtur</span> <span class='ocrx_word' id='word_1_184' title='bbox 883 2073 993 2156; x_wconf 90' lang='lat' dir='ltr'>aliqua</span> <span class='ocrx_word' id='word_1_185' title='bbox 1015 2072 1231 2140; x_wconf 86' lang='lat' dir='ltr'>irreverentia</span> <span class='ocrx_word' id='word_1_186' title='bbox 1261 2073 1421 2140; x_wconf 89' lang='lat' dir='ltr'>committi</span> 
     </span>
     <span class='ocr_line' id='line_1_21' title="bbox 94 2159 1420 2245; baseline 0.005 -18"><span class='ocrx_word' id='word_1_187' title='bbox 94 2162 138 2227; x_wconf 91' lang='lat' dir='ltr'>ab</span> <span class='ocrx_word' id='word_1_188' title='bbox 162 2182 200 2226; x_wconf 93' lang='lat' dir='ltr'>eo</span> <span class='ocrx_word' id='word_1_189' title='bbox 224 2159 280 2244; x_wconf 90' lang='lat' dir='ltr'>qui</span> <span class='ocrx_word' id='word_1_190' title='bbox 302 2164 380 2227; x_wconf 87' lang='lat' dir='ltr'>ante</span> <span class='ocrx_word' id='word_1_191' title='bbox 403 2181 515 2227; x_wconf 90' lang='lat' dir='ltr'>eorum</span> <span class='ocrx_word' id='word_1_192' title='bbox 533 2161 752 2245; x_wconf 89' lang='lat' dir='ltr'>receptionem</span> <span class='ocrx_word' id='word_1_193' title='bbox 772 2182 836 2226; x_wconf 92' lang='lat' dir='ltr'>non</span> <span class='ocrx_word' id='word_1_194' title='bbox 852 2162 1015 2228; x_wconf 81' lang='lat' dir='ltr'>studuerit</span> <span class='ocrx_word' id='word_1_195' title='bbox 1030 2163 1064 2228; x_wconf 91' lang='lat' dir='ltr'>in</span> <span class='ocrx_word' id='word_1_196' title='bbox 1079 2167 1170 2228; x_wconf 89' lang='lat' dir='ltr'>statu</span> <span class='ocrx_word' id='word_1_197' title='bbox 1185 2162 1314 2244; x_wconf 87' lang='lat' dir='ltr'>gratiae</span> <span class='ocrx_word' id='word_1_198' title='bbox 1330 2183 1420 2233; x_wconf 81' lang='lat' dir='ltr'>esee:</span> 
     </span>
     <span class='ocr_line' id='line_1_22' title="bbox 95 2250 1420 2334; baseline 0.002 -20"><span class='ocrx_word' id='word_1_199' title='bbox 95 2272 211 2316; x_wconf 86' lang='lat' dir='ltr'>verum</span> <span class='ocrx_word' id='word_1_200' title='bbox 234 2253 407 2334; x_wconf 87' lang='lat' dir='ltr'>peccatum</span> <span class='ocrx_word' id='word_1_201' title='bbox 430 2250 559 2315; x_wconf 91' lang='lat' dir='ltr'>veniale</span> <span class='ocrx_word' id='word_1_202' title='bbox 582 2250 663 2315; x_wconf 88' lang='lat' dir='ltr'>haec</span> <span class='ocrx_word' id='word_1_203' title='bbox 686 2250 902 2316; x_wconf 87' lang='lat' dir='ltr'>irreverentia</span> <span class='ocrx_word' id='word_1_204' title='bbox 924 2273 989 2317; x_wconf 93' lang='lat' dir='ltr'>non</span> <span class='ocrx_word' id='word_1_205' title='bbox 1005 2252 1146 2330; x_wconf 84' lang='lat' dir='ltr'>excedit,</span> <span class='ocrx_word' id='word_1_206' title='bbox 1169 2257 1270 2334; x_wconf 89' lang='lat' dir='ltr'>atque</span> <span class='ocrx_word' id='word_1_207' title='bbox 1286 2272 1329 2316; x_wconf 86' lang='lat' dir='ltr'>ex</span> <span class='ocrx_word' id='word_1_208' title='bbox 1344 2272 1420 2334; x_wconf 86' lang='lat' dir='ltr'>gra·</span> 
     </span>
     <span class='ocr_line' id='line_1_23' title="bbox 94 2338 1085 2424; baseline 0 -19"><span class='ocrx_word' id='word_1_209' title='bbox 94 2340 188 2406; x_wconf 86' lang='lat' dir='ltr'>viore</span> <span class='ocrx_word' id='word_1_210' title='bbox 211 2338 322 2421; x_wconf 88' lang='lat' dir='ltr'>aliqua</span> <span class='ocrx_word' id='word_1_211' title='bbox 344 2359 445 2404; x_wconf 90' lang='lat' dir='ltr'>causa</span> <span class='ocrx_word' id='word_1_212' title='bbox 467 2339 579 2404; x_wconf 87' lang='lat' dir='ltr'>evadit</span> <span class='ocrx_word' id='word_1_213' title='bbox 601 2339 679 2404; x_wconf 88' lang='lat' dir='ltr'>talis</span> <span class='ocrx_word' id='word_1_214' title='bbox 702 2340 847 2423; x_wconf 89' lang='lat' dir='ltr'>receptio</span> <span class='ocrx_word' id='word_1_215' title='bbox 870 2340 1085 2424; x_wconf 90' lang='lat' dir='ltr'>inculpabilis.</span> 
     </span>
    </p>

    <p class='ocr_par' dir='ltr' id='par_1_5' title="bbox 93 2427 1421 2780">
     <span class='ocr_line' id='line_1_24' title="bbox 184 2427 1420 2514; baseline 0 -22"><span class='ocrx_word' id='word_1_216' title='bbox 184 2427 321 2493; x_wconf 91' lang='lat' dir='ltr'>Licebat</span> <span class='ocrx_word' id='word_1_217' title='bbox 349 2427 452 2510; x_wconf 90' lang='lat' dir='ltr'>igitur</span> <span class='ocrx_word' id='word_1_218' title='bbox 479 2427 644 2511; x_wconf 91' lang='lat' dir='ltr'>Leopoldo</span> <span class='ocrx_word' id='word_1_219' title='bbox 674 2428 818 2511; x_wconf 90' lang='lat' dir='ltr'>practice</span> <span class='ocrx_word' id='word_1_220' title='bbox 847 2428 921 2495; x_wconf 90' lang='lat' dir='ltr'>huic</span> <span class='ocrx_word' id='word_1_221' title='bbox 951 2429 1109 2514; x_wconf 87' lang='lat' dir='ltr'>opinioni,</span> <span class='ocrx_word' id='word_1_222' title='bbox 1141 2450 1225 2512; x_wconf 92' lang='lat' dir='ltr'>quae</span> <span class='ocrx_word' id='word_1_223' title='bbox 1256 2427 1420 2494; x_wconf 88' lang='lat' dir='ltr'>ordinibus</span> 
     </span>
     <span class='ocr_line' id='line_1_25' title="bbox 95 2516 1420 2602; baseline 0 -20"><span class='ocrx_word' id='word_1_224' title='bbox 95 2517 275 2583; x_wconf 90' lang='lat' dir='ltr'>minoribus</span> <span class='ocrx_word' id='word_1_225' title='bbox 299 2516 461 2582; x_wconf 89' lang='lat' dir='ltr'>rationem</span> <span class='ocrx_word' id='word_1_226' title='bbox 490 2518 688 2582; x_wconf 91' lang='lat' dir='ltr'>sacramenti</span> <span class='ocrx_word' id='word_1_227' title='bbox 717 2517 824 2582; x_wconf 87' lang='lat' dir='ltr'>inesse</span> <span class='ocrx_word' id='word_1_228' title='bbox 854 2524 972 2600; x_wconf 89' lang='lat' dir='ltr'>neget,</span> <span class='ocrx_word' id='word_1_229' title='bbox 1005 2519 1138 2602; x_wconf 90' lang='lat' dir='ltr'>eiusque</span> <span class='ocrx_word' id='word_1_230' title='bbox 1167 2518 1420 2601; x_wconf 87' lang='lat' dir='ltr'>consequentiae</span> 
     </span>
     <span class='ocr_line' id='line_1_26' title="bbox 95 2606 1421 2692; baseline 0.002 -22"><span class='ocrx_word' id='word_1_231' title='bbox 95 2628 170 2672; x_wconf 89' lang='lat' dir='ltr'>sese</span> <span class='ocrx_word' id='word_1_232' title='bbox 194 2606 408 2672; x_wconf 86' lang='lat' dir='ltr'>conformare.</span> <span class='ocrx_word' id='word_1_233' title='bbox 440 2606 587 2673; x_wconf 88' lang='lat' dir='ltr'>Bened.</span> <span class='ocrx_word' id='word_1_234' title='bbox 605 2606 692 2683; x_wconf 88' lang='lat' dir='ltr'>XIV,</span> <span class='ocrx_word' id='word_1_235' title='bbox 716 2607 766 2673; x_wconf 85' lang='lat' dir='ltr'>De</span> <span class='ocrx_word' id='word_1_236' title='bbox 789 2629 858 2692; x_wconf 85' lang='lat' dir='ltr'>ayn.</span> <span class='ocrx_word' id='word_1_237' title='bbox 884 2610 979 2674; x_wconf 84' lang='lat' dir='ltr'>dioec.</span> <span class='ocrx_word' id='word_1_238' title='bbox 997 2608 1018 2675; x_wconf 89' lang='lat' dir='ltr'>l.</span> <span class='ocrx_word' id='word_1_239' title='bbox 1036 2610 1067 2685; x_wconf 88' lang='grc'>8,</span> <span class='ocrx_word' id='word_1_240' title='bbox 1092 2628 1118 2674; x_wconf 91' lang='lat' dir='ltr'>c.</span> <span class='ocrx_word' id='word_1_241' title='bbox 1136 2610 1167 2685; x_wconf 90' lang='grc'>9,</span> <span class='ocrx_word' id='word_1_242' title='bbox 1191 2629 1222 2674; x_wconf 90' lang='lat' dir='ltr'>n.</span> <span class='ocrx_word' id='word_1_243' title='bbox 1242 2609 1299 2678; x_wconf 83' lang='lat'>12:</span> <span class='ocrx_word' id='word_1_244' title='bbox 1325 2607 1421 2673; x_wconf 83' lang='lat' dir='ltr'>Gas-</span> 
     </span>
     <span class='ocr_line' id='line_1_27' title="bbox 93 2696 445 2780; baseline 0 -18"><span class='ocrx_word' id='word_1_245' title='bbox 93 2696 211 2780; x_wconf 90' lang='lat' dir='ltr'>parri</span> <span class='ocrx_word' id='word_1_246' title='bbox 234 2696 257 2762; x_wconf 91' lang='lat'>1.</span> <span class='ocrx_word' id='word_1_247' title='bbox 281 2717 308 2761; x_wconf 91' lang='lat' dir='ltr'>c.</span> <span class='ocrx_word' id='word_1_248' title='bbox 335 2717 367 2760; x_wconf 92' lang='lat' dir='ltr'>n.</span> <span class='ocrx_word' id='word_1_249' title='bbox 391 2698 445 2762; x_wconf 78' lang='lat'>44.</span> 
     </span>
    </p>
   </div>
   <div class='ocr_carea' id='block_1_4' title="bbox 93 2817 1481 3347">
    <p class='ocr_par' dir='ltr' id='par_1_6' title="bbox 93 2817 1481 3347">
     <span class='ocr_line' id='line_1_28' title="bbox 184 2817 1481 2903; baseline 0.002 -18"><span class='ocrx_word' id='word_1_250' title='bbox 184 2821 238 2885; x_wconf 84' lang='lat' dir='ltr'>An</span> <span class='ocrx_word' id='word_1_251' title='bbox 261 2839 453 2896; x_wconf 72' lang='lat' dir='ltr'>quaeamus</span> <span class='ocrx_word' id='word_1_252' title='bbox 477 2821 516 2883; x_wconf 78' lang='lat'>2¹¹</span> <span class='ocrx_word' id='word_1_253' title='bbox 539 2818 578 2885; x_wconf 87' lang='lat' dir='ltr'>R.</span> <span class='ocrx_word' id='word_1_254' title='bbox 606 2821 633 2886; x_wconf 93' lang='lat' dir='ltr'>l.</span> <span class='ocrx_word' id='word_1_255' title='bbox 673 2819 787 2884; x_wconf 80' lang='lat' dir='ltr'>Exeo</span> <span class='ocrx_word' id='word_1_256' title='bbox 817 2819 904 2903; x_wconf 89' lang='lat' dir='ltr'>quod</span> <span class='ocrx_word' id='word_1_257' title='bbox 934 2818 1051 2902; x_wconf 91' lang='lat' dir='ltr'>aliquis</span> <span class='ocrx_word' id='word_1_258' title='bbox 1082 2817 1219 2903; x_wconf 89' lang='lat' dir='ltr'>recipiat</span> <span class='ocrx_word' id='word_1_259' title='bbox 1251 2824 1417 2884; x_wconf 89' lang='lat' dir='ltr'>tonsuram</span> <span class='ocrx_word' id='word_1_260' title='bbox 1429 2835 1481 2887; x_wconf 85' lang='lat'>684</span> 
     </span>
     <span class='ocr_line' id='line_1_29' title="bbox 94 2907 1419 2992; baseline -0.001 -19"><span class='ocrx_word' id='word_1_261' title='bbox 94 2909 149 2974; x_wconf 89' lang='lat' dir='ltr'>vel</span> <span class='ocrx_word' id='word_1_262' title='bbox 172 2908 315 2974; x_wconf 89' lang='lat' dir='ltr'>minores</span> <span class='ocrx_word' id='word_1_263' title='bbox 339 2908 479 2985; x_wconf 87' lang='lat' dir='ltr'>ordines,</span> <span class='ocrx_word' id='word_1_264' title='bbox 503 2908 645 2973; x_wconf 92' lang='lat' dir='ltr'>nondum</span> <span class='ocrx_word' id='word_1_265' title='bbox 670 2907 887 2991; x_wconf 85' lang='lat' dir='ltr'>adstringitur</span> <span class='ocrx_word' id='word_1_266' title='bbox 909 2908 951 2973; x_wconf 89' lang='lat' dir='ltr'>ad</span> <span class='ocrx_word' id='word_1_267' title='bbox 967 2909 1188 2992; x_wconf 89' lang='lat' dir='ltr'>suscipiendos</span> <span class='ocrx_word' id='word_1_268' title='bbox 1204 2908 1334 2973; x_wconf 88' lang='lat' dir='ltr'>ordines</span> <span class='ocrx_word' id='word_1_269' title='bbox 1350 2928 1419 2972; x_wconf 91' lang='lat' dir='ltr'>ma-</span> 
     </span>
     <span class='ocr_line' id='line_1_30' title="bbox 94 2996 1420 3081; baseline -0.002 -18"><span class='ocrx_word' id='word_1_270' title='bbox 94 2998 197 3075; x_wconf 90' lang='lat' dir='ltr'>iores,</span> <span class='ocrx_word' id='word_1_271' title='bbox 238 2998 428 3080; x_wconf 90' lang='lat' dir='ltr'>quibuscum</span> <span class='ocrx_word' id='word_1_272' title='bbox 465 2997 562 3079; x_wconf 88' lang='lat' dir='ltr'>longe</span> <span class='ocrx_word' id='word_1_273' title='bbox 598 2996 733 3080; x_wconf 89' lang='lat' dir='ltr'>gravior</span> <span class='ocrx_word' id='word_1_274' title='bbox 765 2997 972 3079; x_wconf 88' lang='lat' dir='ltr'>coniungitur</span> <span class='ocrx_word' id='word_1_275' title='bbox 1002 2997 1168 3080; x_wconf 86' lang='lat' dir='ltr'>obligatio.</span> <span class='ocrx_word' id='word_1_276' title='bbox 1215 2997 1420 3081; x_wconf 87' lang='lat' dir='ltr'>Quapropter</span> 
     </span>
     <span class='ocr_line' id='line_1_31' title="bbox 94 3085 1418 3171; baseline -0.002 -20"><span class='ocrx_word' id='word_1_277' title='bbox 94 3087 232 3170; x_wconf 91' lang='lat' dir='ltr'>quilibet</span> <span class='ocrx_word' id='word_1_278' title='bbox 264 3088 381 3152; x_wconf 88' lang='lat' dir='ltr'>saltem</span> <span class='ocrx_word' id='word_1_279' title='bbox 414 3090 525 3171; x_wconf 89' lang='lat' dir='ltr'>potest</span> <span class='ocrx_word' id='word_1_280' title='bbox 557 3086 589 3150; x_wconf 93' lang='lat' dir='ltr'>in</span> <span class='ocrx_word' id='word_1_281' title='bbox 622 3085 837 3171; x_wconf 89' lang='lat' dir='ltr'>suscipiendis</span> <span class='ocrx_word' id='word_1_282' title='bbox 869 3087 1034 3152; x_wconf 89' lang='lat' dir='ltr'>ordinibus</span> <span class='ocrx_word' id='word_1_283' title='bbox 1066 3085 1244 3151; x_wconf 90' lang='lat' dir='ltr'>minoribus</span> <span class='ocrx_word' id='word_1_284' title='bbox 1276 3085 1418 3150; x_wconf 91' lang='lat' dir='ltr'>animum</span> 
     </span>
     <span class='ocr_line' id='line_1_32' title="bbox 94 3174 1419 3259; baseline 0 -19"><span class='ocrx_word' id='word_1_285' title='bbox 94 3176 238 3243; x_wconf 91' lang='lat' dir='ltr'>retinere</span> <span class='ocrx_word' id='word_1_286' title='bbox 261 3196 454 3259; x_wconf 87' lang='lat' dir='ltr'>suspensum</span> <span class='ocrx_word' id='word_1_287' title='bbox 478 3180 577 3257; x_wconf 90' lang='lat' dir='ltr'>atque</span> <span class='ocrx_word' id='word_1_288' title='bbox 599 3195 709 3240; x_wconf 89' lang='lat' dir='ltr'>secum</span> <span class='ocrx_word' id='word_1_289' title='bbox 734 3175 886 3259; x_wconf 89' lang='lat' dir='ltr'>deinceps</span> <span class='ocrx_word' id='word_1_290' title='bbox 909 3175 1091 3241; x_wconf 89' lang='lat' dir='ltr'>deliberare</span> <span class='ocrx_word' id='word_1_291' title='bbox 1115 3179 1149 3241; x_wconf 88' lang='lat' dir='ltr'>et</span> <span class='ocrx_word' id='word_1_292' title='bbox 1178 3174 1219 3240; x_wconf 94' lang='lat' dir='ltr'>de</span> <span class='ocrx_word' id='word_1_293' title='bbox 1249 3174 1419 3240; x_wconf 90' lang='lat' dir='ltr'>vocatione</span> 
     </span>
     <span class='ocr_line' id='line_1_33' title="bbox 93 3264 612 3347; baseline -0.002 -16"><span class='ocrx_word' id='word_1_294' title='bbox 93 3266 136 3331; x_wconf 90' lang='lat' dir='ltr'>ad</span> <span class='ocrx_word' id='word_1_295' title='bbox 160 3265 281 3332; x_wconf 91' lang='lat' dir='ltr'>altiora</span> <span class='ocrx_word' id='word_1_296' title='bbox 304 3264 416 3330; x_wconf 89' lang='lat' dir='ltr'>sedulo</span> <span class='ocrx_word' id='word_1_297' title='bbox 439 3265 612 3347; x_wconf 87' lang='lat' dir='ltr'>inquirere.</span> 
     </span>
    </p>
   </div>
   <div class='ocr_carea' id='block_1_5' title="bbox 93 3369 1418 4343">
    <p class='ocr_par' dir='ltr' id='par_1_7' title="bbox 93 3369 1418 3811">
     <span class='ocr_line' id='line_1_34' title="bbox 184 3369 1417 3454; baseline -0.002 -16"><span class='ocrx_word' id='word_1_298' title='bbox 184 3371 222 3439; x_wconf 87' lang='lat' dir='ltr'>R.</span> <span class='ocrx_word' id='word_1_299' title='bbox 248 3375 278 3439; x_wconf 88' lang='lat'>2.</span> <span class='ocrx_word' id='word_1_300' title='bbox 320 3374 478 3454; x_wconf 78' lang='lat' dir='ltr'>„Aairnus</span> <span class='ocrx_word' id='word_1_301' title='bbox 500 3369 706 3452; x_wconf 57' lang='lat' dir='ltr'>clericandffl,</span> <span class='ocrx_word' id='word_1_302' title='bbox 735 3392 831 3452; x_wconf 92' lang='lat' dir='ltr'>quem</span> <span class='ocrx_word' id='word_1_303' title='bbox 855 3371 1037 3454; x_wconf 85' lang='lat' dir='ltr'>complures</span> <span class='ocrx_word' id='word_1_304' title='bbox 1061 3391 1104 3435; x_wconf 87' lang='lat' dir='ltr'>ex</span> <span class='ocrx_word' id='word_1_305' title='bbox 1127 3369 1235 3436; x_wconf 83' lang='lat' dir='ltr'>Trid.</span> <span class='ocrx_word' id='word_1_306' title='bbox 1260 3391 1339 3436; x_wconf 85' lang='lat' dir='ltr'>sess.</span> <span class='ocrx_word' id='word_1_307' title='bbox 1365 3373 1417 3449; x_wconf 84' lang='lat'>23,</span> 
     </span>
     <span class='ocr_line' id='line_1_35' title="bbox 93 3458 1418 3546; baseline -0.003 -18"><span class='ocrx_word' id='word_1_308' title='bbox 93 3482 166 3546; x_wconf 89' lang='lat' dir='ltr'>cap.</span> <span class='ocrx_word' id='word_1_309' title='bbox 191 3465 212 3526; x_wconf 78' lang='lat'>4</span> <span class='ocrx_word' id='word_1_310' title='bbox 236 3464 274 3527; x_wconf 91' lang='lat' dir='ltr'>ut</span> <span class='ocrx_word' id='word_1_311' title='bbox 295 3460 518 3527; x_wconf 89' lang='lat' dir='ltr'>necessarium</span> <span class='ocrx_word' id='word_1_312' title='bbox 541 3461 572 3525; x_wconf 93' lang='lat' dir='ltr'>in</span> <span class='ocrx_word' id='word_1_313' title='bbox 597 3459 795 3544; x_wconf 89' lang='lat' dir='ltr'>suscipiente</span> <span class='ocrx_word' id='word_1_314' title='bbox 818 3460 958 3524; x_wconf 90' lang='lat' dir='ltr'>minores</span> <span class='ocrx_word' id='word_1_315' title='bbox 982 3458 1112 3525; x_wconf 89' lang='lat' dir='ltr'>ordines</span> <span class='ocrx_word' id='word_1_316' title='bbox 1141 3459 1327 3542; x_wconf 89' lang='lat' dir='ltr'>requirunt,</span> <span class='ocrx_word' id='word_1_317' title='bbox 1361 3459 1418 3524; x_wconf 94' lang='lat' dir='ltr'>do-</span> 
     </span>
     <span class='ocr_line' id='line_1_36' title="bbox 93 3548 1417 3633; baseline -0.003 -16"><span class='ocrx_word' id='word_1_318' title='bbox 93 3556 191 3618; x_wconf 92' lang='lat' dir='ltr'>cente</span> <span class='ocrx_word' id='word_1_319' title='bbox 215 3551 247 3616; x_wconf 88' lang='lat' dir='ltr'>S.</span> <span class='ocrx_word' id='word_1_320' title='bbox 272 3550 485 3633; x_wconf 86' lang='lat' dir='ltr'>Alphonso</span> <span class='ocrx_word' id='word_1_321' title='bbox 508 3550 529 3616; x_wconf 93' lang='lat' dir='ltr'>l.</span> <span class='ocrx_word' id='word_1_322' title='bbox 555 3570 582 3616; x_wconf 90' lang='lat' dir='ltr'>c.</span> <span class='ocrx_word' id='word_1_323' title='bbox 608 3572 638 3615; x_wconf 89' lang='lat' dir='ltr'>n.</span> <span class='ocrx_word' id='word_1_324' title='bbox 664 3551 744 3627; x_wconf 81' lang='lat'>785,</span> <span class='ocrx_word' id='word_1_325' title='bbox 778 3549 866 3614; x_wconf 89' lang='lat' dir='ltr'>aliud</span> <span class='ocrx_word' id='word_1_326' title='bbox 890 3569 954 3614; x_wconf 92' lang='lat' dir='ltr'>non</span> <span class='ocrx_word' id='word_1_327' title='bbox 979 3549 1057 3614; x_wconf 91' lang='lat' dir='ltr'>dicit</span> <span class='ocrx_word' id='word_1_328' title='bbox 1087 3548 1148 3614; x_wconf 91' lang='lat' dir='ltr'>nisi</span> <span class='ocrx_word' id='word_1_329' title='bbox 1186 3548 1417 3625; x_wconf 82' lang='lat' dir='ltr'>„intentionem</span> 
     </span>
     <span class='ocr_line' id='line_1_37' title="bbox 93 3637 1418 3724; baseline -0.004 -17"><span class='ocrx_word' id='word_1_330' title='bbox 93 3638 286 3724; x_wconf 89' lang='lat' dir='ltr'>praestandi</span> <span class='ocrx_word' id='word_1_331' title='bbox 309 3639 378 3704; x_wconf 89' lang='lat' dir='ltr'>Deo</span> <span class='ocrx_word' id='word_1_332' title='bbox 402 3639 529 3704; x_wconf 91' lang='lat' dir='ltr'>fidelem</span> <span class='ocrx_word' id='word_1_333' title='bbox 553 3638 715 3704; x_wconf 83' lang='lat' dir='ltr'>cultum“:</span> <span class='ocrx_word' id='word_1_334' title='bbox 744 3659 807 3720; x_wconf 94' lang='lat' dir='ltr'>quo</span> <span class='ocrx_word' id='word_1_335' title='bbox 831 3659 895 3703; x_wconf 93' lang='lat' dir='ltr'>non</span> <span class='ocrx_word' id='word_1_336' title='bbox 918 3638 1095 3721; x_wconf 83' lang='lat' dir='ltr'>impeditur</span> <span class='ocrx_word' id='word_1_337' title='bbox 1117 3637 1314 3704; x_wconf 92' lang='lat' dir='ltr'>ordinandus</span> <span class='ocrx_word' id='word_1_338' title='bbox 1338 3659 1418 3720; x_wconf 91' lang='lat' dir='ltr'>quo-</span> 
     </span>
     <span class='ocr_line' id='line_1_38' title="bbox 95 3727 778 3811; baseline -0.003 -17"><span class='ocrx_word' id='word_1_339' title='bbox 95 3728 204 3795; x_wconf 87' lang='lat' dir='ltr'>minus</span> <span class='ocrx_word' id='word_1_340' title='bbox 227 3729 310 3794; x_wconf 92' lang='lat' dir='ltr'>nolit</span> <span class='ocrx_word' id='word_1_341' title='bbox 333 3728 511 3794; x_wconf 89' lang='lat' dir='ltr'>ascendere</span> <span class='ocrx_word' id='word_1_342' title='bbox 534 3727 576 3792; x_wconf 91' lang='lat' dir='ltr'>ad</span> <span class='ocrx_word' id='word_1_343' title='bbox 599 3727 778 3811; x_wconf 83' lang='lat' dir='ltr'>superiora.</span> 
     </span>
    </p>

    <p class='ocr_par' dir='ltr' id='par_1_8' title="bbox 93 3814 1418 4343">
     <span class='ocr_line' id='line_1_39' title="bbox 183 3814 1418 3900; baseline -0.002 -17"><span class='ocrx_word' id='word_1_344' title='bbox 183 3818 287 3883; x_wconf 91' lang='lat' dir='ltr'>Immo</span> <span class='ocrx_word' id='word_1_345' title='bbox 311 3816 491 3899; x_wconf 87' lang='lat' dir='ltr'>decoqui</span> <span class='ocrx_word' id='word_1_346' title='bbox 515 3822 630 3900; x_wconf 89' lang='lat' dir='ltr'>postea</span> <span class='ocrx_word' id='word_1_347' title='bbox 659 3837 795 3881; x_wconf 85' lang='lat' dir='ltr'>uxorem</span> <span class='ocrx_word' id='word_1_348' title='bbox 825 3815 914 3882; x_wconf 91' lang='lat' dir='ltr'>ducit</span> <span class='ocrx_word' id='word_1_349' title='bbox 936 3815 968 3882; x_wconf 85' lang='lat' dir='ltr'>S.</span> <span class='ocrx_word' id='word_1_350' title='bbox 992 3816 1189 3899; x_wconf 84' lang='lat' dir='ltr'>Alphons.</span> <span class='ocrx_word' id='word_1_351' title='bbox 1214 3816 1235 3880; x_wconf 90' lang='lat' dir='ltr'>l.</span> <span class='ocrx_word' id='word_1_352' title='bbox 1260 3836 1288 3882; x_wconf 91' lang='lat' dir='ltr'>c.</span> <span class='ocrx_word' id='word_1_353' title='bbox 1318 3814 1418 3880; x_wconf 89' lang='lat' dir='ltr'>habet</span> 
     </span>
     <span class='ocr_line' id='line_1_40' title="bbox 93 3904 1418 3989; baseline -0.005 -16"><span class='ocrx_word' id='word_1_354' title='bbox 93 3908 193 3974; x_wconf 85' lang='lat' dir='ltr'>haec:</span> <span class='ocrx_word' id='word_1_355' title='bbox 228 3905 398 3986; x_wconf 82' lang='lat' dir='ltr'>‚clericum</span> <span class='ocrx_word' id='word_1_356' title='bbox 423 3905 478 3989; x_wconf 90' lang='lat' dir='ltr'>qui</span> <span class='ocrx_word' id='word_1_357' title='bbox 501 3906 649 3972; x_wconf 89' lang='lat' dir='ltr'>initiatus</span> <span class='ocrx_word' id='word_1_358' title='bbox 671 3905 704 3970; x_wconf 93' lang='lat' dir='ltr'>in</span> <span class='ocrx_word' id='word_1_359' title='bbox 729 3905 906 3970; x_wconf 90' lang='lat' dir='ltr'>minoribus</span> <span class='ocrx_word' id='word_1_360' title='bbox 930 3926 1066 3970; x_wconf 87' lang='lat' dir='ltr'>uxorem</span> <span class='ocrx_word' id='word_1_361' title='bbox 1090 3905 1195 3981; x_wconf 87' lang='lat' dir='ltr'>ducit,</span> <span class='ocrx_word' id='word_1_362' title='bbox 1226 3926 1285 3987; x_wconf 92' lang='lat' dir='ltr'>per</span> <span class='ocrx_word' id='word_1_363' title='bbox 1310 3925 1346 3968; x_wconf 89' lang='lat' dir='ltr'>se</span> <span class='ocrx_word' id='word_1_364' title='bbox 1369 3904 1418 3968; x_wconf 92' lang='lat' dir='ltr'>lo·</span> 
     </span>
     <span class='ocr_line' id='line_1_41' title="bbox 96 3991 1417 4079; baseline -0.004 -18"><span class='ocrx_word' id='word_1_365' title='bbox 96 3997 224 4079; x_wconf 88' lang='lat' dir='ltr'>quando</span> <span class='ocrx_word' id='word_1_366' title='bbox 248 4000 374 4062; x_wconf 91' lang='lat' dir='ltr'>certum</span> <span class='ocrx_word' id='word_1_367' title='bbox 398 4001 537 4062; x_wconf 91' lang='lat' dir='ltr'>estnon</span> <span class='ocrx_word' id='word_1_368' title='bbox 561 4015 699 4079; x_wconf 86' lang='lat' dir='ltr'>peccare</span> <span class='ocrx_word' id='word_1_369' title='bbox 722 3994 880 4076; x_wconf 87' lang='lat' dir='ltr'>graviter,</span> <span class='ocrx_word' id='word_1_370' title='bbox 904 3994 1002 4059; x_wconf 89' lang='lat' dir='ltr'>immo</span> <span class='ocrx_word' id='word_1_371' title='bbox 1026 4016 1085 4059; x_wconf 92' lang='lat' dir='ltr'>nec</span> <span class='ocrx_word' id='word_1_372' title='bbox 1108 3993 1206 4059; x_wconf 91' lang='lat' dir='ltr'>etiam</span> <span class='ocrx_word' id='word_1_373' title='bbox 1230 3992 1366 4067; x_wconf 85' lang='lat' dir='ltr'>leviter,</span> <span class='ocrx_word' id='word_1_374' title='bbox 1390 3991 1417 4056; x_wconf 91' lang='lat' dir='ltr'>si</span> 
     </span>
     <span class='ocr_line' id='line_1_42' title="bbox 95 4082 1417 4168; baseline -0.005 -17"><span class='ocrx_word' id='word_1_375' title='bbox 95 4086 135 4151; x_wconf 92' lang='lat' dir='ltr'>ob</span> <span class='ocrx_word' id='word_1_376' title='bbox 158 4086 279 4152; x_wconf 91' lang='lat' dir='ltr'>iustam</span> <span class='ocrx_word' id='word_1_377' title='bbox 303 4106 435 4151; x_wconf 89' lang='lat' dir='ltr'>causam</span> <span class='ocrx_word' id='word_1_378' title='bbox 460 4084 521 4148; x_wconf 90' lang='lat' dir='ltr'>hoc</span> <span class='ocrx_word' id='word_1_379' title='bbox 544 4084 640 4162; x_wconf 89' lang='lat' dir='ltr'>facit,</span> <span class='ocrx_word' id='word_1_380' title='bbox 665 4088 746 4168; x_wconf 92' lang='lat' dir='ltr'>puta</span> <span class='ocrx_word' id='word_1_381' title='bbox 768 4084 810 4148; x_wconf 89' lang='lat' dir='ltr'>ad</span> <span class='ocrx_word' id='word_1_382' title='bbox 834 4084 995 4148; x_wconf 89' lang='lat' dir='ltr'>sedandas</span> <span class='ocrx_word' id='word_1_383' title='bbox 1017 4082 1204 4148; x_wconf 89' lang='lat' dir='ltr'>inimicitias</span> <span class='ocrx_word' id='word_1_384' title='bbox 1227 4086 1285 4146; x_wconf 87' lang='lat' dir='ltr'>aut</span> <span class='ocrx_word' id='word_1_385' title='bbox 1308 4085 1417 4147; x_wconf 88' lang='lat' dir='ltr'>tenta-</span> 
     </span>
     <span class='ocr_line' id='line_1_43' title="bbox 94 4171 1418 4257; baseline -0.005 -16"><span class='ocrx_word' id='word_1_386' title='bbox 94 4175 202 4241; x_wconf 86' lang='lat' dir='ltr'>tiones</span> <span class='ocrx_word' id='word_1_387' title='bbox 232 4174 367 4241; x_wconf 85' lang='lat' dir='ltr'>carnis.“</span> <span class='ocrx_word' id='word_1_388' title='bbox 418 4173 551 4257; x_wconf 80' lang='lat' dir='ltr'>Excipit</span> <span class='ocrx_word' id='word_1_389' title='bbox 581 4174 612 4241; x_wconf 87' lang='lat' dir='ltr'>S.</span> <span class='ocrx_word' id='word_1_390' title='bbox 636 4175 760 4239; x_wconf 88' lang='lat' dir='ltr'>Doctor</span> <span class='ocrx_word' id='word_1_391' title='bbox 790 4193 917 4249; x_wconf 88' lang='lat' dir='ltr'>casum,</span> <span class='ocrx_word' id='word_1_392' title='bbox 952 4194 1014 4255; x_wconf 93' lang='lat' dir='ltr'>quo</span> <span class='ocrx_word' id='word_1_393' title='bbox 1048 4172 1119 4254; x_wconf 91' lang='lat' dir='ltr'>quis</span> <span class='ocrx_word' id='word_1_394' title='bbox 1150 4175 1258 4236; x_wconf 90' lang='lat' dir='ltr'>certus</span> <span class='ocrx_word' id='word_1_395' title='bbox 1289 4171 1328 4235; x_wconf 91' lang='lat' dir='ltr'>de</span> <span class='ocrx_word' id='word_1_396' title='bbox 1358 4191 1418 4234; x_wconf 91' lang='lat' dir='ltr'>sua</span> 
     </span>
     <span class='ocr_line' id='line_1_44' title="bbox 95 4263 950 4343; baseline 0.001 -15"><span class='ocrx_word' id='word_1_397' title='bbox 95 4265 269 4331; x_wconf 92' lang='lat' dir='ltr'>vocatione</span> <span class='ocrx_word' id='word_1_398' title='bbox 292 4264 334 4329; x_wconf 89' lang='lat' dir='ltr'>ad</span> <span class='ocrx_word' id='word_1_399' title='bbox 357 4263 576 4330; x_wconf 88' lang='lat' dir='ltr'>sacerdotium</span> <span class='ocrx_word' id='word_1_400' title='bbox 600 4284 671 4328; x_wconf 93' lang='lat' dir='ltr'>eam</span> <span class='ocrx_word' id='word_1_401' title='bbox 695 4284 760 4327; x_wconf 93' lang='lat' dir='ltr'>non</span> <span class='ocrx_word' id='word_1_402' title='bbox 783 4268 950 4343; x_wconf 89' lang='lat' dir='ltr'>sequatur.</span> 
     </span>
    </p>
   </div>
   <div class='ocr_carea' id='block_1_6' title="bbox 93 4365 1418 4720">
    <p class='ocr_par' dir='ltr' id='par_1_9' title="bbox 93 4365 1418 4720">
     <span class='ocr_line' id='line_1_45' title="bbox 185 4365 1418 4452; baseline -0.008 -15"><span class='ocrx_word' id='word_1_403' title='bbox 185 4372 224 4437; x_wconf 78' lang='lat' dir='ltr'>R.</span> <span class='ocrx_word' id='word_1_404' title='bbox 249 4374 279 4436; x_wconf 89' lang='lat'>3.</span> <span class='ocrx_word' id='word_1_405' title='bbox 318 4370 356 4435; x_wconf 93' lang='lat' dir='ltr'>In</span> <span class='ocrx_word' id='word_1_406' title='bbox 379 4374 491 4436; x_wconf 85' lang='lat' dir='ltr'>nostro</span> <span class='ocrx_word' id='word_1_407' title='bbox 515 4370 616 4452; x_wconf 89' lang='lat' dir='ltr'>igitur</span> <span class='ocrx_word' id='word_1_408' title='bbox 639 4390 717 4434; x_wconf 87' lang='lat' dir='ltr'>casu</span> <span class='ocrx_word' id='word_1_409' title='bbox 740 4369 938 4451; x_wconf 87' lang='lat' dir='ltr'>Leopoldum</span> <span class='ocrx_word' id='word_1_410' title='bbox 963 4366 1088 4451; x_wconf 87' lang='lat' dir='ltr'>peccati</span> <span class='ocrx_word' id='word_1_411' title='bbox 1119 4365 1231 4448; x_wconf 88' lang='lat' dir='ltr'>gravis</span> <span class='ocrx_word' id='word_1_412' title='bbox 1263 4385 1418 4430; x_wconf 89' lang='lat' dir='ltr'>accusare</span> 
     </span>
     <span class='ocr_line' id='line_1_46' title="bbox 93 4452 1418 4545; baseline -0.008 -17"><span class='ocrx_word' id='word_1_413' title='bbox 93 4483 159 4528; x_wconf 93' lang='lat' dir='ltr'>non</span> <span class='ocrx_word' id='word_1_414' title='bbox 184 4479 365 4545; x_wconf 88' lang='lat' dir='ltr'>possumus,</span> <span class='ocrx_word' id='word_1_415' title='bbox 390 4459 451 4524; x_wconf 88' lang='lat' dir='ltr'>nisi</span> <span class='ocrx_word' id='word_1_416' title='bbox 475 4459 561 4525; x_wconf 78' lang='lat' dir='ltr'>torte</span> <span class='ocrx_word' id='word_1_417' title='bbox 585 4480 627 4524; x_wconf 85' lang='lat' dir='ltr'>ex</span> <span class='ocrx_word' id='word_1_418' title='bbox 650 4460 736 4525; x_wconf 89' lang='lat' dir='ltr'>falsa</span> <span class='ocrx_word' id='word_1_419' title='bbox 760 4458 973 4523; x_wconf 89' lang='lat' dir='ltr'>conscientia:</span> <span class='ocrx_word' id='word_1_420' title='bbox 1002 4457 1033 4535; x_wconf 88' lang='lat' dir='ltr'>l)</span> <span class='ocrx_word' id='word_1_421' title='bbox 1057 4475 1121 4518; x_wconf 96' lang='lat' dir='ltr'>non</span> <span class='ocrx_word' id='word_1_422' title='bbox 1144 4459 1318 4538; x_wconf 88' lang='lat' dir='ltr'>propterea</span> <span class='ocrx_word' id='word_1_423' title='bbox 1342 4452 1418 4535; x_wconf 88' lang='lat' dir='ltr'>quia</span> 
     </span>
     <span class='ocr_line' id='line_1_47' title="bbox 93 4543 1417 4627; baseline -0.008 -10"><span class='ocrx_word' id='word_1_424' title='bbox 93 4552 316 4617; x_wconf 87' lang='lat' dir='ltr'>non-vocatus</span> <span class='ocrx_word' id='word_1_425' title='bbox 340 4549 381 4614; x_wconf 92' lang='lat' dir='ltr'>ad</span> <span class='ocrx_word' id='word_1_426' title='bbox 405 4547 621 4613; x_wconf 88' lang='lat' dir='ltr'>sacerdotium</span> <span class='ocrx_word' id='word_1_427' title='bbox 646 4548 776 4613; x_wconf 90' lang='lat' dir='ltr'>ordines</span> <span class='ocrx_word' id='word_1_428' title='bbox 799 4547 939 4612; x_wconf 89' lang='lat' dir='ltr'>minores</span> <span class='ocrx_word' id='word_1_429' title='bbox 963 4543 1122 4627; x_wconf 83' lang='lat' dir='ltr'>suscepit3</span> <span class='ocrx_word' id='word_1_430' title='bbox 1149 4547 1182 4620; x_wconf 82' lang='lat'>2)</span> <span class='ocrx_word' id='word_1_431' title='bbox 1206 4564 1311 4624; x_wconf 92' lang='lat' dir='ltr'>neque</span> <span class='ocrx_word' id='word_1_432' title='bbox 1332 4543 1417 4625; x_wconf 93' lang='lat' dir='ltr'>quod</span> 
     </span>
     <span class='ocr_line' id='line_1_48' title="bbox 93 4632 1418 4720; baseline -0.008 -12"><span class='ocrx_word' id='word_1_433' title='bbox 93 4663 137 4708; x_wconf 85' lang='lat' dir='ltr'>ss.</span> <span class='ocrx_word' id='word_1_434' title='bbox 162 4637 394 4706; x_wconf 88' lang='lat' dir='ltr'>eucharistiam</span> <span class='ocrx_word' id='word_1_435' title='bbox 418 4658 483 4701; x_wconf 92' lang='lat' dir='ltr'>non</span> <span class='ocrx_word' id='word_1_436' title='bbox 506 4637 661 4720; x_wconf 89' lang='lat' dir='ltr'>sumpsit:</span> <span class='ocrx_word' id='word_1_437' title='bbox 685 4637 718 4701; x_wconf 95' lang='lat' dir='ltr'>id</span> <span class='ocrx_word' id='word_1_438' title='bbox 741 4637 827 4701; x_wconf 89' lang='lat' dir='ltr'>enim</span> <span class='ocrx_word' id='word_1_439' title='bbox 842 4637 902 4701; x_wconf 87' lang='lat' dir='ltr'>sub</span> <span class='ocrx_word' id='word_1_440' title='bbox 918 4633 1013 4717; x_wconf 90' lang='lat' dir='ltr'>gravi</span> <span class='ocrx_word' id='word_1_441' title='bbox 1029 4632 1158 4716; x_wconf 91' lang='lat' dir='ltr'>quidem</span> <span class='ocrx_word' id='word_1_442' title='bbox 1174 4633 1283 4699; x_wconf 87' lang='lat' dir='ltr'>facere</span> <span class='ocrx_word' id='word_1_443' title='bbox 1299 4632 1418 4707; x_wconf 90' lang='lat' dir='ltr'>debent</span> 
     </span>
    </p>
   </div>
   <div class='ocr_carea' id='block_1_7' title="bbox 0 0 1526 5174">
    <p class='ocr_par' dir='ltr' id='par_1_10' title="bbox 0 0 1526 5174">
     <span class='ocr_line' id='line_1_49' title="bbox 0 0 1526 5174; baseline 0 0"><span class='ocrx_word' id='word_1_444' title='bbox 0 0 1526 5174; x_wconf 95' lang='lat' dir='ltr'> </span> 
     </span>
    </p>
   </div>
  </div>
 </body>
</html>
