<?xml version="1.0" encoding="UTF-8"?>
<!DOCTYPE html PUBLIC "-//W3C//DTD XHTML 1.0 Transitional//EN"
    "http://www.w3.org/TR/xhtml1/DTD/xhtml1-transitional.dtd">
<html xmlns="http://www.w3.org/1999/xhtml" xml:lang="en" lang="en">
 <head>
  <title>
</title>
<meta http-equiv="Content-Type" content="text/html;charset=utf-8" />
  <meta name='ocr-system' content='tesseract 3.04.00' />
  <meta name='ocr-capabilities' content='ocr_page ocr_carea ocr_par ocr_line ocrx_word'/>
</head>
<body>
  <div class='ocr_page' id='page_1' title='image "./casusconscienti00lehmgoog_0183.png"; bbox 0 0 3044 5174; ppageno 0'>
   <div class='ocr_carea' id='block_1_1' title="bbox 402 209 1107 298">
    <p class='ocr_par' dir='ltr' id='par_1_1' title="bbox 402 209 1107 298">
     <span class='ocr_line' id='line_1_1' title="bbox 402 209 1107 298; baseline -0.003 -1"><span class='ocrx_word' id='word_1_1' title='bbox 402 241 504 298; x_wconf 86' lang='lat' dir='ltr'>Missae</span> <span class='ocrx_word' id='word_1_2' title='bbox 522 241 668 297; x_wconf 74' lang='lat' dir='ltr'>celebratio</span> <span class='ocrx_word' id='word_1_3' title='bbox 696 209 737 281; x_wconf 61' lang='lat'>--</span> <span class='ocrx_word' id='word_1_4' title='bbox 749 241 913 297; x_wconf 87' lang='lat' dir='ltr'>Observatio</span> <span class='ocrx_word' id='word_1_5' title='bbox 932 241 1107 297; x_wconf 89' lang='lat' dir='ltr'>rubricarum.</span> 
     </span>
    </p>
   </div>
   <div class='ocr_carea' id='block_1_2' title="bbox 350 445 1167 670">
    <p class='ocr_par' dir='ltr' id='par_1_2' title="bbox 350 445 1167 670">
     <span class='ocr_line' id='line_1_2' title="bbox 350 445 1167 513; baseline 0.002 -2"><span class='ocrx_word' id='word_1_6' title='bbox 350 445 571 512; x_wconf 84' lang='lat' dir='ltr'><strong>ABRUPTIO</strong></span> <span class='ocrx_word' id='word_1_7' title='bbox 596 445 653 512; x_wconf 82' lang='lat' dir='ltr'>ET</span> <span class='ocrx_word' id='word_1_8' title='bbox 676 445 975 513; x_wconf 81' lang='lat' dir='ltr'>INTERRUPTIO</span> <span class='ocrx_word' id='word_1_9' title='bbox 999 445 1167 513; x_wconf 82' lang='lat' dir='ltr'>MISSAE.</span> 
     </span>
     <span class='ocr_line' id='line_1_3' title="bbox 660 593 847 670; baseline -0.027 -11"><span class='ocrx_word' id='word_1_10' title='bbox 660 593 771 660; x_wconf 76' lang='lat' dir='ltr'>casus.</span> <span class='ocrx_word' id='word_1_11' title='bbox 789 601 847 670; x_wconf 85' lang='lat'>(82)</span> 
     </span>
    </p>
   </div>
   <div class='ocr_carea' id='block_1_3' title="bbox 102 734 1422 1197">
    <p class='ocr_par' dir='ltr' id='par_1_3' title="bbox 102 734 1422 1197">
     <span class='ocr_line' id='line_1_4' title="bbox 180 734 1420 812; baseline 0.001 -18"><span class='ocrx_word' id='word_1_12' title='bbox 180 735 349 811; x_wconf 79' lang='lat' dir='ltr'>Maglon&#39;us</span> <span class='ocrx_word' id='word_1_13' title='bbox 370 736 517 812; x_wconf 79' lang='lat' dir='ltr'><strong>parochus</strong></span> <span class='ocrx_word' id='word_1_14' title='bbox 538 734 590 794; x_wconf 88' lang='lat' dir='ltr'>vix</span> <span class='ocrx_word' id='word_1_15' title='bbox 612 735 740 796; x_wconf 86' lang='lat' dir='ltr'>absolvit</span> <span class='ocrx_word' id='word_1_16' title='bbox 761 735 1023 806; x_wconf 87' lang='lat' dir='ltr'>consecrationem,</span> <span class='ocrx_word' id='word_1_17' title='bbox 1046 753 1112 794; x_wconf 88' lang='lat' dir='ltr'>cum</span> <span class='ocrx_word' id='word_1_18' title='bbox 1133 754 1203 795; x_wconf 89' lang='lat' dir='ltr'>ecce</span> <span class='ocrx_word' id='word_1_19' title='bbox 1216 736 1351 795; x_wconf 89' lang='lat' dir='ltr'>nuntium</span> <span class='ocrx_word' id='word_1_20' title='bbox 1374 755 1420 795; x_wconf 90' lang='lat' dir='ltr'>ac·</span> 
     </span>
     <span class='ocr_line' id='line_1_5' title="bbox 102 814 1419 893; baseline 0.002 -19"><span class='ocrx_word' id='word_1_21' title='bbox 102 814 167 893; x_wconf 84' lang='lat' dir='ltr'>cipit</span> <span class='ocrx_word' id='word_1_22' title='bbox 186 814 356 876; x_wconf 82' lang='lat' dir='ltr'>moribundi</span> <span class='ocrx_word' id='word_1_23' title='bbox 376 816 531 893; x_wconf 88' lang='lat' dir='ltr'>repentina</span> <span class='ocrx_word' id='word_1_24' title='bbox 558 816 715 892; x_wconf 77' lang='lat' dir='ltr'>apoplexia</span> <span class='ocrx_word' id='word_1_25' title='bbox 743 815 826 875; x_wconf 88' lang='lat' dir='ltr'>tacti.</span> <span class='ocrx_word' id='word_1_26' title='bbox 867 816 988 892; x_wconf 85' lang='lat' dir='ltr'>Anceps</span> <span class='ocrx_word' id='word_1_27' title='bbox 1017 815 1120 874; x_wconf 83' lang='lat' dir='ltr'>haeret</span> <span class='ocrx_word' id='word_1_28' title='bbox 1147 815 1215 892; x_wconf 92' lang='lat' dir='ltr'>quid</span> <span class='ocrx_word' id='word_1_29' title='bbox 1237 816 1419 887; x_wconf 79' lang='lat' dir='ltr'>faciendum3</span> 
     </span>
     <span class='ocr_line' id='line_1_6' title="bbox 102 895 1421 972; baseline 0.002 -17"><span class='ocrx_word' id='word_1_30' title='bbox 102 895 147 955; x_wconf 85' lang='lat' dir='ltr'>sed</span> <span class='ocrx_word' id='word_1_31' title='bbox 167 915 238 956; x_wconf 84' lang='lat' dir='ltr'>mox</span> <span class='ocrx_word' id='word_1_32' title='bbox 258 895 368 972; x_wconf 89' lang='lat' dir='ltr'>raptim</span> <span class='ocrx_word' id='word_1_33' title='bbox 389 896 518 956; x_wconf 91' lang='lat' dir='ltr'>absolvit</span> <span class='ocrx_word' id='word_1_34' title='bbox 539 895 659 955; x_wconf 87' lang='lat' dir='ltr'>missam</span> <span class='ocrx_word' id='word_1_35' title='bbox 686 915 779 971; x_wconf 88' lang='lat' dir='ltr'>usque</span> <span class='ocrx_word' id='word_1_36' title='bbox 810 896 847 954; x_wconf 87' lang='lat' dir='ltr'>ad</span> <span class='ocrx_word' id='word_1_37' title='bbox 876 895 1107 954; x_wconf 89' lang='lat' dir='ltr'>communionem</span> <span class='ocrx_word' id='word_1_38' title='bbox 1135 895 1281 955; x_wconf 87' lang='lat' dir='ltr'>inclusive</span> <span class='ocrx_word' id='word_1_39' title='bbox 1302 916 1421 957; x_wconf 87' lang='lat' dir='ltr'>sumens</span> 
     </span>
     <span class='ocr_line' id='line_1_7' title="bbox 104 976 1421 1054; baseline 0.002 -20"><span class='ocrx_word' id='word_1_40' title='bbox 104 995 122 1036; x_wconf 90' lang='lat' dir='ltr'>s.</span> <span class='ocrx_word' id='word_1_41' title='bbox 140 977 271 1036; x_wconf 90' lang='lat' dir='ltr'>hostiam</span> <span class='ocrx_word' id='word_1_42' title='bbox 291 995 357 1036; x_wconf 92' lang='lat' dir='ltr'>curn</span> <span class='ocrx_word' id='word_1_43' title='bbox 378 977 472 1036; x_wconf 87' lang='lat' dir='ltr'>calice</span> <span class='ocrx_word' id='word_1_44' title='bbox 494 976 599 1047; x_wconf 88' lang='lat' dir='ltr'>simul;</span> <span class='ocrx_word' id='word_1_45' title='bbox 629 976 696 1035; x_wconf 90' lang='lat' dir='ltr'>dein</span> <span class='ocrx_word' id='word_1_46' title='bbox 717 976 886 1051; x_wconf 89' lang='lat' dir='ltr'>relinquens</span> <span class='ocrx_word' id='word_1_47' title='bbox 907 980 1047 1052; x_wconf 90' lang='lat' dir='ltr'>patenam</span> <span class='ocrx_word' id='word_1_48' title='bbox 1069 982 1099 1035; x_wconf 92' lang='lat' dir='ltr'>et</span> <span class='ocrx_word' id='word_1_49' title='bbox 1121 976 1243 1035; x_wconf 80' lang='lat' dir='ltr'>calicem</span> <span class='ocrx_word' id='word_1_50' title='bbox 1264 996 1323 1037; x_wconf 91' lang='lat' dir='ltr'>non</span> <span class='ocrx_word' id='word_1_51' title='bbox 1344 978 1421 1054; x_wconf 89' lang='lat' dir='ltr'>puri·</span> 
     </span>
     <span class='ocr_line' id='line_1_8' title="bbox 105 1056 1422 1134; baseline 0.002 -20"><span class='ocrx_word' id='word_1_52' title='bbox 105 1056 195 1127; x_wconf 79' lang='lat' dir='ltr'>licata,</span> <span class='ocrx_word' id='word_1_53' title='bbox 217 1056 362 1134; x_wconf 87' lang='lat' dir='ltr'>depositis</span> <span class='ocrx_word' id='word_1_54' title='bbox 383 1056 574 1132; x_wconf 88' lang='lat' dir='ltr'>paramentis,</span> <span class='ocrx_word' id='word_1_55' title='bbox 596 1061 736 1133; x_wconf 83' lang='lat' dir='ltr'>properat</span> <span class='ocrx_word' id='word_1_56' title='bbox 757 1075 823 1114; x_wconf 91' lang='lat' dir='ltr'>cum</span> <span class='ocrx_word' id='word_1_57' title='bbox 845 1061 1020 1115; x_wconf 88' lang='lat' dir='ltr'>consecrata</span> <span class='ocrx_word' id='word_1_58' title='bbox 1041 1056 1188 1133; x_wconf 87' lang='lat' dir='ltr'>particula</span> <span class='ocrx_word' id='word_1_59' title='bbox 1208 1062 1239 1116; x_wconf 91' lang='lat' dir='ltr'>et</span> <span class='ocrx_word' id='word_1_60' title='bbox 1260 1077 1283 1117; x_wconf 92' lang='lat' dir='ltr'>s.</span> <span class='ocrx_word' id='word_1_61' title='bbox 1299 1057 1363 1118; x_wconf 89' lang='lat' dir='ltr'>oleo</span> <span class='ocrx_word' id='word_1_62' title='bbox 1385 1058 1422 1117; x_wconf 91' lang='lat' dir='ltr'>ad</span> 
     </span>
     <span class='ocr_line' id='line_1_9' title="bbox 104 1137 308 1197; baseline 0.015 -3"><span class='ocrx_word' id='word_1_63' title='bbox 104 1137 308 1197; x_wconf 87' lang='lat' dir='ltr'>moribundum.</span> 
     </span>
    </p>
   </div>
   <div class='ocr_carea' id='block_1_4' title="bbox 105 1249 1128 1425">
    <p class='ocr_par' dir='ltr' id='par_1_4' title="bbox 105 1249 1128 1425">
     <span class='ocr_line' id='line_1_10' title="bbox 105 1249 1128 1328; baseline -0.001 -17"><span class='ocrx_word' id='word_1_64' title='bbox 105 1249 276 1320; x_wconf 80' lang='lat' dir='ltr'>Quaaarrua</span> <span class='ocrx_word' id='word_1_65' title='bbox 297 1253 327 1310; x_wconf 76' lang='grc' dir='ltr'>1ο</span> <span class='ocrx_word' id='word_1_66' title='bbox 346 1250 475 1311; x_wconf 81' lang='lat' dir='ltr'>liceatne</span> <span class='ocrx_word' id='word_1_67' title='bbox 495 1251 615 1310; x_wconf 65' lang='lat' dir='ltr'>mnsam</span> <span class='ocrx_word' id='word_1_68' title='bbox 637 1250 852 1326; x_wconf 78' lang='lat' dir='ltr'>interrumpere</span> <span class='ocrx_word' id='word_1_69' title='bbox 873 1255 926 1310; x_wconf 89' lang='lat' dir='ltr'>aut</span> <span class='ocrx_word' id='word_1_70' title='bbox 946 1252 1128 1328; x_wconf 89' lang='lat' dir='ltr'>abrumpere.</span> 
     </span>
     <span class='ocr_line' id='line_1_11' title="bbox 294 1347 1080 1425; baseline 0 -17"><span class='ocrx_word' id='word_1_71' title='bbox 294 1350 325 1408; x_wconf 80' lang='lat'>2⁰</span> <span class='ocrx_word' id='word_1_72' title='bbox 345 1348 414 1425; x_wconf 93' lang='lat' dir='ltr'>quid</span> <span class='ocrx_word' id='word_1_73' title='bbox 435 1349 471 1408; x_wconf 89' lang='lat' dir='ltr'>de</span> <span class='ocrx_word' id='word_1_74' title='bbox 491 1347 630 1425; x_wconf 80' lang='lat' dir='ltr'>Maglorii</span> <span class='ocrx_word' id='word_1_75' title='bbox 650 1347 758 1423; x_wconf 81' lang='lat' dir='ltr'>agendi</span> <span class='ocrx_word' id='word_1_76' title='bbox 779 1348 895 1408; x_wconf 91' lang='lat' dir='ltr'>ratione</span> <span class='ocrx_word' id='word_1_77' title='bbox 917 1348 1080 1408; x_wconf 88' lang='lat' dir='ltr'>dicendum.</span> 
     </span>
    </p>
   </div>
   <div class='ocr_carea' id='block_1_5' title="bbox 696 1541 830 1608">
    <p class='ocr_par' dir='ltr' id='par_1_5' title="bbox 696 1541 830 1608">
     <span class='ocr_line' id='line_1_12' title="bbox 696 1541 830 1608; baseline -0.007 -1"><span class='ocrx_word' id='word_1_78' title='bbox 696 1541 830 1608; x_wconf 83' lang='lat' dir='ltr'>Salutio.</span> 
     </span>
    </p>
   </div>
   <div class='ocr_carea' id='block_1_6' title="bbox 76 1680 1485 2660">
    <p class='ocr_par' dir='ltr' id='par_1_6' title="bbox 76 1680 1485 2125">
     <span class='ocr_line' id='line_1_13' title="bbox 76 1680 1485 1768; baseline 0.003 -20"><span class='ocrx_word' id='word_1_79' title='bbox 76 1680 78 1685; x_wconf 77' lang='grc'><strong>’</strong></span> <span class='ocrx_word' id='word_1_80' title='bbox 184 1683 240 1748; x_wconf 84' lang='lat' dir='ltr'>An</span> <span class='ocrx_word' id='word_1_81' title='bbox 263 1703 456 1759; x_wconf 78' lang='lat' dir='ltr'>ouassrrurr</span> <span class='ocrx_word' id='word_1_82' title='bbox 483 1686 520 1749; x_wconf 74' lang='lat'>1¹⁰</span> <span class='ocrx_word' id='word_1_83' title='bbox 543 1683 581 1749; x_wconf 84' lang='lat' dir='ltr'>R.</span> <span class='ocrx_word' id='word_1_84' title='bbox 609 1686 637 1751; x_wconf 93' lang='grc'>1.</span> <span class='ocrx_word' id='word_1_85' title='bbox 685 1683 923 1768; x_wconf 80' lang='lat' dir='ltr'>Explicandum</span> <span class='ocrx_word' id='word_1_86' title='bbox 954 1687 1006 1749; x_wconf 90' lang='lat' dir='ltr'>est</span> <span class='ocrx_word' id='word_1_87' title='bbox 1029 1683 1106 1766; x_wconf 90' lang='lat' dir='ltr'>quid</span> <span class='ocrx_word' id='word_1_88' title='bbox 1129 1683 1314 1750; x_wconf 84' lang='lat' dir='ltr'>intercedat</span> <span class='ocrx_word' id='word_1_89' title='bbox 1336 1683 1485 1752; x_wconf 79' lang='lat' dir='ltr'>inter278</span> 
     </span>
     <span class='ocr_line' id='line_1_14' title="bbox 104 1771 1424 1858; baseline 0 -20"><span class='ocrx_word' id='word_1_90' title='bbox 104 1771 231 1838; x_wconf 89' lang='lat' dir='ltr'>missam</span> <span class='ocrx_word' id='word_1_91' title='bbox 255 1771 451 1857; x_wconf 89' lang='lat' dir='ltr'>abrumpere</span> <span class='ocrx_word' id='word_1_92' title='bbox 473 1777 508 1838; x_wconf 89' lang='lat' dir='ltr'>et</span> <span class='ocrx_word' id='word_1_93' title='bbox 531 1793 603 1838; x_wconf 88' lang='lat' dir='ltr'>eam</span> <span class='ocrx_word' id='word_1_94' title='bbox 626 1772 875 1857; x_wconf 83' lang='lat' dir='ltr'>interrumpere.</span> <span class='ocrx_word' id='word_1_95' title='bbox 913 1774 1136 1858; x_wconf 66' lang='lat' dir='ltr'>abrumpitur,</span> <span class='ocrx_word' id='word_1_96' title='bbox 1160 1773 1189 1838; x_wconf 92' lang='lat' dir='ltr'>si</span> <span class='ocrx_word' id='word_1_97' title='bbox 1211 1773 1343 1856; x_wconf 87' lang='lat' dir='ltr'>incepta</span> <span class='ocrx_word' id='word_1_98' title='bbox 1367 1772 1424 1838; x_wconf 88' lang='lat' dir='ltr'>de·</span> 
     </span>
     <span class='ocr_line' id='line_1_15' title="bbox 104 1860 1424 1945; baseline 0.001 -18"><span class='ocrx_word' id='word_1_99' title='bbox 104 1860 294 1944; x_wconf 87' lang='lat' dir='ltr'>relinquitur</span> <span class='ocrx_word' id='word_1_100' title='bbox 317 1882 389 1927; x_wconf 89' lang='lat' dir='ltr'>cum</span> <span class='ocrx_word' id='word_1_101' title='bbox 413 1860 594 1927; x_wconf 88' lang='lat' dir='ltr'>intentione</span> <span class='ocrx_word' id='word_1_102' title='bbox 618 1881 690 1927; x_wconf 90' lang='lat' dir='ltr'>earn</span> <span class='ocrx_word' id='word_1_103' title='bbox 720 1882 785 1928; x_wconf 94' lang='lat' dir='ltr'>non</span> <span class='ocrx_word' id='word_1_104' title='bbox 808 1861 1012 1945; x_wconf 91' lang='lat' dir='ltr'>perficiendi,</span> <span class='ocrx_word' id='word_1_105' title='bbox 1043 1862 1098 1927; x_wconf 92' lang='lat' dir='ltr'>vel</span> <span class='ocrx_word' id='word_1_106' title='bbox 1121 1883 1193 1927; x_wconf 90' lang='lat' dir='ltr'>cum</span> <span class='ocrx_word' id='word_1_107' title='bbox 1216 1861 1424 1945; x_wconf 85' lang='lat' dir='ltr'>praevisione</span> 
     </span>
     <span class='ocr_line' id='line_1_16' title="bbox 103 1949 1424 2036; baseline 0.001 -21"><span class='ocrx_word' id='word_1_108' title='bbox 103 1949 298 2035; x_wconf 89' lang='lat' dir='ltr'>impossibile</span> <span class='ocrx_word' id='word_1_109' title='bbox 327 1949 399 2015; x_wconf 86' lang='lat' dir='ltr'>fore</span> <span class='ocrx_word' id='word_1_110' title='bbox 428 1953 466 2016; x_wconf 91' lang='lat' dir='ltr'>ut</span> <span class='ocrx_word' id='word_1_111' title='bbox 495 1954 612 2034; x_wconf 89' lang='lat' dir='ltr'>postea</span> <span class='ocrx_word' id='word_1_112' title='bbox 638 1950 838 2034; x_wconf 88' lang='lat' dir='ltr'>perficiatur.</span> <span class='ocrx_word' id='word_1_113' title='bbox 884 1952 1136 2036; x_wconf 78' lang='lat' dir='ltr'>interrumpitur</span> <span class='ocrx_word' id='word_1_114' title='bbox 1165 1951 1281 2029; x_wconf 89' lang='lat' dir='ltr'>missa,</span> <span class='ocrx_word' id='word_1_115' title='bbox 1316 1951 1344 2016; x_wconf 94' lang='lat' dir='ltr'>si</span> <span class='ocrx_word' id='word_1_116' title='bbox 1374 1951 1424 2016; x_wconf 92' lang='lat' dir='ltr'>in·</span> 
     </span>
     <span class='ocr_line' id='line_1_17' title="bbox 104 2038 1423 2125; baseline 0 -20"><span class='ocrx_word' id='word_1_117' title='bbox 104 2043 195 2125; x_wconf 90' lang='lat' dir='ltr'>copta</span> <span class='ocrx_word' id='word_1_118' title='bbox 219 2039 364 2105; x_wconf 92' lang='lat' dir='ltr'>nondum</span> <span class='ocrx_word' id='word_1_119' title='bbox 387 2039 534 2124; x_wconf 85' lang='lat' dir='ltr'>perfecta</span> <span class='ocrx_word' id='word_1_120' title='bbox 564 2038 775 2122; x_wconf 83' lang='lat' dir='ltr'>relinquitur,</span> <span class='ocrx_word' id='word_1_121' title='bbox 806 2039 854 2105; x_wconf 90' lang='lat' dir='ltr'>ita</span> <span class='ocrx_word' id='word_1_122' title='bbox 884 2043 995 2106; x_wconf 89' lang='lat' dir='ltr'>tamen</span> <span class='ocrx_word' id='word_1_123' title='bbox 1019 2043 1056 2105; x_wconf 92' lang='lat' dir='ltr'>ut</span> <span class='ocrx_word' id='word_1_124' title='bbox 1084 2043 1201 2124; x_wconf 88' lang='lat' dir='ltr'>postea</span> <span class='ocrx_word' id='word_1_125' title='bbox 1223 2039 1423 2124; x_wconf 89' lang='lat' dir='ltr'>perficiatur.</span> 
     </span>
    </p>

    <p class='ocr_par' dir='ltr' id='par_1_7' title="bbox 103 2127 1425 2660">
     <span class='ocr_line' id='line_1_18' title="bbox 184 2127 1424 2213; baseline -0.002 -17"><span class='ocrx_word' id='word_1_126' title='bbox 184 2127 236 2196; x_wconf 90' lang='lat' dir='ltr'>Ut</span> <span class='ocrx_word' id='word_1_127' title='bbox 259 2132 369 2194; x_wconf 86' lang='lat' dir='ltr'>autem</span> <span class='ocrx_word' id='word_1_128' title='bbox 392 2127 587 2194; x_wconf 86' lang='lat' dir='ltr'>sacrificium</span> <span class='ocrx_word' id='word_1_129' title='bbox 610 2128 774 2213; x_wconf 91' lang='lat' dir='ltr'>inceptum</span> <span class='ocrx_word' id='word_1_130' title='bbox 790 2132 907 2212; x_wconf 89' lang='lat' dir='ltr'>postea</span> <span class='ocrx_word' id='word_1_131' title='bbox 922 2129 1033 2212; x_wconf 88' lang='lat' dir='ltr'>perfici</span> <span class='ocrx_word' id='word_1_132' title='bbox 1057 2128 1171 2212; x_wconf 88' lang='lat' dir='ltr'>possit,</span> <span class='ocrx_word' id='word_1_133' title='bbox 1195 2128 1424 2194; x_wconf 90' lang='lat' dir='ltr'>intermedium</span> 
     </span>
     <span class='ocr_line' id='line_1_19' title="bbox 103 2216 1423 2302; baseline 0 -19"><span class='ocrx_word' id='word_1_134' title='bbox 103 2218 242 2302; x_wconf 88' lang='lat' dir='ltr'>spatium</span> <span class='ocrx_word' id='word_1_135' title='bbox 266 2217 364 2284; x_wconf 91' lang='lat' dir='ltr'>debet</span> <span class='ocrx_word' id='word_1_136' title='bbox 393 2237 459 2282; x_wconf 92' lang='lat' dir='ltr'>non</span> <span class='ocrx_word' id='word_1_137' title='bbox 488 2238 561 2282; x_wconf 89' lang='lat' dir='ltr'>esse</span> <span class='ocrx_word' id='word_1_138' title='bbox 591 2216 741 2290; x_wconf 71' lang='lat' dir='ltr'>nimium:</span> <span class='ocrx_word' id='word_1_139' title='bbox 773 2221 849 2300; x_wconf 92' lang='lat' dir='ltr'>post</span> <span class='ocrx_word' id='word_1_140' title='bbox 871 2238 969 2283; x_wconf 90' lang='lat' dir='ltr'>unam</span> <span class='ocrx_word' id='word_1_141' title='bbox 993 2239 1072 2283; x_wconf 91' lang='lat' dir='ltr'>vero</span> <span class='ocrx_word' id='word_1_142' title='bbox 1103 2218 1286 2283; x_wconf 88' lang='lat' dir='ltr'>alteramve</span> <span class='ocrx_word' id='word_1_143' title='bbox 1309 2219 1423 2284; x_wconf 89' lang='lat' dir='ltr'>boram</span> 
     </span>
     <span class='ocr_line' id='line_1_20' title="bbox 104 2305 1425 2374; baseline -0.001 -1"><span class='ocrx_word' id='word_1_144' title='bbox 104 2306 233 2373; x_wconf 90' lang='lat' dir='ltr'>moralis</span> <span class='ocrx_word' id='word_1_145' title='bbox 262 2306 338 2372; x_wconf 91' lang='lat' dir='ltr'>unio</span> <span class='ocrx_word' id='word_1_146' title='bbox 366 2305 508 2372; x_wconf 90' lang='lat' dir='ltr'>nondum</span> <span class='ocrx_word' id='word_1_147' title='bbox 539 2306 682 2374; x_wconf 90' lang='lat' dir='ltr'>evanuit.</span> <span class='ocrx_word' id='word_1_148' title='bbox 729 2308 888 2374; x_wconf 81' lang='lat' dir='ltr'>Attamen</span> <span class='ocrx_word' id='word_1_149' title='bbox 918 2327 991 2372; x_wconf 88' lang='lat' dir='ltr'>curn</span> <span class='ocrx_word' id='word_1_150' title='bbox 1021 2307 1082 2372; x_wconf 87' lang='lat' dir='ltr'>hac</span> <span class='ocrx_word' id='word_1_151' title='bbox 1112 2306 1146 2371; x_wconf 92' lang='lat' dir='ltr'>in</span> <span class='ocrx_word' id='word_1_152' title='bbox 1175 2327 1212 2371; x_wconf 93' lang='lat' dir='ltr'>re</span> <span class='ocrx_word' id='word_1_153' title='bbox 1241 2306 1296 2372; x_wconf 94' lang='lat' dir='ltr'>alii</span> <span class='ocrx_word' id='word_1_154' title='bbox 1327 2307 1425 2374; x_wconf 89' lang='lat' dir='ltr'>aliter</span> 
     </span>
     <span class='ocr_line' id='line_1_21' title="bbox 103 2395 1424 2479; baseline -0.001 -17"><span class='ocrx_word' id='word_1_155' title='bbox 103 2396 254 2473; x_wconf 85' lang='lat' dir='ltr'>sentiant,</span> <span class='ocrx_word' id='word_1_156' title='bbox 278 2416 333 2461; x_wconf 89' lang='lat' dir='ltr'>res</span> <span class='ocrx_word' id='word_1_157' title='bbox 355 2395 428 2479; x_wconf 91' lang='lat' dir='ltr'>ipsa</span> <span class='ocrx_word' id='word_1_158' title='bbox 450 2399 560 2461; x_wconf 86' lang='lat' dir='ltr'>autem</span> <span class='ocrx_word' id='word_1_159' title='bbox 577 2416 597 2460; x_wconf 89' lang='lat' dir='ltr'>a</span> <span class='ocrx_word' id='word_1_160' title='bbox 613 2395 728 2461; x_wconf 92' lang='lat' dir='ltr'>morali</span> <span class='ocrx_word' id='word_1_161' title='bbox 745 2395 975 2462; x_wconf 85' lang='lat' dir='ltr'>aestimatione</span> <span class='ocrx_word' id='word_1_162' title='bbox 998 2395 1190 2479; x_wconf 87' lang='lat' dir='ltr'>dependeat,</span> <span class='ocrx_word' id='word_1_163' title='bbox 1215 2401 1290 2478; x_wconf 89' lang='lat' dir='ltr'>post</span> <span class='ocrx_word' id='word_1_164' title='bbox 1313 2398 1424 2462; x_wconf 83' lang='lat' dir='ltr'>boram</span> 
     </span>
     <span class='ocr_line' id='line_1_22' title="bbox 103 2483 1425 2571; baseline 0.001 -22"><span class='ocrx_word' id='word_1_165' title='bbox 103 2505 161 2550; x_wconf 91' lang='lat' dir='ltr'>non</span> <span class='ocrx_word' id='word_1_166' title='bbox 184 2484 252 2550; x_wconf 87' lang='lat' dir='ltr'>erit</span> <span class='ocrx_word' id='word_1_167' title='bbox 275 2483 414 2567; x_wconf 87' lang='lat' dir='ltr'>amplius</span> <span class='ocrx_word' id='word_1_168' title='bbox 437 2484 584 2571; x_wconf 83' lang='lat' dir='ltr'>obtipctio</span> <span class='ocrx_word' id='word_1_169' title='bbox 606 2484 755 2550; x_wconf 89' lang='lat' dir='ltr'>sacrificii</span> <span class='ocrx_word' id='word_1_170' title='bbox 786 2485 988 2569; x_wconf 86' lang='lat' dir='ltr'>perficiendi;</span> <span class='ocrx_word' id='word_1_171' title='bbox 1018 2486 1159 2568; x_wconf 77' lang='lat' dir='ltr'>facultas</span> <span class='ocrx_word' id='word_1_172' title='bbox 1188 2489 1300 2551; x_wconf 86' lang='lat' dir='ltr'>autem</span> <span class='ocrx_word' id='word_1_173' title='bbox 1324 2485 1425 2551; x_wconf 89' lang='lat' dir='ltr'>etiam</span> 
     </span>
     <span class='ocr_line' id='line_1_23' title="bbox 103 2573 759 2660; baseline 0.002 -21"><span class='ocrx_word' id='word_1_174' title='bbox 103 2579 173 2657; x_wconf 91' lang='lat' dir='ltr'>post</span> <span class='ocrx_word' id='word_1_175' title='bbox 196 2581 348 2660; x_wconf 81' lang='lat' dir='ltr'>quattuor</span> <span class='ocrx_word' id='word_1_176' title='bbox 370 2573 424 2639; x_wconf 90' lang='lat' dir='ltr'>vel</span> <span class='ocrx_word' id='word_1_177' title='bbox 447 2595 503 2639; x_wconf 79' lang='lat' dir='ltr'>sea</span> <span class='ocrx_word' id='word_1_178' title='bbox 525 2575 621 2639; x_wconf 84' lang='lat' dir='ltr'>boras</span> <span class='ocrx_word' id='word_1_179' title='bbox 644 2573 759 2640; x_wconf 87' lang='lat' dir='ltr'>aderit.</span> 
     </span>
    </p>
   </div>
   <div class='ocr_carea' id='block_1_7' title="bbox 98 2670 1492 3832">
    <p class='ocr_par' dir='ltr' id='par_1_8' title="bbox 100 2670 1486 3290">
     <span class='ocr_line' id='line_1_24' title="bbox 186 2670 1486 2755; baseline 0.001 -18"><span class='ocrx_word' id='word_1_180' title='bbox 186 2671 227 2737; x_wconf 90' lang='lat' dir='ltr'>R.</span> <span class='ocrx_word' id='word_1_181' title='bbox 246 2673 276 2737; x_wconf 81' lang='lat'>2.</span> <span class='ocrx_word' id='word_1_182' title='bbox 309 2670 500 2754; x_wconf 85' lang='lat' dir='ltr'>interrupta</span> <span class='ocrx_word' id='word_1_183' title='bbox 515 2675 592 2737; x_wconf 91' lang='lat' dir='ltr'>ante</span> <span class='ocrx_word' id='word_1_184' title='bbox 608 2691 765 2736; x_wconf 87' lang='lat' dir='ltr'>canonem</span> <span class='ocrx_word' id='word_1_185' title='bbox 781 2670 890 2749; x_wconf 89' lang='lat' dir='ltr'>misse,</span> <span class='ocrx_word' id='word_1_186' title='bbox 915 2670 942 2735; x_wconf 91' lang='lat' dir='ltr'>si</span> <span class='ocrx_word' id='word_1_187' title='bbox 958 2670 1154 2754; x_wconf 88' lang='lat' dir='ltr'>interruptio</span> <span class='ocrx_word' id='word_1_188' title='bbox 1169 2671 1280 2755; x_wconf 86' lang='lat' dir='ltr'>paullo</span> <span class='ocrx_word' id='word_1_189' title='bbox 1297 2670 1425 2753; x_wconf 84' lang='lat' dir='ltr'>longior</span> <span class='ocrx_word' id='word_1_190' title='bbox 1433 2683 1486 2738; x_wconf 75' lang='lat'>279</span> 
     </span>
     <span class='ocr_line' id='line_1_25' title="bbox 103 2759 1426 2844; baseline 0 -20"><span class='ocrx_word' id='word_1_191' title='bbox 103 2759 176 2839; x_wconf 86' lang='lat' dir='ltr'>fuit,</span> <span class='ocrx_word' id='word_1_192' title='bbox 211 2759 329 2825; x_wconf 89' lang='lat' dir='ltr'>melius</span> <span class='ocrx_word' id='word_1_193' title='bbox 352 2760 394 2825; x_wconf 88' lang='lat' dir='ltr'>ab</span> <span class='ocrx_word' id='word_1_194' title='bbox 417 2759 510 2826; x_wconf 91' lang='lat' dir='ltr'>initio</span> <span class='ocrx_word' id='word_1_195' title='bbox 533 2759 710 2826; x_wconf 81' lang='lat' dir='ltr'>resumitur</span> <span class='ocrx_word' id='word_1_196' title='bbox 740 2781 837 2842; x_wconf 90' lang='lat' dir='ltr'>quam</span> <span class='ocrx_word' id='word_1_197' title='bbox 868 2759 1093 2826; x_wconf 90' lang='lat' dir='ltr'>continuatur:</span> <span class='ocrx_word' id='word_1_198' title='bbox 1126 2765 1327 2844; x_wconf 88' lang='lat' dir='ltr'>quapropter</span> <span class='ocrx_word' id='word_1_199' title='bbox 1355 2760 1426 2825; x_wconf 87' lang='lat' dir='ltr'>loeo</span> 
     </span>
     <span class='ocr_line' id='line_1_26' title="bbox 102 2847 1423 2934; baseline 0.002 -21"><span class='ocrx_word' id='word_1_200' title='bbox 102 2848 347 2934; x_wconf 88' lang='lat' dir='ltr'>interruptionis</span> <span class='ocrx_word' id='word_1_201' title='bbox 387 2869 471 2930; x_wconf 86' lang='lat' dir='ltr'>quae</span> <span class='ocrx_word' id='word_1_202' title='bbox 508 2848 739 2915; x_wconf 89' lang='lat' dir='ltr'>intendebatur</span> <span class='ocrx_word' id='word_1_203' title='bbox 778 2869 816 2915; x_wconf 93' lang='lat' dir='ltr'>eo</span> <span class='ocrx_word' id='word_1_204' title='bbox 856 2870 934 2914; x_wconf 88' lang='lat' dir='ltr'>casu</span> <span class='ocrx_word' id='word_1_205' title='bbox 972 2847 1113 2914; x_wconf 89' lang='lat' dir='ltr'>habetur</span> <span class='ocrx_word' id='word_1_206' title='bbox 1147 2870 1227 2915; x_wconf 91' lang='lat' dir='ltr'>vera</span> <span class='ocrx_word' id='word_1_207' title='bbox 1262 2848 1423 2932; x_wconf 88' lang='lat' dir='ltr'>abruptio.</span> 
     </span>
     <span class='ocr_line' id='line_1_27' title="bbox 102 2937 1426 3005; baseline -0.001 0"><span class='ocrx_word' id='word_1_208' title='bbox 102 2976 140 2988; x_wconf 90' lang='lat'><em>-</em></span> <span class='ocrx_word' id='word_1_209' title='bbox 169 2939 254 3005; x_wconf 87' lang='lat' dir='ltr'>Post</span> <span class='ocrx_word' id='word_1_210' title='bbox 283 2937 560 3004; x_wconf 86' lang='lat' dir='ltr'>consecrationem</span> <span class='ocrx_word' id='word_1_211' title='bbox 592 2942 702 3004; x_wconf 89' lang='lat' dir='ltr'>autern</span> <span class='ocrx_word' id='word_1_212' title='bbox 732 2938 833 3003; x_wconf 91' lang='lat' dir='ltr'>missa</span> <span class='ocrx_word' id='word_1_213' title='bbox 862 2959 927 3003; x_wconf 93' lang='lat' dir='ltr'>non</span> <span class='ocrx_word' id='word_1_214' title='bbox 957 2938 998 3003; x_wconf 88' lang='lat' dir='ltr'>ab</span> <span class='ocrx_word' id='word_1_215' title='bbox 1029 2937 1121 3003; x_wconf 90' lang='lat' dir='ltr'>initio</span> <span class='ocrx_word' id='word_1_216' title='bbox 1149 2938 1344 3004; x_wconf 89' lang='lat' dir='ltr'>resumenda</span> <span class='ocrx_word' id='word_1_217' title='bbox 1367 2937 1426 3004; x_wconf 90' lang='lat' dir='ltr'>sed</span> 
     </span>
     <span class='ocr_line' id='line_1_28' title="bbox 102 3026 1424 3109; baseline 0 -16"><span class='ocrx_word' id='word_1_218' title='bbox 102 3027 320 3094; x_wconf 84' lang='lat' dir='ltr'>continuanda</span> <span class='ocrx_word' id='word_1_219' title='bbox 343 3030 413 3104; x_wconf 91' lang='lat' dir='ltr'>est,</span> <span class='ocrx_word' id='word_1_220' title='bbox 445 3026 549 3092; x_wconf 90' lang='lat' dir='ltr'>etita</span> <span class='ocrx_word' id='word_1_221' title='bbox 572 3026 657 3092; x_wconf 91' lang='lat' dir='ltr'>idem</span> <span class='ocrx_word' id='word_1_222' title='bbox 681 3027 875 3093; x_wconf 87' lang='lat' dir='ltr'>sacrificium</span> <span class='ocrx_word' id='word_1_223' title='bbox 899 3026 996 3093; x_wconf 88' lang='lat' dir='ltr'>debet</span> <span class='ocrx_word' id='word_1_224' title='bbox 1025 3026 1153 3092; x_wconf 89' lang='lat' dir='ltr'>absolvi</span> <span class='ocrx_word' id='word_1_225' title='bbox 1177 3027 1330 3109; x_wconf 84' lang='lat' dir='ltr'>quamdiu</span> <span class='ocrx_word' id='word_1_226' title='bbox 1354 3049 1424 3094; x_wconf 92' lang='lat' dir='ltr'>mo-</span> 
     </span>
     <span class='ocr_line' id='line_1_29' title="bbox 101 3115 1423 3200; baseline -0.002 -17"><span class='ocrx_word' id='word_1_227' title='bbox 101 3118 175 3183; x_wconf 90' lang='lat' dir='ltr'>ralis</span> <span class='ocrx_word' id='word_1_228' title='bbox 200 3116 278 3183; x_wconf 92' lang='lat' dir='ltr'>unio</span> <span class='ocrx_word' id='word_1_229' title='bbox 302 3115 415 3193; x_wconf 87' lang='lat' dir='ltr'>durat;</span> <span class='ocrx_word' id='word_1_230' title='bbox 446 3116 597 3199; x_wconf 82' lang='lat' dir='ltr'>abruptio</span> <span class='ocrx_word' id='word_1_231' title='bbox 628 3116 714 3180; x_wconf 90' lang='lat' dir='ltr'>enim</span> <span class='ocrx_word' id='word_1_232' title='bbox 744 3121 819 3200; x_wconf 94' lang='lat' dir='ltr'>post</span> <span class='ocrx_word' id='word_1_233' title='bbox 843 3115 1138 3193; x_wconf 88' lang='lat' dir='ltr'>consecrationem,</span> <span class='ocrx_word' id='word_1_234' title='bbox 1173 3120 1330 3198; x_wconf 81' lang='lat' dir='ltr'>quantuni</span> <span class='ocrx_word' id='word_1_235' title='bbox 1354 3116 1423 3181; x_wconf 89' lang='lat' dir='ltr'>fieri</span> 
     </span>
     <span class='ocr_line' id='line_1_30' title="bbox 100 3204 473 3290; baseline -0.005 -17"><span class='ocrx_word' id='word_1_236' title='bbox 100 3209 219 3290; x_wconf 88' lang='lat' dir='ltr'>potest,</span> <span class='ocrx_word' id='word_1_237' title='bbox 244 3204 342 3270; x_wconf 87' lang='lat' dir='ltr'>debet</span> <span class='ocrx_word' id='word_1_238' title='bbox 364 3205 473 3271; x_wconf 88' lang='lat' dir='ltr'>vitari.</span> 
     </span>
    </p>

    <p class='ocr_par' dir='ltr' id='par_1_9' title="bbox 98 3301 1492 3832">
     <span class='ocr_line' id='line_1_31' title="bbox 186 3301 1492 3387; baseline -0.002 -18"><span class='ocrx_word' id='word_1_239' title='bbox 186 3303 226 3370; x_wconf 90' lang='lat' dir='ltr'>R.</span> <span class='ocrx_word' id='word_1_240' title='bbox 252 3305 283 3368; x_wconf 88' lang='grc'>3.</span> <span class='ocrx_word' id='word_1_241' title='bbox 329 3301 377 3368; x_wconf 89' lang='lat' dir='ltr'>Ut</span> <span class='ocrx_word' id='word_1_242' title='bbox 406 3305 484 3367; x_wconf 90' lang='lat' dir='ltr'>ente</span> <span class='ocrx_word' id='word_1_243' title='bbox 513 3323 670 3367; x_wconf 87' lang='lat' dir='ltr'>canonem</span> <span class='ocrx_word' id='word_1_244' title='bbox 700 3301 801 3368; x_wconf 89' lang='lat' dir='ltr'>missa</span> <span class='ocrx_word' id='word_1_245' title='bbox 830 3302 1089 3384; x_wconf 89' lang='lat' dir='ltr'>interrumpatur</span> <span class='ocrx_word' id='word_1_246' title='bbox 1112 3302 1166 3366; x_wconf 91' lang='lat' dir='ltr'>vel</span> <span class='ocrx_word' id='word_1_247' title='bbox 1199 3303 1424 3385; x_wconf 85' lang='lat' dir='ltr'>abrumpatur,</span> <span class='ocrx_word' id='word_1_248' title='bbox 1487 3372 1492 3387; x_wconf 57' lang='grc'>,</span> 
     </span>
     <span class='ocr_line' id='line_1_32' title="bbox 100 3390 1423 3473; baseline -0.003 -14"><span class='ocrx_word' id='word_1_249' title='bbox 100 3392 222 3459; x_wconf 86' lang='lat' dir='ltr'>sufficit</span> <span class='ocrx_word' id='word_1_250' title='bbox 246 3412 346 3458; x_wconf 85' lang='lat' dir='ltr'>eausa</span> <span class='ocrx_word' id='word_1_251' title='bbox 369 3391 483 3473; x_wconf 82' lang='lat' dir='ltr'>gravis</span> <span class='ocrx_word' id='word_1_252' title='bbox 506 3390 635 3472; x_wconf 88' lang='lat' dir='ltr'>quidem</span> <span class='ocrx_word' id='word_1_253' title='bbox 660 3391 717 3456; x_wconf 87' lang='lat' dir='ltr'>sed</span> <span class='ocrx_word' id='word_1_254' title='bbox 741 3390 949 3456; x_wconf 89' lang='lat' dir='ltr'>mediocriter</span> <span class='ocrx_word' id='word_1_255' title='bbox 972 3391 1101 3472; x_wconf 86' lang='lat' dir='ltr'>gravis;</span> <span class='ocrx_word' id='word_1_256' title='bbox 1125 3391 1223 3455; x_wconf 90' lang='lat' dir='ltr'>immo</span> <span class='ocrx_word' id='word_1_257' title='bbox 1248 3412 1285 3455; x_wconf 93' lang='lat' dir='ltr'>eo</span> <span class='ocrx_word' id='word_1_258' title='bbox 1309 3390 1423 3468; x_wconf 89' lang='lat' dir='ltr'>levior,</span> 
     </span>
     <span class='ocr_line' id='line_1_33' title="bbox 100 3478 1425 3565; baseline -0.003 -16"><span class='ocrx_word' id='word_1_259' title='bbox 100 3503 158 3565; x_wconf 90' lang='lat' dir='ltr'>quo</span> <span class='ocrx_word' id='word_1_260' title='bbox 183 3481 292 3547; x_wconf 91' lang='lat' dir='ltr'>minor</span> <span class='ocrx_word' id='word_1_261' title='bbox 315 3485 367 3546; x_wconf 91' lang='lat' dir='ltr'>est</span> <span class='ocrx_word' id='word_1_262' title='bbox 388 3501 582 3563; x_wconf 85' lang='lat' dir='ltr'>progressus</span> <span class='ocrx_word' id='word_1_263' title='bbox 610 3501 704 3563; x_wconf 90' lang='lat' dir='ltr'>quem</span> <span class='ocrx_word' id='word_1_264' title='bbox 735 3480 768 3544; x_wconf 92' lang='lat' dir='ltr'>in</span> <span class='ocrx_word' id='word_1_265' title='bbox 798 3480 898 3545; x_wconf 88' lang='lat' dir='ltr'>missa</span> <span class='ocrx_word' id='word_1_266' title='bbox 928 3480 1098 3545; x_wconf 87' lang='lat' dir='ltr'>celebrans</span> <span class='ocrx_word' id='word_1_267' title='bbox 1127 3478 1253 3546; x_wconf 86' lang='lat' dir='ltr'>fecerit.</span> <span class='ocrx_word' id='word_1_268' title='bbox 1301 3479 1365 3545; x_wconf 86' lang='lat' dir='ltr'>Sed</span> <span class='ocrx_word' id='word_1_269' title='bbox 1388 3484 1425 3545; x_wconf 90' lang='lat' dir='ltr'>ut</span> 
     </span>
     <span class='ocr_line' id='line_1_34' title="bbox 98 3568 1425 3655; baseline -0.004 -16"><span class='ocrx_word' id='word_1_270' title='bbox 98 3577 171 3655; x_wconf 90' lang='lat' dir='ltr'>post</span> <span class='ocrx_word' id='word_1_271' title='bbox 196 3569 475 3636; x_wconf 87' lang='lat' dir='ltr'>consecrationem</span> <span class='ocrx_word' id='word_1_272' title='bbox 498 3569 661 3652; x_wconf 88' lang='lat' dir='ltr'>inceptam</span> <span class='ocrx_word' id='word_1_273' title='bbox 686 3569 785 3635; x_wconf 88' lang='lat' dir='ltr'>missa</span> <span class='ocrx_word' id='word_1_274' title='bbox 812 3569 1087 3653; x_wconf 88' lang='lat' dir='ltr'>interrumpatur,</span> <span class='ocrx_word' id='word_1_275' title='bbox 1118 3568 1295 3651; x_wconf 90' lang='lat' dir='ltr'>requiritur</span> <span class='ocrx_word' id='word_1_276' title='bbox 1324 3589 1425 3634; x_wconf 85' lang='lat' dir='ltr'>causa</span> 
     </span>
     <span class='ocr_line' id='line_1_35' title="bbox 99 3657 1423 3742; baseline -0.001 -18"><span class='ocrx_word' id='word_1_277' title='bbox 99 3661 194 3727; x_wconf 90' lang='lat' dir='ltr'>valde</span> <span class='ocrx_word' id='word_1_278' title='bbox 224 3658 354 3742; x_wconf 80' lang='lat' dir='ltr'>gravis,</span> <span class='ocrx_word' id='word_1_279' title='bbox 384 3658 406 3724; x_wconf 90' lang='lat' dir='ltr'>i.</span> <span class='ocrx_word' id='word_1_280' title='bbox 435 3679 462 3724; x_wconf 88' lang='lat' dir='ltr'>e.</span> <span class='ocrx_word' id='word_1_281' title='bbox 493 3678 596 3741; x_wconf 82' lang='lat' dir='ltr'>grave</span> <span class='ocrx_word' id='word_1_282' title='bbox 626 3657 756 3723; x_wconf 92' lang='lat' dir='ltr'>omnino</span> <span class='ocrx_word' id='word_1_283' title='bbox 780 3658 959 3741; x_wconf 91' lang='lat' dir='ltr'>perieulum</span> <span class='ocrx_word' id='word_1_284' title='bbox 990 3657 1155 3742; x_wconf 93' lang='lat' dir='ltr'>proprium</span> <span class='ocrx_word' id='word_1_285' title='bbox 1187 3658 1240 3723; x_wconf 89' lang='lat' dir='ltr'>vel</span> <span class='ocrx_word' id='word_1_286' title='bbox 1271 3657 1423 3736; x_wconf 88' lang='lat' dir='ltr'>alienum,</span> 
     </span>
     <span class='ocr_line' id='line_1_36' title="bbox 98 3746 1425 3832; baseline -0.002 -18"><span class='ocrx_word' id='word_1_287' title='bbox 98 3749 182 3832; x_wconf 90' lang='lat' dir='ltr'>quod</span> <span class='ocrx_word' id='word_1_288' title='bbox 207 3747 305 3814; x_wconf 84' lang='lat' dir='ltr'>aliter</span> <span class='ocrx_word' id='word_1_289' title='bbox 328 3747 436 3813; x_wconf 91' lang='lat' dir='ltr'>averti</span> <span class='ocrx_word' id='word_1_290' title='bbox 459 3751 618 3829; x_wconf 86' lang='lat' dir='ltr'>nequeat;</span> <span class='ocrx_word' id='word_1_291' title='bbox 643 3746 740 3828; x_wconf 92' lang='lat' dir='ltr'>idque</span> <span class='ocrx_word' id='word_1_292' title='bbox 764 3768 801 3812; x_wconf 93' lang='lat' dir='ltr'>eo</span> <span class='ocrx_word' id='word_1_293' title='bbox 826 3747 970 3829; x_wconf 87' lang='lat' dir='ltr'>gravius,</span> <span class='ocrx_word' id='word_1_294' title='bbox 995 3747 1022 3811; x_wconf 89' lang='lat' dir='ltr'>si</span> <span class='ocrx_word' id='word_1_295' title='bbox 1039 3747 1125 3811; x_wconf 88' lang='lat' dir='ltr'>forte</span> <span class='ocrx_word' id='word_1_296' title='bbox 1141 3746 1241 3812; x_wconf 88' lang='lat' dir='ltr'>missa</span> <span class='ocrx_word' id='word_1_297' title='bbox 1264 3746 1307 3813; x_wconf 93' lang='lat' dir='ltr'>sit</span> <span class='ocrx_word' id='word_1_298' title='bbox 1331 3769 1425 3831; x_wconf 93' lang='lat' dir='ltr'>pror·</span> 
     </span>
    </p>
   </div>
   <div class='ocr_carea' id='block_1_8' title="bbox 97 3836 847 3923">
    <p class='ocr_par' dir='ltr' id='par_1_10' title="bbox 97 3836 847 3923">
     <span class='ocr_line' id='line_1_37' title="bbox 97 3836 847 3923; baseline -0.001 -19"><span class='ocrx_word' id='word_1_299' title='bbox 97 3861 149 3905; x_wconf 91' lang='lat' dir='ltr'>sus</span> <span class='ocrx_word' id='word_1_300' title='bbox 175 3839 409 3923; x_wconf 81' lang='lat' dir='ltr'>abrumpenda.</span> <span class='ocrx_word' id='word_1_301' title='bbox 461 3836 516 3902; x_wconf 83' lang='lat' dir='ltr'>Tb.</span> <span class='ocrx_word' id='word_1_302' title='bbox 540 3858 581 3902; x_wconf 75' lang='lat' dir='ltr'>cn.</span> <span class='ocrx_word' id='word_1_303' title='bbox 606 3836 647 3915; x_wconf 94' lang='lat' dir='ltr'>II,</span> <span class='ocrx_word' id='word_1_304' title='bbox 673 3839 747 3901; x_wconf 82' lang='grc'><strong>246.</strong></span> <span class='ocrx_word' id='word_1_305' title='bbox 773 3839 847 3903; x_wconf 76' lang='grc'>247.</span> 
     </span>
    </p>
   </div>
   <div class='ocr_carea' id='block_1_9' title="bbox 91 3957 1485 4753">
    <p class='ocr_par' dir='ltr' id='par_1_11' title="bbox 94 3957 1485 4387">
     <span class='ocr_line' id='line_1_38' title="bbox 185 3957 1485 4042; baseline 0.002 -16"><span class='ocrx_word' id='word_1_306' title='bbox 185 3961 241 4026; x_wconf 78' lang='lat' dir='ltr'>An</span> <span class='ocrx_word' id='word_1_307' title='bbox 262 3979 453 4036; x_wconf 75' lang='lat' dir='ltr'>ouarsrruu</span> <span class='ocrx_word' id='word_1_308' title='bbox 477 3961 516 4022; x_wconf 73' lang='lat'>2¹⁰</span> <span class='ocrx_word' id='word_1_309' title='bbox 539 3958 577 4023; x_wconf 76' lang='lat' dir='ltr'>lt.</span> <span class='ocrx_word' id='word_1_310' title='bbox 604 3962 631 4024; x_wconf 92' lang='lat'>1.</span> <span class='ocrx_word' id='word_1_311' title='bbox 679 3958 847 4023; x_wconf 81' lang='lat' dir='ltr'>Auxilium</span> <span class='ocrx_word' id='word_1_312' title='bbox 871 3957 1062 4023; x_wconf 90' lang='lat' dir='ltr'>moribundo</span> <span class='ocrx_word' id='word_1_313' title='bbox 1087 3958 1337 4041; x_wconf 86' lang='lat' dir='ltr'>praestandum,</span> <span class='ocrx_word' id='word_1_314' title='bbox 1370 3960 1485 4042; x_wconf 79' lang='lat' dir='ltr'>quirao</span> 
     </span>
     <span class='ocr_line' id='line_1_39' title="bbox 96 4047 1423 4130; baseline -0.004 -12"><span class='ocrx_word' id='word_1_315' title='bbox 96 4054 305 4118; x_wconf 86' lang='lat' dir='ltr'>sacramento</span> <span class='ocrx_word' id='word_1_316' title='bbox 329 4048 418 4113; x_wconf 93' lang='lat' dir='ltr'>nullo</span> <span class='ocrx_word' id='word_1_317' title='bbox 434 4047 578 4113; x_wconf 90' lang='lat' dir='ltr'>munitus</span> <span class='ocrx_word' id='word_1_318' title='bbox 601 4051 662 4125; x_wconf 88' lang='lat' dir='ltr'>est,</span> <span class='ocrx_word' id='word_1_319' title='bbox 687 4068 767 4113; x_wconf 90' lang='lat' dir='ltr'>sane</span> <span class='ocrx_word' id='word_1_320' title='bbox 784 4047 980 4128; x_wconf 84' lang='lat' dir='ltr'>gravissima</span> <span class='ocrx_word' id='word_1_321' title='bbox 1004 4053 1055 4113; x_wconf 90' lang='lat' dir='ltr'>est</span> <span class='ocrx_word' id='word_1_322' title='bbox 1078 4047 1164 4113; x_wconf 87' lang='lat' dir='ltr'>ratio</span> <span class='ocrx_word' id='word_1_323' title='bbox 1188 4067 1245 4111; x_wconf 89' lang='lat' dir='ltr'>eur</span> <span class='ocrx_word' id='word_1_324' title='bbox 1262 4049 1423 4130; x_wconf 87' lang='lat' dir='ltr'>parochus</span> 
     </span>
     <span class='ocr_line' id='line_1_40' title="bbox 95 4135 1424 4221; baseline -0.005 -14"><span class='ocrx_word' id='word_1_325' title='bbox 95 4142 232 4207; x_wconf 89' lang='lat' dir='ltr'>missam</span> <span class='ocrx_word' id='word_1_326' title='bbox 256 4139 495 4220; x_wconf 88' lang='lat' dir='ltr'>interrumpere</span> <span class='ocrx_word' id='word_1_327' title='bbox 519 4137 572 4201; x_wconf 90' lang='lat' dir='ltr'>vel</span> <span class='ocrx_word' id='word_1_328' title='bbox 597 4137 696 4202; x_wconf 85' lang='lat' dir='ltr'>etiam</span> <span class='ocrx_word' id='word_1_329' title='bbox 721 4138 915 4221; x_wconf 88' lang='lat' dir='ltr'>abrumpere</span> <span class='ocrx_word' id='word_1_330' title='bbox 939 4137 1043 4220; x_wconf 86' lang='lat' dir='ltr'>possit</span> <span class='ocrx_word' id='word_1_331' title='bbox 1067 4140 1102 4201; x_wconf 91' lang='lat' dir='ltr'>et</span> <span class='ocrx_word' id='word_1_332' title='bbox 1126 4135 1261 4211; x_wconf 86' lang='lat' dir='ltr'>debeat,</span> <span class='ocrx_word' id='word_1_333' title='bbox 1286 4136 1313 4200; x_wconf 89' lang='lat' dir='ltr'>si</span> <span class='ocrx_word' id='word_1_334' title='bbox 1337 4137 1424 4220; x_wconf 90' lang='lat' dir='ltr'>peri-</span> 
     </span>
     <span class='ocr_line' id='line_1_41' title="bbox 95 4226 1425 4308; baseline -0.005 -11"><span class='ocrx_word' id='word_1_335' title='bbox 95 4232 204 4297; x_wconf 91' lang='lat' dir='ltr'>culum</span> <span class='ocrx_word' id='word_1_336' title='bbox 237 4231 288 4293; x_wconf 90' lang='lat' dir='ltr'>est</span> <span class='ocrx_word' id='word_1_337' title='bbox 317 4227 350 4291; x_wconf 91' lang='lat' dir='ltr'>in</span> <span class='ocrx_word' id='word_1_338' title='bbox 381 4247 482 4291; x_wconf 88' lang='lat' dir='ltr'>mora.</span> <span class='ocrx_word' id='word_1_339' title='bbox 530 4226 658 4292; x_wconf 90' lang='lat' dir='ltr'>Debent</span> <span class='ocrx_word' id='word_1_340' title='bbox 688 4231 798 4291; x_wconf 87' lang='lat' dir='ltr'>tamen</span> <span class='ocrx_word' id='word_1_341' title='bbox 828 4226 861 4290; x_wconf 94' lang='lat' dir='ltr'>in</span> <span class='ocrx_word' id='word_1_342' title='bbox 892 4227 952 4291; x_wconf 90' lang='lat' dir='ltr'>hoc</span> <span class='ocrx_word' id='word_1_343' title='bbox 984 4248 1061 4290; x_wconf 87' lang='lat' dir='ltr'>casu</span> <span class='ocrx_word' id='word_1_344' title='bbox 1085 4246 1199 4290; x_wconf 85' lang='lat' dir='ltr'>sacrae</span> <span class='ocrx_word' id='word_1_345' title='bbox 1223 4226 1348 4308; x_wconf 88' lang='lat' dir='ltr'>species</span> <span class='ocrx_word' id='word_1_346' title='bbox 1373 4247 1425 4290; x_wconf 93' lang='lat' dir='ltr'>re·</span> 
     </span>
     <span class='ocr_line' id='line_1_42' title="bbox 94 4315 405 4387; baseline -0.01 -3"><span class='ocrx_word' id='word_1_347' title='bbox 94 4323 252 4387; x_wconf 88' lang='lat' dir='ltr'>verenter</span> <span class='ocrx_word' id='word_1_348' title='bbox 274 4315 405 4382; x_wconf 90' lang='lat' dir='ltr'>includi.</span> 
     </span>
    </p>

    <p class='ocr_par' dir='ltr' id='par_1_12' title="bbox 91 4410 1424 4675">
     <span class='ocr_line' id='line_1_43' title="bbox 184 4410 1424 4494; baseline -0.003 -13"><span class='ocrx_word' id='word_1_349' title='bbox 184 4416 225 4482; x_wconf 85' lang='lat' dir='ltr'>R.</span> <span class='ocrx_word' id='word_1_350' title='bbox 251 4417 281 4481; x_wconf 86' lang='lat'>2.</span> <span class='ocrx_word' id='word_1_351' title='bbox 328 4413 509 4494; x_wconf 84' lang='lat' dir='ltr'>Maglorius</span> <span class='ocrx_word' id='word_1_352' title='bbox 532 4413 565 4476; x_wconf 94' lang='lat' dir='ltr'>in</span> <span class='ocrx_word' id='word_1_353' title='bbox 587 4412 648 4477; x_wconf 91' lang='lat' dir='ltr'>hoc</span> <span class='ocrx_word' id='word_1_354' title='bbox 679 4413 927 4478; x_wconf 87' lang='lat' dir='ltr'>irreverentiam</span> <span class='ocrx_word' id='word_1_355' title='bbox 960 4411 1121 4476; x_wconf 87' lang='lat' dir='ltr'>commisit</span> <span class='ocrx_word' id='word_1_356' title='bbox 1145 4411 1231 4491; x_wconf 90' lang='lat' dir='ltr'>quod</span> <span class='ocrx_word' id='word_1_357' title='bbox 1254 4410 1424 4491; x_wconf 89' lang='lat' dir='ltr'>reliquerit</span> 
     </span>
     <span class='ocr_line' id='line_1_44' title="bbox 92 4502 1423 4593; baseline -0.006 -19"><span class='ocrx_word' id='word_1_358' title='bbox 92 4512 252 4593; x_wconf 88' lang='lat' dir='ltr'>patenam</span> <span class='ocrx_word' id='word_1_359' title='bbox 283 4509 317 4570; x_wconf 90' lang='lat' dir='ltr'>et</span> <span class='ocrx_word' id='word_1_360' title='bbox 347 4503 482 4569; x_wconf 89' lang='lat' dir='ltr'>calicem</span> <span class='ocrx_word' id='word_1_361' title='bbox 512 4523 575 4566; x_wconf 91' lang='lat' dir='ltr'>non</span> <span class='ocrx_word' id='word_1_362' title='bbox 607 4502 794 4585; x_wconf 84' lang='lat' dir='ltr'>purificata,</span> <span class='ocrx_word' id='word_1_363' title='bbox 826 4502 888 4566; x_wconf 87' lang='lat' dir='ltr'>nisi</span> <span class='ocrx_word' id='word_1_364' title='bbox 920 4502 1006 4566; x_wconf 91' lang='lat' dir='ltr'>forte</span> <span class='ocrx_word' id='word_1_365' title='bbox 1037 4503 1228 4565; x_wconf 85' lang='lat' dir='ltr'>reverenter</span> <span class='ocrx_word' id='word_1_366' title='bbox 1251 4504 1285 4565; x_wconf 87' lang='lat' dir='ltr'>et</span> <span class='ocrx_word' id='word_1_367' title='bbox 1309 4521 1423 4566; x_wconf 85' lang='lat' dir='ltr'>securo</span> 
     </span>
     <span class='ocr_line' id='line_1_45' title="bbox 91 4591 813 4675; baseline -0.01 -11"><span class='ocrx_word' id='word_1_368' title='bbox 91 4599 164 4664; x_wconf 88' lang='lat' dir='ltr'>loco</span> <span class='ocrx_word' id='word_1_369' title='bbox 190 4616 232 4662; x_wconf 88' lang='lat' dir='ltr'>ea</span> <span class='ocrx_word' id='word_1_370' title='bbox 255 4592 410 4668; x_wconf 89' lang='lat' dir='ltr'>condidit,</span> <span class='ocrx_word' id='word_1_371' title='bbox 435 4597 550 4675; x_wconf 88' lang='lat' dir='ltr'>postea</span> <span class='ocrx_word' id='word_1_372' title='bbox 574 4591 813 4674; x_wconf 81' lang='lat' dir='ltr'>purificaturus</span> 
     </span>
    </p>

    <p class='ocr_par' dir='ltr' id='par_1_13' title="bbox 143 4692 1205 4753">
     <span class='ocr_line' id='line_1_46' title="bbox 143 4692 1205 4753; baseline -0.008 -2"><span class='ocrx_word' id='word_1_373' title='bbox 143 4704 318 4753; x_wconf 82' lang='lat' dir='ltr'>Lehmkuhl.</span> <span class='ocrx_word' id='word_1_374' title='bbox 333 4704 405 4746; x_wconf 76' lang='lat' dir='ltr'>Casus</span> <span class='ocrx_word' id='word_1_375' title='bbox 419 4701 579 4744; x_wconf 85' lang='lat' dir='ltr'>conscientiae.</span> <span class='ocrx_word' id='word_1_376' title='bbox 598 4702 618 4742; x_wconf 88' lang='lat'>11</span> <span class='ocrx_word' id='word_1_377' title='bbox 1176 4692 1205 4743; x_wconf 89' lang='lat' dir='ltr'>ll</span> 
     </span>
    </p>
   </div>
   <div class='ocr_carea' id='block_1_10' title="bbox 0 0 1526 5174">
    <p class='ocr_par' dir='ltr' id='par_1_14' title="bbox 0 0 1526 5174">
     <span class='ocr_line' id='line_1_47' title="bbox 0 0 1526 5174; baseline 0 3"><span class='ocrx_word' id='word_1_378' title='bbox 0 0 1526 5174; x_wconf 95' lang='lat' dir='ltr'> </span> 
     </span>
    </p>
   </div>
  </div>
 </body>
</html>
