3044 5174
281 105 407 160 Minister
425 97 525 175 paenit.
544 135 580 143 -
598 104 719 173 sigillum
737 108 900 161 sacrament.
919 137 954 145 -
973 105 1032 160 eius
1050 105 1170 160 violatio.
1326 111 1388 174 311

64 285 138 350 dom
163 283 336 351 constituit
358 288 528 367 peccatum
552 286 683 349 mortale
699 287 814 349 contra
830 282 983 364 sigillum,
1007 281 1105 365 idque
1121 282 1221 348 etiam
1236 285 1270 348 in
1293 283 1391 349 dubio

64 373 142 440 talis
173 372 346 439 molestiae
376 373 553 438 tenendum
583 377 651 449 est;
683 376 719 439 at
747 371 897 454 parvitas
927 371 1085 438 materiae
1115 393 1180 437 non
1207 372 1392 440 excluditur

65 462 215 541 omnino,
251 462 314 527 etsi
348 461 430 526 hacc
459 460 618 526 materiae
647 461 797 544 parvitas
828 461 915 528 inter
943 461 1065 528 limites
1095 461 1192 526 valde
1225 465 1317 527 artas
1347 462 1391 528 sit

65 552 299 618 concludenda.
331 589 374 631 ·.-
405 551 527 614 Verum
556 549 585 614 si
614 571 668 614 res
697 550 808 632 agitur
837 571 947 615 coram
976 549 1085 627 laicis,
1115 549 1202 632 iique
1232 551 1392 634 suspicari

64 647 205 724 possunt
228 639 518 722 interrogationem
542 638 613 704 fieri
635 644 770 723 propter
793 639 905 705 audita
927 639 961 703 in
985 639 1204 717 confessione,
1239 640 1335 705 facile
1357 639 1391 704 id

64 750 169 812 grave
193 730 257 795 erit
280 734 414 813 propter
437 728 617 812 periculum
639 727 795 792 scandali.
1265 747 1273 763 ·

155 842 210 908 An
237 863 429 919 cnansrruu
452 845 500 908 2¹².
548 841 751 925 Responsum
775 845 870 924 patet
893 862 933 907 ex
958 842 1071 909 dictis:
1100 842 1134 906 iu
1163 842 1225 908 hac
1249 842 1392 908 secunda

64 932 290 1018 suppositione
313 933 353 996 de
377 936 511 1014 peccato
535 930 667 996 mortali
691 951 797 996 sermo
821 951 894 996 esse
916 932 1038 1013 nequit.

128 1142 242 1210 USUS
265 1141 477 1208 ΝΟΤΙΤΙΑΕ
500 1140 811 1209 CONFESSIONIS
836 1141 1002 1208 LlOITUS
1026 1141 1083 1206 ΕΤ
1107 1141 1328 1208 ILLIOITUS.

624 1306 735 1373 (lasus.
754 1315 831 1384 (156)

156 1473 296 1533 Camillus
324 1472 460 1550 superior
480 1473 673 1550 provincialis
702 1474 813 1534 ordinis
841 1474 974 1550 religiosi
1003 1493 1103 1534 secum
1132 1479 1280 1533 statuerat
1300 1475 1392 1533 Anto·

65 1556 147 1614 nium
168 1555 269 1613 facere
289 1559 435 1613 rectorem
456 1553 573 1630 collegii
594 1553 625 1612 in
646 1555 712 1614 loco
733 1555 780 1626 A,
803 1574 868 1614 cum
889 1555 1038 1615 Antonius
1060 1554 1219 1614 confitendi
1241 1572 1332 1612 causa
1354 1554 1391 1613 ad

64 1634 222 1695 Camillum
244 1633 360 1693 accedit
380 1653 470 1709 seque
491 1641 615 1692 accusat
635 1635 731 1709 quod,
754 1655 819 1695 cum
840 1635 871 1694 in
891 1635 956 1693 loco
978 1636 1006 1693 A
1027 1653 1133 1693 munus
1154 1639 1286 1709 gereret,
1308 1633 1390 1693 fami·

65 1716 156 1774 liares
178 1713 366 1773 visitationes
394 1713 518 1773 alicuius
545 1714 673 1773 feminae
701 1715 854 1774 admiserit
881 1719 969 1791 atque
998 1714 1154 1791 aliquoties
1182 1714 1303 1773 liberius
1325 1733 1391 1772 cum

65 1796 117 1854 illa
139 1794 242 1870 egerit.
284 1794 397 1865 Quibus
419 1792 559 1852 Camillus
580 1800 723 1866 movetur,
745 1801 779 1854 ut
800 1794 955 1854 consilium
977 1814 1061 1853 suum
1082 1799 1185 1865 mutet,
1206 1793 1337 1854 Antonio
1360 1795 1391 1853 in

65 1895 120 1935 suo
142 1875 208 1934 loco
229 1874 343 1943 relicto,
365 1893 450 1949 quem
472 1875 643 1950 ceteroquin
664 1875 706 1934 illi
727 1894 785 1934 non
808 1875 905 1934 minue
926 1880 1043 1950 gratum
1064 1894 1131 1934 ease
1153 1879 1263 1934 censet.

155 1954 308 2032 Sapricius
337 1953 484 2031 parochus
512 1953 709 2013 constituerat
736 1956 813 2032 apud
841 1975 874 2015 ae
902 1960 1014 2014 certam
1043 1955 1170 2031 puellam
1199 1973 1254 2031 pro
1282 1954 1390 2013 ancilla

65 2055 192 2106 sumere,
217 2054 283 2094 cum
303 2035 378 2092 haec
399 2034 477 2110 apud
498 2033 594 2109 ipsum
616 2034 773 2095 confitetur
794 2055 826 2095 se
841 2055 880 2094 ex
900 2035 1013 2112 infelici
1033 2034 1120 2112 lapsu
1141 2054 1208 2094 ease
1228 2034 1390 2110 gravidam.

66 2115 129 2185 Quo
151 2114 262 2185 andito,
284 2113 421 2190 quoniam
442 2113 469 2173 ei
490 2114 618 2173 nondum
639 2115 797 2190 quidquam
818 2116 944 2187 dixerat,
965 2120 1062 2176 mutat
1082 2115 1245 2176 consilium.

65 2213 244 2301 Qunaarrua
272 2231 302 2286 1ο
322 2247 394 2287 usus
415 2228 539 2289 notitiae
561 2249 598 2288 ex
621 2230 808 2289 confessione
828 2230 949 2290 habitae
981 2231 1045 2290 sine
1067 2230 1128 2290 ulla
1149 2229 1391 2289 manifestatione

320 2309 399 2367 sitne
420 2316 525 2367 contra
546 2309 683 2384 sigillum.

266 2407 298 2464 2⁰
317 2406 386 2482 quid
408 2406 443 2464 de
465 2407 586 2467 Camillo
608 2412 639 2466 et
659 2407 793 2484 Saprioio
814 2407 977 2468 dicendum.

266 2506 297 2563 3⁰
318 2503 396 2642 quid,
418 2504 453 2575 si,
475 2523 506 2562 re
528 2524 581 2580 per
602 2505 766 2582 Septicium
780 2506 896 2582 puellae
912 2505 1136 2577 communicata,
1159 2505 1233 2564 haec
1255 2505 1318 2582 spei
1339 2524 1392 2564 no·

333 2583 408 2642 uerit
428 2585 607 2644 renuntiare.

662 2784 795 2852 Salutio.

153 2929 208 2994 Aa
230 2948 422 3003 queramur
447 2931 485 2992 1¹m
506 2927 546 2995 R.
571 2931 600 2994 l.
648 2927 796 2993 Clemens
819 2928 898 2993 VIII
922 2929 1009 2995 decr.
1041 2930 1081 2992 25
1106 2926 1185 2992 Maii
1211 2930 1296 2993 1593
1321 2943 1453 2998 om·548

63 3018 160 3084 nibus
173 3016 396 3100 superioribus
412 3016 613 3099 regularium
629 3017 780 3095 iniunxit,
797 3039 838 3083 ne
854 3038 1008 3100 umquam
1024 3017 1065 3082 ad
1082 3020 1254 3083 externam
1270 3016 1390 3098 guber·

63 3107 234 3173 nationem
263 3109 434 3172 uterentur
462 3105 580 3173 notitia
610 3127 652 3171 ex
675 3105 878 3172 confessione
901 3106 1040 3172 hausta:
1076 3106 1174 3183 ,Tam
1205 3105 1390 3189 superiores

63 3218 123 3281 pro
154 3199 303 3279 tempore
334 3195 548 3272 exsistentes,
580 3216 679 3277 quam
702 3195 893 3261 confessarii
925 3195 980 3278 qui
1009 3199 1126 3278 postea
1149 3194 1191 3260 ad
1214 3195 1389 3279 superiori·

63 3285 146 3351 tatis
176 3284 313 3366 gradum
337 3284 460 3351 fuerint
481 3284 640 3368 promoti,
671 3289 812 3351 caveant
841 3284 1106 3367 diligentissime,
1138 3302 1179 3349 ue
1209 3305 1249 3351 ea
1272 3284 1391 3350 notitia

63 3395 162 3458 quam
188 3373 228 3438 de
251 3373 389 3438 aliorum
420 3373 566 3458 peccatis
595 3373 628 3437 in
660 3373 863 3440 confessione
886 3373 1088 3451 habueruut,
1119 3375 1160 3439 ad
1192 3374 1389 3441 exteriorem

64 3461 335 3546 gubernationem
359 3467 523 3529 utantur.“
724 3460 727 3467 '

154 3568 193 3635 R.
218 3569 247 3633 2.
294 3565 497 3649 Quamquam
519 3566 580 3632 hoc
610 3568 777 3632 decretum
807 3566 990 3634 formaliter
1020 3568 1107 3634 solos
1130 3568 1314 3652 superiores
1338 3590 1390 3634 re·

64 3659 198 3740 gularee
221 3659 368 3740 spectat,
399 3657 607 3721 nihilominus
630 3657 737 3722 lucem
760 3658 856 3723 affert
879 3678 1033 3740 magnam
1063 3657 1097 3721 in
1120 3657 1264 3740 generali
1289 3678 1391 3739 quae·

64 3747 173 3812 stione
195 3746 235 3810 de
258 3766 318 3810 usu
341 3745 479 3812 notitiae
495 3767 538 3811 ex
554 3745 758 3811 confessione
781 3746 929 3812 haustae.
960 3745 1048 3811 Nam
1072 3766 1216 3810 summus
1239 3746 1389 3830 pontifex

65 3835 170 3901 noluit
194 3834 451 3900 ecclesiasticam
475 3836 579 3917 legem
604 3835 759 3912 condere,
790 3835 847 3900 sed
877 3835 1042 3919 explicare
1072 3835 1148 3917 quid
1171 3835 1215 3900 sit
1237 3835 1317 3901 iuris
1341 3835 1390 3900 di-

64 3925 134 3991 vini
157 3923 244 3989 circa
265 3924 417 3991 notitiam
442 3924 725 3991 sacramentalem.
772 3924 836 3990 Sed
866 3923 917 3989 ius
947 3924 1092 3989 divinum
1122 3923 1202 3988 nihil
1225 3923 1390 4007 peculiare

64 4013 185 4080 statuit
206 4033 266 4096 pro
289 4013 505 4095 regularibus.
545 4013 578 4079 si
601 4013 703 4095 igitur
726 4033 837 4078 eorum
861 4013 1080 4097 superioribus
1103 4013 1242 4079 vetitum
1267 4017 1318 4079 est
1341 4014 1389 4078 uti

64 4102 185 4169 notitia
207 4102 419 4167 confessionis
443 4103 485 4167 ad
509 4107 680 4167 externam
707 4102 994 4183 gubernationem,
1025 4101 1150 4168 scilicet
1173 4123 1245 4167 cum
1269 4123 1390 4184 grava·

65 4192 153 4258 mine
176 4190 383 4275 paenitentis,
408 4192 460 4256 cui
483 4192 657 4256 molestum
681 4195 743 4267 est,
768 4190 796 4256 si
811 4191 958 4276 superior
973 4191 1079 4274 ipsum
1095 4191 1200 4274 possit
1214 4192 1389 4256 excludere

64 4304 86 4348 a
109 4285 200 4347 certo
224 4280 347 4356 officio,
378 4281 451 4345 aliis
474 4284 671 4365 postponere
695 4286 830 4364 propter
853 4281 1000 4346 defectus
1024 4285 1058 4346 ct
1088 4283 1225 4363 peccata
1248 4281 1388 4358 occulta,

64 4393 107 4438 ax
129 4369 262 4455 propria
286 4369 489 4434 confessione
511 4374 641 4436 tantum
666 4370 694 4434 ei
720 4369 861 4451 cognita,
886 4369 1035 4435 similiter
1051 4368 1174 4435 vetitus
1197 4389 1268 4435 esse
1292 4369 1391 4436 debet

63 4460 215 4528 omnibus
238 4458 310 4523 aliis
334 4458 388 4541 qui
411 4458 624 4525 confessionis
646 4457 797 4524 notitiam
812 4457 944 4537 hahent,
969 4462 1126 4524 extamus
1141 4458 1235 4524 huius
1251 4459 1389 4527 notitiae
