3044 5174
496 1184 697 1286 Lectori
734 1185 960 1288 salutem.

76 1567 181 1732 Non
203 1551 311 1619 semel
326 1551 368 1617 ab
384 1549 423 1615 iis
439 1548 558 1633 quibus
574 1548 760 1632 theologiae
776 1550 1027 1617 candidatorum
1043 1550 1207 1618 institutio
1227 1552 1389 1622 incumbit

162 1656 303 1734 rogatus
326 1670 398 1715 sum
421 1651 459 1714 ut
481 1669 576 1713 cosae
598 1651 806 1715 conscientiae
829 1649 1077 1728 conscriberem,
1101 1650 1218 1733 quibus
1239 1671 1279 1717 ea
1302 1673 1387 1734 quae

79 1751 104 1817 iu
124 1747 319 1832 ,Theologia
341 1746 475 1812 morah‘
504 1745 611 1829 magis
633 1746 811 1812 scientifice
834 1747 1033 1826 evolverem,
1058 1746 1157 1814 etiam
1183 1749 1290 1832 magis
1312 1770 1389 1834 pro·

80 1868 213 1934 ponerem
238 1846 280 1912 ad
310 1842 440 1929 praxim
471 1843 719 1910 accommodata
748 1848 783 1911 et
813 1843 974 1928 exemplis
1002 1843 1179 1914 illustrata.
1226 1845 1318 1924 Quod
1350 1851 1388 1913 ut

82 1945 260 2029 aggrederer
282 1943 416 2011 tandem
440 1941 474 2006 in
497 1940 640 2007 animum
663 1940 793 2019 induxi;
818 1942 877 2007 sed
893 1940 1065 2025 quominus
1087 1945 1277 2027 perficerem
1301 1943 1387 2011 aliae

84 2064 164 2109 eume
183 2042 377 2123 laboresque
399 2037 630 2124 impediebant.

152 2141 229 2207 Cum
259 2140 389 2206 demum
413 2138 533 2203 bonam
559 2141 688 2221 partem
713 2137 821 2221 operis
844 2157 1111 2222 praeparassem,
1142 2138 1263 2206 accidit
1286 2144 1324 2206 ut
1347 2140 1389 2206 ab

88 2237 223 2321 aliquibus
246 2236 319 2321 ipsa
342 2239 501 2303 consueta
523 2235 718 2302 tractandae
741 2234 928 2318 theologiae
950 2235 1085 2302 moralis
1114 2236 1200 2304 ratio
1224 2241 1262 2304 ut
1284 2237 1391 2302 hurni-

89 2335 134 2401 lior
150 2340 181 2402 et
203 2335 301 2401 nimis
324 2333 501 2401 casuistica
524 2332 646 2400 acriter
667 2332 926 2417 impugnaretur,
951 2333 1069 2400 altiore
1088 2334 1310 2418 nobilioreque
1334 2336 1392 2403 do·

90 2434 159 2499 uendi
179 2433 334 2500 methodo
358 2431 598 2509 commendata,
623 2431 715 2514 quasi
740 2434 854 2497 nostra
869 2436 1019 2516 tempora
1035 2436 1070 2498 et
1085 2432 1297 2500 scientiarum
1316 2456 1392 2519 pro·

91 2551 197 2613 gressus
220 2552 294 2598 eam
325 2529 455 2596 omnino
486 2530 702 2613 postularent.
749 2528 840 2606 Quae
869 2529 898 2595 si
921 2549 1002 2596 vera
1032 2534 1162 2609 essent,
1196 2531 1238 2597 ab
1260 2531 1390 2616 incepto

90 2630 172 2695 studio
194 2630 359 2696 debebant
382 2648 435 2694 me
458 2648 624 2694 revocare.

153 2730 196 2796 At
224 2747 356 2812 semper
384 2726 464 2792 mihi
488 2745 680 2810 persuasum
704 2730 778 2792 erat
807 2725 966 2792 moralem
989 2725 1189 2809 theologiam
1213 2748 1390 2810 numquam

89 2829 157 2893 recte
176 2825 277 2905 tradi,
302 2825 444 2891 maxime
467 2844 533 2889 non
549 2815 679 2907 quando
695 2822 848 2906 dirigitur
867 2824 908 2889 ad
924 2824 1144 2890 efformandos
1160 2823 1390 2903 confessarios,

89 2919 144 3002 uisi,
164 2929 240 3008 post
262 2921 422 3007 principia
438 2920 480 2987 ad
496 2942 571 2987 eum
593 2921 725 2986 modum
742 2942 837 3004 quem
862 2921 966 3004 exigit
982 2921 1120 2988 scientia
1136 2921 1311 3004 diligenter
1334 2944 1393 2989 ex·

89 3020 181 3101 muita,
206 3021 425 3088 descendatur
449 3055 490 3064 —
514 3019 548 3084 id
572 3019 658 3101 quod
674 3019 849 3085 casuistica
865 3019 947 3087 facit
972 3056 1010 3064 -
1037 3019 1079 3086 ad
1102 3020 1284 3103 singularia
1299 3025 1334 3087 et
1349 3021 1392 3087 ad

88 3119 209 3186 actiones
241 3119 401 3185 humanas
425 3116 657 3183 diversissimis
681 3117 935 3184 circumstantiis
966 3117 1150 3186 distinctas.
1197 3117 1305 3195 Quare
1328 3139 1392 3184 non

87 3216 170 3282 solum
192 3238 257 3282 non
283 3215 396 3301 putavi
420 3213 611 3281 mutandum
636 3236 708 3281 esse
731 3216 862 3281 modurn
887 3236 983 3298 quem
997 3215 1090 3283 tenui
1113 3216 1146 3281 iu
1169 3216 1278 3300 priore
1294 3237 1393 3300 opere

88 3312 266 3397 ,Theologia
289 3313 441 3381 moralis“
468 3312 637 3397 inscripto,
662 3312 876 3380 theoreticam
893 3313 1131 3398 expositionem
1148 3335 1221 3380 cum
1245 3313 1393 3398 practica

84 3412 284 3496 coniungens,
315 3411 374 3478 sed
404 3410 505 3477 etiam
535 3410 569 3476 id
598 3411 684 3495 quod
714 3411 747 3476 in
778 3431 816 3476 eo
846 3410 934 3477 inest
963 3411 1171 3478 casuisticum
1203 3411 1268 3477 alio
1292 3433 1390 3497 opere

81 3532 196 3576 coruom
220 3512 428 3576 conscientiae
452 3508 531 3574 duxi
548 3509 782 3593 complendum.
815 3508 921 3573 Nemo
938 3508 1024 3573 enim
1049 3530 1161 3575 eorum
1185 3509 1239 3593 qui
1263 3510 1296 3575 in
1320 3511 1392 3595 ipsa

79 3627 144 3675 cura
175 3609 359 3675 animarum
391 3611 545 3673 versatus
575 3607 620 3673 sit
650 3611 751 3688 atque
783 3606 914 3672 noverit
937 3612 971 3672 et
1002 3627 1067 3688 qua
1094 3607 1233 3673 scientia
1263 3610 1297 3673 et
1327 3628 1392 3691 qua

76 3706 239 3791 prudentia
263 3712 362 3788 atque
386 3704 588 3771 dexteritate
611 3703 802 3769 confessarii
826 3704 987 3770 excellere
1011 3704 1163 3782 debeant,
1187 3703 1309 3771 infitias
1331 3705 1393 3772 ibit

76 3825 218 3888 umquam
250 3823 392 3886 magnae
426 3801 583 3868 utilitatis
615 3823 688 3867 esse
722 3801 816 3885 quasi
851 3823 911 3886 per
944 3802 1097 3886 exempla
1130 3801 1390 3886 experimentum

76 3902 243 3987 compsisse
266 3902 307 3967 de
329 3901 488 3968 scientiae
511 3899 677 3985 principiis
700 3900 913 3984 applicandis

152 4003 271 4083 Itaque
294 4021 333 4066 ea
356 4020 441 4083 quae
465 3998 529 4064 iam
553 4019 846 4082 praeparaveram,
878 4019 1012 4064 securus
1042 3999 1133 4082 prelo
1158 3996 1392 4064 committenda

76 4099 196 4176 mravi;
232 4103 310 4166 sunt
343 4103 455 4165 autem
490 4117 575 4179 quae
610 4097 651 4161 ad
686 4096 868 4161 doctrinam
904 4096 1060 4161 moralem
1097 4096 1137 4160 de
1175 4095 1391 4162 sacramentis

76 4201 229 4284 pectant.
281 4196 371 4273 Quae
401 4195 559 4277 reliquam
591 4193 790 4275 theologiam
822 4194 978 4259 moralem
1009 4193 1205 4277 respiciunt,
1236 4193 1284 4259 ita
1314 4197 1391 4260 sunt

76 4295 226 4381 lisposita
260 4300 297 4360 ut
328 4314 463 4378 sperare
495 4293 594 4358 liceat
623 4312 739 4356 versus
771 4292 868 4356 linem
901 4291 977 4356 novi
1013 4291 1089 4357 anni
1120 4291 1218 4357 etiam
1250 4292 1391 4358 alterum

76 4415 190 4462 omum
215 4413 287 4459 esse
310 4391 524 4476 proditurum.

154 4491 203 4558 Ut
226 4511 331 4575 pauca
355 4489 460 4554 dicem
485 4489 524 4554 de
548 4488 644 4553 modo
668 4508 764 4570 quern
780 4487 870 4552 tenui
896 4488 927 4552 in
945 4487 1006 4552 hac
1030 4507 1163 4552 casuum
1180 4486 1389 4552 collectione:

76 4611 164 4657 :urae
187 4589 268 4655 mihi
299 4586 449 4654 nonfuit
480 4593 517 4653 ut
550 4587 736 4670 colligerem
762 4605 857 4649 casus
885 4585 1009 4659 factos3
1043 4602 1238 4666 quamquam
1270 4585 1390 4651 multos
