3044 5174
142 253 206 317 538
608 249 812 305 Sacramentum
831 255 1004 311 matrimonii.

79 433 132 489 938
229 427 283 493 An
306 446 497 503 aamercort
514 432 553 493 3²
569 428 607 496 R.
629 431 657 494 1.
696 428 941 497 Matrimonium
957 431 1162 516 lidelbergae
1178 441 1271 503 certe
1286 436 1467 505 invalidum

140 524 209 596 est,
240 517 303 585 etsi
332 517 404 601 ipsa
434 517 544 600 puella
572 520 662 583 metu
692 517 813 585 adacta
842 538 956 585 verum
985 541 1180 589 consensum
1209 544 1254 591 ex
1281 547 1345 593 sua
1373 533 1469 612 parte

141 607 268 674 dederit
291 611 391 689 atque
414 605 456 672 de
479 605 678 672 matrimonii
700 607 751 673 sui
774 607 928 674 nullitate
950 609 1029 675 nihil
1052 611 1197 679 sciverit.

228 716 267 781 R.
294 716 323 780 2.
371 712 505 787 Mulier,
536 733 608 778 cum
633 722 767 815 putaret
794 713 1037 781 matrimonium
1060 717 1205 783 validum
1227 738 1318 799 esse,
1349 721 1466 790 nibilo-

139 805 247 870 minus
268 802 431 888 prioribus
455 799 621 867 mensibus
642 822 693 868 rus
716 801 831 869 habuit
847 802 1030 887 denegandi
1045 806 1244 874 matrimonii
1260 830 1466 878 consumma·

139 893 272 970 tionem,
289 912 352 958 non
368 894 480 958 tamen
496 889 672 957 indefinite.
705 890 752 958 At
767 891 876 976 potuit
890 892 990 959 etiam
1006 895 1121 962 statim
1137 896 1210 963 viro
1226 898 1464 976 obsecundare:

139 1003 178 1048 ac
200 982 295 1068 proin
318 980 408 1046 nulla
432 983 484 1046 est
505 978 592 1047 ratic
615 999 688 1046 eam
703 981 832 1066 peccati
847 980 1026 1062 incusandi‚
1051 984 1137 1067 quod
1162 986 1203 1052 ob
1228 991 1354 1055 metum
1379 991 1467 1057 nscia

139 1072 267 1138 demum
291 1069 325 1135 in
348 1068 452 1134 vitam
475 1069 681 1151 coniugalem
704 1070 915 1139 consenserit.

227 1178 266 1247 R.
280 1180 310 1244 3.
341 1177 473 1242 Certum
489 1175 615 1259 pariter
630 1180 681 1243 est
697 1176 939 1245 matrimonium
954 1198 991 1245 re
1008 1198 1088 1247 vera
1104 1181 1264 1249 mansisse
1284 1183 1464 1253 invalidum

139 1273 173 1335 et
188 1266 322 1332 nullum.
356 1263 453 1340 Nam,
476 1264 505 1330 si
529 1262 750 1332 abstrahimus
772 1286 793 1331 a
813 1266 1006 1349 quaestione
1028 1289 1105 1334 num
1122 1273 1264 1357 potnerit
1279 1270 1465 1358 Edelbergn

139 1358 172 1423 in
195 1354 357 1422 adiunctis
381 1353 467 1420 datis
483 1374 563 1419 vero
586 1374 746 1420 consensu
769 1355 1012 1422 matrimonium
1028 1357 1173 1425 validum
1195 1359 1318 1439 facere,
1342 1363 1466 1448 reipsa

138 1445 219 1512 illud
247 1465 312 1510 non
343 1441 556 1522 revalidavit,
588 1443 740 1526 quoniam
768 1445 809 1511 ad
832 1445 912 1510 illud
935 1445 1184 1514 revalidandum
1207 1450 1350 1518 debebat
1373 1473 1465 1536 prae

139 1535 254 1601 cedere
285 1532 402 1599 notitia
429 1532 482 1597 vel
505 1530 627 1597 serium
650 1531 783 1598 dubium
805 1534 847 1599 de
870 1533 984 1600 valore
1007 1554 1185 1602 consensus
1207 1538 1362 1623 primitus
1385 1542 1463 1607 dati.

138 1626 295 1691 Attamen
319 1620 359 1688 de
382 1642 422 1687 ea
445 1641 481 1686 re
503 1620 537 1686 in
560 1621 657 1705 plena
680 1621 743 1687 fuit
765 1621 962 1705 ignorantia.
998 1623 1203 1710 Quapropter
1226 1630 1297 1695 iare
1312 1651 1371 1696 eac
1396 1632 1465 1714 agit

138 1713 324 1793 Edelberga
347 1711 447 1778 etiam
471 1713 547 1794 post
563 1731 666 1777 annos
681 1710 862 1778 sollicitans
879 1712 1135 1781 declarationem
1149 1717 1352 1784 matrimonii
1368 1720 1463 1785 nulli-

138 1802 235 1882 tatis;
262 1799 471 1867 nibilominus
493 1799 603 1867 officia
625 1819 707 1882 erga
729 1801 854 1883 prolem
877 1801 1045 1885 imponere
1068 1809 1206 1888 possunt
1229 1805 1462 1890 obligationem

137 1890 287 1959 caritatis
317 1893 351 1955 et
380 1887 530 1972 pietatis,
559 1892 597 1955 ut
619 1887 728 1973 potius
751 1894 903 1957 cessante
926 1895 1015 1958 metu
1038 1891 1139 1959 libere
1162 1893 1197 1959 iu
1219 1895 1463 1964 matrimonium

138 1979 332 2048 consentiat.

76 2085 128 2140 939
226 2085 339 2164 Quoad
362 2086 534 2152 secundom
556 2084 799 2151 matrimonium
823 2084 863 2153 R.
887 2087 918 2152 4.
956 2085 1064 2153 Odilia
1093 2087 1194 2156 etiam
1215 2088 1363 2158 invalide
1386 2114 1463 2159 con·

136 2176 250 2253 traxit,
274 2194 379 2256 neque
395 2173 630 2259 prohibebatur
645 2174 722 2257 quin
743 2195 815 2240 cum
831 2173 1038 2242 restrictione
1055 2197 1249 2245 consensum
1262 2180 1463 2265 exprimeret

136 2288 195 2334 seu
217 2264 399 2341 simularet,
423 2263 476 2328 vel
499 2262 609 2348 potius
634 2264 853 2331 dissimularet
876 2265 1065 2334 discensum.

225 2371 264 2436 R.
291 2372 320 2437 5.
367 2369 404 2436 In
433 2369 707 2452 subsequentibus
730 2369 870 2436 Odiliam
897 2370 1073 2440 difficulter
1095 2391 1255 2440 excusare
1277 2396 1461 2460 possumus

136 2461 214 2527 Cum
245 2459 286 2525 de
315 2457 513 2525 declaranda
542 2458 740 2525 matrimonii
771 2459 923 2526 nullitate
945 2465 1042 2542 agat,
1073 2461 1157 2527 sumi
1181 2462 1280 2531 debet
1301 2463 1366 2549 ipsi
1388 2486 1462 2551 per·

136 2569 270 2615 suasum
302 2567 390 2626 esse,
422 2547 664 2614 matrimonium
691 2568 784 2612 suum
809 2569 882 2614 esse
906 2552 940 2614 et
962 2549 1122 2616 mansisse
1145 2551 1279 2633 nullum.
1327 2553 1460 2630 Verum,

136 2639 164 2704 si
186 2639 271 2704 hanc
287 2637 532 2720 persuasionem
547 2637 671 2714 habuit,
697 2637 826 2719 quando
842 2636 984 2704 secundo
1001 2639 1252 2707 comminatione
1268 2643 1386 2710 mortis
1402 2645 1460 2711 ad·

136 2732 212 2794 acta
236 2745 429 2792 consensum
444 2725 609 2793 internum
625 2725 735 2801 dabat,
760 2746 796 2792 se
811 2725 1019 2793 nihilominus
1035 2749 1100 2794 non
1115 2733 1247 2812 poterat
1263 2730 1387 2799 babere
1402 2755 1460 2818 pro

135 2837 217 2883 vera
248 2835 367 2893 uxore,
400 2836 439 2881 ac
462 2814 555 2899 proin
586 2835 627 2881 ne
650 2834 693 2880 ex
716 2818 806 2882 metu
829 2815 959 2898 quidem
982 2816 1097 2883 mortis
1121 2818 1287 2885 carnalem
1311 2823 1460 2906 copulam

137 2907 303 2971 adrniitcre
326 2903 356 2969 ei
378 2903 480 2983 licuit,
505 2904 563 2970 sed
585 2925 745 2969 summum
762 2906 893 2988 passive
908 2926 944 2970 se
960 2905 1091 2972 habere.
1131 2907 1163 2973 Si
1180 2928 1259 2973 vero
1276 2909 1459 2993 opinionem

135 2994 235 3061 habet
265 2992 466 3061 matrimonii
496 2993 546 3058 sui
576 2993 764 3072 revalidati‚
797 3014 861 3059 non
886 2995 1025 3078 amplius
1048 2995 1126 3061 licet
1148 3017 1281 3062 movere
1305 2999 1398 3065 litem
1422 3001 1461 3066 de

136 3084 297 3149 nullitate.

225 3172 432 3238 Solummodo
465 3176 615 3256 superest
646 3175 683 3237 ut
713 3170 837 3249 Odilia,
870 3171 898 3236 si
930 3172 1035 3255 primo
1065 3173 1194 3255 quidem
1224 3176 1394 3258 putaverit
1425 3199 1459 3244 ee

137 3284 209 3327 cum
233 3261 266 3326 in
290 3265 428 3327 mortem
452 3260 540 3327 trudi
557 3258 725 3327 videretur
739 3260 849 3326 valide
865 3262 1058 3328 contrahere
1073 3284 1180 3347 posse,
1203 3269 1321 3348 postea
1337 3271 1458 3344 autem,

136 3348 256 3416 auditis
280 3349 462 3417 rationibus
487 3348 670 3428 contrariis,
695 3349 792 3417 aliter
815 3353 919 3434 putet.
963 3350 999 3415 ln
1023 3351 1084 3417 tali
1107 3372 1186 3418 casu
1209 3373 1343 3420 causam
1367 3376 1460 3421 suam

135 3459 299 3504 resumere
324 3442 423 3520 atque
446 3438 607 3505 nullitatis
631 3438 884 3505 declarationem
908 3438 1086 3505 sollicitare
1109 3440 1241 3524 poterit.
1282 3442 1346 3509 Sed
1363 3466 1459 3528 quarn

135 3528 274 3611 primum
289 3528 374 3593 hanc
389 3532 532 3594 mentem
555 3527 741 3611 conceperit
762 3548 820 3594 seu
836 3528 1080 3595 matrimonium
1103 3551 1197 3596 suum
1219 3531 1345 3598 nullum
1367 3555 1459 3600 man·

134 3617 217 3683 sisse
232 3615 410 3700 putaverit,
427 3617 468 3683 ab
485 3617 572 3683 omni
588 3616 752 3700 coniugali
768 3617 961 3683 commercio
978 3639 1050 3683 cum
1066 3617 1138 3684 viro
1155 3618 1267 3686 debuit
1282 3621 1458 3689 abstinere.

72 3729 125 3784 940
225 3722 262 3789 R.
281 3725 310 3789 6.
351 3722 437 3788 Num
461 3728 571 3790 autem
593 3724 725 3807 reipsa,
750 3723 804 3807 qui
819 3723 985 3807 hucusque
1001 3725 1144 3791 invalide
1161 3727 1329 3795 contraxit
1344 3730 1459 3796 matri·

134 3811 294 3890 monium,
325 3811 367 3877 ad
398 3811 625 3879 declinandam
653 3812 758 3898 ipsam
789 3817 927 3878 mortem
958 3813 1103 3898 corporis
1133 3818 1167 3883 et
1190 3815 1320 3883 animae
1348 3817 1458 3901 (quam

134 3903 263 3969 animae
275 3906 414 3968 mortem
426 3901 617 3981 incurreret,
635 3902 689 3984 qui
705 3923 769 3968 non
786 3901 932 3984 legitime
943 3902 1074 3970 iunctus
1085 3903 1119 3970 in
1131 3904 1297 3971 carnalem
1310 3907 1459 3991 copulam

134 3990 347 4073 consentiret)
370 3991 475 4076 possit
495 3996 650 4057 manente
671 3996 761 4058 metu
777 3992 885 4058 valide
908 3993 1113 4071 contrahere,
1136 3993 1170 4059 in
1192 3999 1368 4078 utramque
1383 4018 1459 4082 par·

134 4086 201 4147 tem
226 4080 421 4164 disputatur.
452 4081 584 4147 Certum
610 4086 662 4148 est
683 4081 954 4147 revalidationem
977 4082 1048 4147 fieri
1070 4103 1134 4148 non
1150 4103 1257 4166 posse,
1282 4085 1310 4150 si
1325 4089 1460 4169 praeter

134 4174 256 4235 metum
273 4169 362 4236 aliud
377 4170 645 4254 impedimentum
666 4169 786 4255 publici
803 4171 881 4236 iuris
898 4172 1017 4249 obstet,
1041 4192 1133 4238 sume
1149 4171 1307 4256 imprimis
1327 4175 1459 4242 claude·

134 4258 326 4326 stinitatem.

223 4346 343 4424 Quodsi
373 4351 457 4412 aolus
487 4357 586 4414 cretas
614 4349 648 4413 in
671 4348 896 4431 quaestionem
920 4349 1028 4426 venit,
1055 4350 1219 4434 probabile
1246 4355 1297 4418 est
1321 4351 1458 4437 impedi·

135 4440 280 4502 mentum
311 4441 418 4502 metus
448 4457 594 4516 cessare,
620 4438 649 4503 si
671 4438 869 4504 matrimonii
893 4438 1087 4504 revalidatio
1112 4439 1217 4504 solum
1241 4439 1384 4507 medium
1409 4446 1459 4509 est

135 4525 324 4591 evadendae
347 4525 539 4592 durissimae
562 4527 769 4594 necessitatis
791 4531 850 4593 aut
865 4526 1022 4594 moriendi
1046 4531 1105 4594 aut
1120 4528 1269 4610 graviter
1284 4531 1458 4613 peccandi:

135 4615 204 4679 sive
237 4635 296 4696 pro
327 4613 558 4697 impedimento
589 4616 690 4682 solius
722 4615 802 4680 iuris
835 4615 1049 4682 ecclesiastici
1079 4620 1202 4683 metum
1234 4616 1359 4686 habeas
1390 4621 1459 4687 sive

262 4852 345 4876 A
