3044 5174
141 295 203 360 172
593 292 800 348 Sacramentum
819 293 1010 364 paenitentiae.

139 470 289 553 sequenti
312 471 425 536 Passio
450 471 580 537 Domini
604 480 656 537 etc.
667 524 677 555 ,
708 491 905 554 quamquam
928 471 1074 537 nonnulli
1105 492 1178 536 eam
1202 492 1240 537 eo
1263 471 1371 537 minus
1394 471 1465 536 sine

139 560 339 626 necessitate
355 559 570 627 omittendam
585 580 658 625 esse
672 559 828 637 sentiunt,
852 560 939 643 quod
953 581 1013 644 per
1028 581 1101 626 eam
1123 582 1223 645 opera
1245 561 1331 627 bone
1354 560 1467 645 paeni·

139 649 241 715 tentis
264 649 306 714 ad
330 648 571 716 satisfactivam
595 649 662 714 vim
686 649 969 728 sacramentalem,
993 653 1031 716 ut
1053 654 1181 734 putant,
1206 650 1390 717 elevantur.

229 764 268 830 u.
294 767 324 830 3.
370 764 571 832 Essentialia
601 764 730 848 quidem
761 765 833 830 sola
855 765 957 830 verba
986 769 1064 831 sunt
1093 766 1191 831 haec:
1225 768 1423 849 ,0110010016
1447 790 1467 830 o

134 857 274 938 percotis
304 853 386 918 tuts“
397 877 410 935 ,·
440 858 588 920 ettamen
623 853 655 937 1)
678 854 760 919 illud
786 857 840 934 ,io
864 856 990 919 nomine
1012 855 1124 918 Patria
1147 853 1222 923 eto.“
1254 856 1314 920 sub
1345 854 1468 921 veniali

140 941 216 1008 addi
247 941 360 1018 debet3
394 942 428 1024 2)
455 943 687 1026 praecedentia
710 943 812 1009 verba
835 943 994 1008 Dominus
1018 951 1124 1008 nostor
1147 951 1217 1027 eta,
1249 964 1334 1026 quae
1364 964 1468 1009 enun-

139 1030 226 1098 tiant
248 1030 485 1097 absolutionem
509 1052 530 1097 a
553 1032 707 1109 censuris,
732 1031 859 1114 siquae
882 1031 1031 1097 incursae
1054 1032 1130 1111 sint,
1154 1053 1175 1097 a
1198 1032 1314 1114 quibus
1338 1032 1468 1099 confes·

140 1120 247 1185 sarius
269 1120 376 1204 possit
398 1121 586 1198 absolvere,
617 1141 660 1186 ex
689 1120 763 1203 lege
793 1125 828 1188 et
850 1120 1085 1186 consuetudine
1116 1143 1180 1187 non
1204 1121 1311 1189 omitti
1335 1122 1466 1188 debent.

140 1209 316 1275 Peccatum
339 1213 450 1275 eutem
474 1230 585 1275 corum
609 1209 740 1275 omissio
763 1209 869 1275 solum
892 1213 953 1287 est,
978 1209 1075 1292 idque
1097 1231 1217 1292 grave,
1241 1211 1270 1276 si
1293 1212 1467 1296 paeniten-

141 1302 208 1364 tem
231 1318 268 1363 re
297 1298 370 1382 ipsa
393 1298 762 1365 excommunicationem
786 1299 839 1364 vel
861 1298 1072 1367 interdictum
1097 1320 1182 1382 qnae
1205 1321 1226 1365 a
1248 1300 1466 1367 sacramentis

141 1387 320 1454 excludent
349 1386 524 1454 incurrisse
553 1387 772 1454 confessarius
805 1392 982 1468 cognoscat
1012 1389 1065 1454 vel
1097 1389 1238 1472 positive
1269 1389 1466 1472 suspicetur,

141 1480 176 1543 et
198 1475 406 1541 nihilominus
429 1480 507 1542 ante
530 1476 767 1543 absolutionem
783 1476 905 1542 abillis
929 1478 1074 1543 censuris
1095 1498 1169 1542 eum
1192 1483 1468 1544 sacramentaliter

140 1568 212 1631 uelit
236 1567 401 1631 absolvere.
433 1566 483 1631 De
507 1569 615 1631 cetero
639 1566 811 1631 absolvere
833 1570 944 1648 potest
966 1587 1025 1649 per
1047 1567 1119 1632 sola
1142 1568 1243 1633 verba
1266 1568 1466 1644 essentialia,

141 1654 170 1719 si
192 1653 241 1719 ita
265 1657 416 1732 totondit,
441 1657 510 1720 tum
534 1676 555 1719 a
578 1654 723 1720 censuris
746 1658 815 1721 tum
839 1676 860 1721 a
882 1654 1044 1738 peccatis;
1076 1655 1109 1720 in
1132 1656 1331 1723 necessitate
1353 1657 1388 1722 id
1412 1678 1466 1722 ea·

141 1747 238 1809 tenus
253 1744 295 1809 ab
312 1743 460 1809 Ecclesia
477 1747 609 1808 cautum
626 1748 686 1821 est,
711 1748 873 1826 quatenus
890 1743 1092 1827 praescribit,
1112 1749 1150 1809 ut
1164 1750 1235 1811 tum
1251 1745 1340 1813 dicat
1356 1767 1466 1811 sacer-

141 1833 220 1897 dos:
257 1833 347 1915 ,Ego
377 1837 412 1899 te
441 1833 576 1898 absolvo
607 1833 648 1898 ab
678 1832 827 1898 omnibus
857 1832 1001 1898 censuris
1032 1838 1066 1900 et
1095 1834 1241 1917 peccatis
1271 1835 1304 1900 in
1337 1834 1466 1900 nomine

140 1920 250 1987 Patris
274 1924 356 1988 etc.“
410 1923 466 1988 Th.
491 1945 531 1988 m.
555 1921 597 2002 II,
622 1924 697 1989 269.
722 1924 803 1999 270;
829 1922 859 1988 S.
885 1921 1001 2006 Alph.
1025 1922 1081 2002 VI,
1106 1926 1181 2001 430,
1206 1924 1279 1991 dub.
1305 1926 1336 1992 3.

81 2067 134 2122 294
231 2054 284 2119 Ao
306 2072 498 2128 onnasrunu
521 2054 560 2116 2m
585 2052 624 2119 R.
644 2055 672 2118 1.
703 2053 898 2134 Dogmetice
914 2056 1039 2118 certum
1063 2057 1116 2120 est
1137 2057 1276 2138 peccata
1298 2055 1332 2119 in
1355 2076 1466 2121 sacra·

142 2147 253 2208 mento
276 2141 500 2226 paenitentiae
529 2141 653 2207 remitti
683 2144 880 2207 iudicialiter
909 2146 1009 2224 atque
1039 2142 1274 2209 confessarium
1296 2143 1330 2209 in
1353 2144 1465 2229 paeni-

142 2234 268 2296 tentem
298 2233 485 2296 sententiom
514 2229 728 2295 absolutionis
756 2230 914 2314 proferre.
968 2231 1021 2297 lta
1052 2233 1142 2299 Cone.
1178 2234 1268 2300 Trid.
1300 2254 1382 2301 0600.
1417 2237 1464 2311 14,

144 2341 171 2386 c.
197 2322 216 2384 5
242 2322 281 2384 do
298 2323 421 2404 poenit.
446 2322 481 2384 et
504 2339 575 2385 can.
601 2321 637 2396 93
663 2319 694 2386 S.
719 2320 853 2386 Thom.
877 2323 947 2402 Aq.
971 2320 1035 2398 ΠΙ,
1060 2342 1091 2403 q.
1116 2323 1169 2400 84,
1193 2325 1256 2389 011.
1282 2324 1312 2388 3.
1360 2323 1465 2401 Quare

143 2409 246 2474 verbe
269 2428 353 2491 quae
376 2408 583 2473 asaoerdote
606 2409 817 2491 proferuntur
839 2408 901 2474 hoc
924 2430 1022 2474 sensu
1038 2410 1164 2492 hacque
1179 2410 1362 2478 intentione
1386 2412 1466 2478 indi·

143 2497 270 2563 cialiter
292 2496 483 2563 absolvendi
505 2496 709 2581 pronuntiari
733 2497 862 2564 debent.

232 2613 271 2680 R..
297 2614 327 2679 2.
369 2611 586 2677 Nihilominus
609 2615 696 2678 teste
718 2611 856 2678 historia
880 2612 1052 2680 diuturnus
1075 2617 1109 2681 et
1132 2614 1230 2696 longe
1253 2615 1387 2697 lateque
1411 2637 1466 2700 pa·

143 2706 218 2769 tens
239 2700 273 2765 in
289 2700 438 2766 Ecclesia
460 2721 539 2766 usus
562 2706 635 2768 erat
651 2701 760 2766 verbis
776 2701 1009 2786 deprecatoriis
1025 2703 1263 2769 ahsolutionem
1279 2706 1465 2773 concedere.

144 2791 223 2857 Cum
247 2790 503 2873 enimpotestas
526 2790 723 2868 sacerdotis,
748 2795 822 2857 utut
844 2791 1019 2869 iudicialis,
1043 2797 1156 2859 tamen
1178 2792 1403 2859 ministerialis
1426 2795 1467 2860 sit

144 2880 279 2962 Deoque
302 2884 336 2945 et
359 2878 487 2945 Christo
510 2878 733 2956 subordinate,
758 2880 907 2946 absolute
931 2902 995 2945 non
1020 2881 1131 2947 obstat
1147 2882 1223 2964 quin
1247 2882 1335 2948 actio
1359 2884 1466 2949 absol-

144 2969 242 3034 vendi
265 2968 455 3034 involvatur
483 2989 542 3034 seu
573 2968 774 3052 concipiatur
796 2969 922 3047 verbis,
956 2969 1073 3052 quihus
1096 2971 1201 3035 Deum
1232 2970 1382 3038 minister
1412 2973 1466 3037 de·

143 3063 296 3141 precetur
319 3056 360 3122 ad
384 3057 624 3123 concedendam
647 3061 854 3141 peccatorum
879 3058 1112 3126 remissionem.
1152 3061 1199 3125 At
1221 3080 1338 3126 sensus
1361 3066 1397 3128 et
1419 3061 1462 3126 in·

143 3147 246 3213 tentio
263 3167 392 3229 semper
406 3145 463 3211 illa
479 3167 551 3211 esse
567 3146 697 3224 dehent,
714 3153 750 3212 ut
761 3147 915 3212 sacerdos
926 3146 978 3211 hic
990 3150 1025 3212 et
1036 3168 1121 3212 nuno
1136 3153 1303 3231 tamquam
1320 3150 1469 3217 minister

144 3235 264 3301 Christi
287 3235 369 3301 velit
397 3256 456 3319 pro
481 3243 634 3321 potestate
663 3258 723 3300 suo
754 3240 892 3321 peccata
920 3235 1116 3302 iudicialiter
1145 3239 1315 3305 remittere
1339 3241 1468 3305 nomine

144 3325 263 3391 Christi
286 3345 344 3389 seu
367 3323 438 3391 Dei.

232 3432 271 3496 R.
297 3434 327 3497 3.
373 3431 411 3495 In
435 3429 583 3496 Ecclesia
605 3431 724 3497 Latina
747 3431 852 3497 torma
876 3432 1054 3498 assertoris
1077 3454 1134 3498 seu
1157 3433 1337 3501 indicativa
1359 3434 1426 3501 iam
1449 3456 1470 3500 a

143 3521 255 3586 multis
278 3519 418 3585 saeculis
441 3521 512 3585 sola
535 3523 587 3586 601
609 3520 715 3585 forma
737 3542 796 3604 per
819 3521 1050 3587 auctoritatem
1072 3522 1240 3588 Ecclesiae
1264 3529 1466 3590 consecrata.

82 3666 134 3720 295
233 3645 286 3709 Ao
309 3664 501 3720 onnnsrrnn
524 3647 564 3710 3¹²¹
586 3644 625 3710 R.
653 3647 681 3712 1.
727 3645 842 3709 Primo
864 3644 971 3710 forma
994 3665 1014 3710 a
1037 3646 1160 3712 Manlio
1184 3647 1331 3713 adhibita
1354 3647 1470 3714 illicita

144 3733 273 3816 quidem
298 3738 358 3809 est,
375 3738 494 3808 ,tamen
515 3755 647 3799 sensum
663 3733 870 3799 essentialem
887 3738 922 3799 et
936 3734 1101 3817 imagrnm
1116 3736 1231 3812 habet;
1257 3742 1468 3822 quapropter,

145 3823 171 3888 si
197 3823 326 3907 reipsa
349 3822 491 3888 Manlius
514 3844 573 3906 per
596 3824 677 3888 baec
700 3823 801 3887 verba
825 3823 997 3888 absolvere
1019 3823 1177 3901 intendit,
1202 3829 1292 3891 certe
1316 3826 1469 3903 absolvit,

144 3912 240 3994 idque
264 3917 332 3978 tum
358 3933 378 3977 a
401 3913 561 3989 censurio,
586 3915 655 3977 tum
678 3932 699 3977 a
722 3912 837 3995 cnlpae
860 3915 972 3978 reatu:
997 3914 1143 3979 adhaec
1167 3914 1276 3980 omnia
1299 3915 1388 3980 enim
1412 3937 1469 3982 ex·

143 4001 290 4068 tenditur
313 4022 428 4066 sensus
451 4002 625 4066 verborum
654 4000 802 4077 ,vincula
824 4005 1067 4084 peccatorum“.

235 4101 383 4166 Secundo
406 4099 514 4164 forma
542 4097 705 4176 ,Absolve
729 4119 749 4163 a
770 4099 934 4182 peccatie“
962 4120 1004 4165 ex
1026 4121 1062 4165 se
1078 4121 1195 4166 manca
1211 4105 1278 4167 est:
1304 4104 1339 4168 et
1354 4123 1469 4185 quam·

144 4210 241 4271 qnam
265 4209 307 4253 ex
330 4209 369 4254 eo
393 4187 479 4271 quod
501 4208 657 4271 praesens
679 4188 723 4253 sit
746 4188 916 4271 paenitens
939 4189 972 4252 in
996 4210 1133 4272 eumque
1149 4189 1250 4255 verbe
1273 4189 1468 4273 dirigantur,

144 4277 340 4343 naturaliter
370 4277 541 4360 suppletur
569 4276 648 4341 illud
675 4275 742 4357 „te“
775 4277 829 4341 vel
859 4278 959 4342 etiam
988 4299 1025 4356 ,a
1048 4279 1192 4362 peccatis
1216 4280 1319 4363 tuie“,
1350 4281 1469 4347 nihilo·

144 4367 249 4431 minus
273 4371 426 4432 censetur
456 4365 585 4430 omnino
616 4366 732 4430 dubius
763 4366 832 4430 eius
855 4368 965 4444 valor,
998 4388 1070 4431 cum
1101 4368 1202 4433 verba
1236 4372 1306 4453 ipso
1337 4390 1468 4436 sensum

143 4457 285 4522 debeant
308 4455 427 4521 facere.

239 4555 345 4617 Tertio
368 4553 473 4617 forma
495 4552 656 4629 ,Absolvo
680 4574 701 4617 a
716 4552 861 4635 peccatis
877 4553 960 4618 tuis“
980 4553 1086 4635 magis
1109 4554 1238 4636 quidem
1254 4557 1470 4638 probabiliter

144 4642 255 4708 valida
279 4646 330 4707 est
353 4663 450 4724 quem
473 4642 681 4725 praecedens.
728 4641 964 4721 NihilominuS,
996 4645 1072 4726 quia
1096 4645 1291 4722 subiectum,
1317 4646 1361 4711 ad
1386 4647 1469 4730 quod
