<?xml version="1.0" encoding="UTF-8"?>
<!DOCTYPE html PUBLIC "-//W3C//DTD XHTML 1.0 Transitional//EN"
    "http://www.w3.org/TR/xhtml1/DTD/xhtml1-transitional.dtd">
<html xmlns="http://www.w3.org/1999/xhtml" xml:lang="en" lang="en">
 <head>
  <title>
</title>
<meta http-equiv="Content-Type" content="text/html;charset=utf-8" />
  <meta name='ocr-system' content='tesseract 3.04.00' />
  <meta name='ocr-capabilities' content='ocr_page ocr_carea ocr_par ocr_line ocrx_word'/>
</head>
<body>
  <div class='ocr_page' id='page_1' title='image "./casusconscienti00lehmgoog_0336.png"; bbox 0 0 3044 5174; ppageno 0'>
   <div class='ocr_carea' id='block_1_1' title="bbox 155 273 1023 344">
    <p class='ocr_par' dir='ltr' id='par_1_1' title="bbox 155 273 1023 344">
     <span class='ocr_line' id='line_1_1' title="bbox 155 273 1023 344; baseline -0.01 -7"><span class='ocrx_word' id='word_1_1' title='bbox 155 279 220 344; x_wconf 88' lang='grc'><strong>318</strong></span> <span class='ocrx_word' id='word_1_2' title='bbox 608 273 813 328; x_wconf 74' lang='lat' dir='ltr'><strong>Sacramentum</strong></span> <span class='ocrx_word' id='word_1_3' title='bbox 832 273 1023 343; x_wconf 85' lang='lat' dir='ltr'><strong>paenitentiae.</strong></span> 
     </span>
    </p>
   </div>
   <div class='ocr_carea' id='block_1_2' title="bbox 153 449 1482 890">
    <p class='ocr_par' dir='ltr' id='par_1_2' title="bbox 153 449 1482 890">
     <span class='ocr_line' id='line_1_2' title="bbox 154 449 1482 536; baseline 0.001 -18"><span class='ocrx_word' id='word_1_4' title='bbox 154 474 217 536; x_wconf 92' lang='lat' dir='ltr'><strong>que</strong></span> <span class='ocrx_word' id='word_1_5' title='bbox 240 473 313 518; x_wconf 91' lang='lat' dir='ltr'><strong>cum</strong></span> <span class='ocrx_word' id='word_1_6' title='bbox 335 451 405 517; x_wconf 93' lang='lat' dir='ltr'><strong>solo</strong></span> <span class='ocrx_word' id='word_1_7' title='bbox 429 449 614 516; x_wconf 88' lang='lat' dir='ltr'><strong>consiliario</strong></span> <span class='ocrx_word' id='word_1_8' title='bbox 630 450 685 515; x_wconf 91' lang='lat' dir='ltr'><strong>vel</strong></span> <span class='ocrx_word' id='word_1_9' title='bbox 707 449 900 515; x_wconf 89' lang='lat' dir='ltr'><strong>consiliariis</strong></span> <span class='ocrx_word' id='word_1_10' title='bbox 923 449 994 516; x_wconf 85' lang='lat' dir='ltr'><strong>sive</strong></span> <span class='ocrx_word' id='word_1_11' title='bbox 1010 472 1031 516; x_wconf 90' lang='lat' dir='ltr'><strong>a</strong></span> <span class='ocrx_word' id='word_1_12' title='bbox 1046 471 1082 516; x_wconf 91' lang='lat' dir='ltr'><strong>se</strong></span> <span class='ocrx_word' id='word_1_13' title='bbox 1106 450 1288 536; x_wconf 83' lang='lat' dir='ltr'><strong>designatis</strong></span> <span class='ocrx_word' id='word_1_14' title='bbox 1310 454 1384 520; x_wconf 88' lang='lat' dir='ltr'><strong>sive</strong></span> <span class='ocrx_word' id='word_1_15' title='bbox 1407 476 1482 521; x_wconf 92' lang='lat' dir='ltr'><strong>con·</strong></span> 
     </span>
     <span class='ocr_line' id='line_1_3' title="bbox 154 539 1480 624; baseline 0.002 -17"><span class='ocrx_word' id='word_1_16' title='bbox 154 540 292 607; x_wconf 83' lang='lat' dir='ltr'><strong>tessario</strong></span> <span class='ocrx_word' id='word_1_17' title='bbox 308 541 391 606; x_wconf 91' lang='lat' dir='ltr'><strong>bene</strong></span> <span class='ocrx_word' id='word_1_18' title='bbox 406 539 497 617; x_wconf 85' lang='lat' dir='ltr'><strong>visis,</strong></span> <span class='ocrx_word' id='word_1_19' title='bbox 521 560 586 605; x_wconf 93' lang='lat' dir='ltr'><strong>non</strong></span> <span class='ocrx_word' id='word_1_20' title='bbox 603 560 682 605; x_wconf 89' lang='lat' dir='ltr'><strong>vero</strong></span> <span class='ocrx_word' id='word_1_21' title='bbox 698 539 846 605; x_wconf 89' lang='lat' dir='ltr'><strong>ulterius.</strong></span> <span class='ocrx_word' id='word_1_22' title='bbox 878 539 910 606; x_wconf 86' lang='lat' dir='ltr'><strong>S.</strong></span> <span class='ocrx_word' id='word_1_23' title='bbox 934 539 1051 624; x_wconf 84' lang='lat' dir='ltr'><strong>Alph.</strong></span> <span class='ocrx_word' id='word_1_24' title='bbox 1070 541 1126 618; x_wconf 94' lang='lat' dir='ltr'><strong>VI,</strong></span> <span class='ocrx_word' id='word_1_25' title='bbox 1144 543 1208 608; x_wconf 88' lang='lat'><strong>648</strong></span> <span class='ocrx_word' id='word_1_26' title='bbox 1225 564 1299 608; x_wconf 88' lang='lat' dir='ltr'><strong>cum</strong></span> <span class='ocrx_word' id='word_1_27' title='bbox 1314 543 1480 610; x_wconf 91' lang='lat' dir='ltr'><strong>Busenb.</strong></span> 
     </span>
     <span class='ocr_line' id='line_1_4' title="bbox 153 628 1480 708; baseline 0.002 -12"><span class='ocrx_word' id='word_1_28' title='bbox 153 631 250 708; x_wconf 87' lang='lat' dir='ltr'><strong>ibid.;</strong></span> <span class='ocrx_word' id='word_1_29' title='bbox 274 630 385 695; x_wconf 82' lang='lat' dir='ltr'><strong>Marc</strong></span> <span class='ocrx_word' id='word_1_30' title='bbox 409 651 439 696; x_wconf 88' lang='lat' dir='ltr'><strong>n.</strong></span> <span class='ocrx_word' id='word_1_31' title='bbox 468 630 569 703; x_wconf 82' lang='lat'>1862;</span> <span class='ocrx_word' id='word_1_32' title='bbox 593 628 904 695; x_wconf 76' lang='lat' dir='ltr'><strong>Bellen-Palm.</strong></span> <span class='ocrx_word' id='word_1_33' title='bbox 929 629 950 694; x_wconf 95' lang='lat' dir='ltr'><strong>l.</strong></span> <span class='ocrx_word' id='word_1_34' title='bbox 975 650 1002 696; x_wconf 89' lang='lat' dir='ltr'><strong>c.</strong></span> <span class='ocrx_word' id='word_1_35' title='bbox 1027 649 1058 695; x_wconf 92' lang='lat' dir='ltr'><strong>n.</strong></span> <span class='ocrx_word' id='word_1_36' title='bbox 1083 630 1158 696; x_wconf 88' lang='grc'><strong>968.</strong></span> <span class='ocrx_word' id='word_1_37' title='bbox 1190 631 1283 699; x_wconf 82' lang='lat' dir='ltr'><strong>Sicut</strong></span> <span class='ocrx_word' id='word_1_38' title='bbox 1305 632 1394 698; x_wconf 90' lang='lat' dir='ltr'><strong>enim</strong></span> <span class='ocrx_word' id='word_1_39' title='bbox 1410 634 1480 698; x_wconf 88' lang='lat' dir='ltr'><strong>Sul·</strong></span> 
     </span>
     <span class='ocr_line' id='line_1_5' title="bbox 156 718 1478 806; baseline 0.002 -21"><span class='ocrx_word' id='word_1_40' title='bbox 156 720 239 805; x_wconf 86' lang='lat' dir='ltr'><strong>pioio</strong></span> <span class='ocrx_word' id='word_1_41' title='bbox 269 740 334 784; x_wconf 91' lang='lat' dir='ltr'><strong>non</strong></span> <span class='ocrx_word' id='word_1_42' title='bbox 363 718 457 785; x_wconf 90' lang='lat' dir='ltr'><strong>licuit</strong></span> <span class='ocrx_word' id='word_1_43' title='bbox 485 718 687 801; x_wconf 87' lang='lat' dir='ltr'><strong>superiorem</strong></span> <span class='ocrx_word' id='word_1_44' title='bbox 718 738 851 783; x_wconf 90' lang='lat' dir='ltr'><strong>monere</strong></span> <span class='ocrx_word' id='word_1_45' title='bbox 875 722 910 782; x_wconf 89' lang='lat' dir='ltr'><strong>et</strong></span> <span class='ocrx_word' id='word_1_46' title='bbox 942 718 1165 800; x_wconf 89' lang='lat' dir='ltr'><strong>paenitentem</strong></span> <span class='ocrx_word' id='word_1_47' title='bbox 1197 719 1304 804; x_wconf 89' lang='lat' dir='ltr'><strong>ipsum</strong></span> <span class='ocrx_word' id='word_1_48' title='bbox 1336 722 1478 806; x_wconf 90' lang='lat' dir='ltr'><strong>periculo</strong></span> 
     </span>
     <span class='ocr_line' id='line_1_6' title="bbox 154 805 1210 890; baseline 0 -15"><span class='ocrx_word' id='word_1_49' title='bbox 154 807 430 875; x_wconf 81' lang='lat' dir='ltr'><strong>manifestationis</strong></span> <span class='ocrx_word' id='word_1_50' title='bbox 453 827 627 890; x_wconf 86' lang='lat' dir='ltr'><strong>exponere,</strong></span> <span class='ocrx_word' id='word_1_51' title='bbox 650 805 699 871; x_wconf 90' lang='lat' dir='ltr'><strong>ita</strong></span> <span class='ocrx_word' id='word_1_52' title='bbox 722 806 822 872; x_wconf 91' lang='lat' dir='ltr'><strong>etiam</strong></span> <span class='ocrx_word' id='word_1_53' title='bbox 846 827 910 872; x_wconf 93' lang='lat' dir='ltr'><strong>non</strong></span> <span class='ocrx_word' id='word_1_54' title='bbox 934 806 1026 872; x_wconf 89' lang='lat' dir='ltr'><strong>licuit</strong></span> <span class='ocrx_word' id='word_1_55' title='bbox 1048 807 1210 875; x_wconf 88' lang='lat' dir='ltr'><strong>Materno.</strong></span> 
     </span>
    </p>
   </div>
   <div class='ocr_carea' id='block_1_3' title="bbox 91 912 1477 2066">
    <p class='ocr_par' dir='ltr' id='par_1_3' title="bbox 91 912 1477 2066">
     <span class='ocr_line' id='line_1_7' title="bbox 91 912 1477 997; baseline 0.003 -19"><span class='ocrx_word' id='word_1_56' title='bbox 91 925 144 979; x_wconf 78' lang='grc'><strong>559</strong></span> <span class='ocrx_word' id='word_1_57' title='bbox 243 915 282 981; x_wconf 88' lang='lat' dir='ltr'><strong>R.</strong></span> <span class='ocrx_word' id='word_1_58' title='bbox 308 917 337 980; x_wconf 89' lang='lat'><strong>2.</strong></span> <span class='ocrx_word' id='word_1_59' title='bbox 385 913 499 990; x_wconf 90' lang='lat' dir='ltr'><strong>Quoad</strong></span> <span class='ocrx_word' id='word_1_60' title='bbox 520 912 655 978; x_wconf 88' lang='lat' dir='ltr'><strong>Lucium</strong></span> <span class='ocrx_word' id='word_1_61' title='bbox 678 912 838 996; x_wconf 84' lang='lat' dir='ltr'><strong>imprimis</strong></span> <span class='ocrx_word' id='word_1_62' title='bbox 871 912 1012 979; x_wconf 86' lang='lat' dir='ltr'><strong>dubitari</strong></span> <span class='ocrx_word' id='word_1_63' title='bbox 1035 917 1163 997; x_wconf 88' lang='lat' dir='ltr'><strong>potest,</strong></span> <span class='ocrx_word' id='word_1_64' title='bbox 1194 936 1270 980; x_wconf 92' lang='lat' dir='ltr'><strong>num</strong></span> <span class='ocrx_word' id='word_1_65' title='bbox 1301 936 1421 983; x_wconf 89' lang='lat' dir='ltr'><strong>revera</strong></span> <span class='ocrx_word' id='word_1_66' title='bbox 1442 918 1477 982; x_wconf 93' lang='lat' dir='ltr'><strong>li·</strong></span> 
     </span>
     <span class='ocr_line' id='line_1_8' title="bbox 155 1001 1476 1091; baseline 0.002 -21"><span class='ocrx_word' id='word_1_67' title='bbox 155 1004 297 1070; x_wconf 89' lang='lat' dir='ltr'><strong>centiam</strong></span> <span class='ocrx_word' id='word_1_68' title='bbox 321 1024 393 1068; x_wconf 91' lang='lat' dir='ltr'><strong>cum</strong></span> <span class='ocrx_word' id='word_1_69' title='bbox 417 1002 491 1067; x_wconf 85' lang='lat' dir='ltr'><strong>aliis</strong></span> <span class='ocrx_word' id='word_1_70' title='bbox 520 1001 673 1084; x_wconf 91' lang='lat' dir='ltr'><strong>loquendi</strong></span> <span class='ocrx_word' id='word_1_71' title='bbox 697 1002 840 1067; x_wconf 91' lang='lat' dir='ltr'><strong>validam</strong></span> <span class='ocrx_word' id='word_1_72' title='bbox 864 1002 1025 1068; x_wconf 90' lang='lat' dir='ltr'><strong>habuerit.</strong></span> <span class='ocrx_word' id='word_1_73' title='bbox 1072 1002 1159 1068; x_wconf 90' lang='lat' dir='ltr'><strong>Nam</strong></span> <span class='ocrx_word' id='word_1_74' title='bbox 1183 1013 1292 1091; x_wconf 77' lang='lat' dir='ltr'><strong>sponte</strong></span> <span class='ocrx_word' id='word_1_75' title='bbox 1313 1006 1395 1072; x_wconf 88' lang='lat' dir='ltr'><strong>data</strong></span> <span class='ocrx_word' id='word_1_76' title='bbox 1417 1027 1476 1072; x_wconf 93' lang='lat' dir='ltr'><strong>uon</strong></span> 
     </span>
     <span class='ocr_line' id='line_1_9' title="bbox 154 1091 1476 1176; baseline 0.002 -18"><span class='ocrx_word' id='word_1_77' title='bbox 154 1097 215 1171; x_wconf 89' lang='lat' dir='ltr'><strong>est,</strong></span> <span class='ocrx_word' id='word_1_78' title='bbox 239 1092 298 1157; x_wconf 89' lang='lat' dir='ltr'><strong>sed</strong></span> <span class='ocrx_word' id='word_1_79' title='bbox 320 1095 459 1174; x_wconf 83' lang='lat' dir='ltr'><strong>urgente</strong></span> <span class='ocrx_word' id='word_1_80' title='bbox 482 1096 572 1158; x_wconf 91' lang='lat' dir='ltr'><strong>metu</strong></span> <span class='ocrx_word' id='word_1_81' title='bbox 595 1112 659 1155; x_wconf 92' lang='lat' dir='ltr'><strong>non</strong></span> <span class='ocrx_word' id='word_1_82' title='bbox 683 1091 892 1175; x_wconf 90' lang='lat' dir='ltr'><strong>accipiendae</strong></span> <span class='ocrx_word' id='word_1_83' title='bbox 921 1091 1144 1158; x_wconf 87' lang='lat' dir='ltr'><strong>absolutionis.</strong></span> <span class='ocrx_word' id='word_1_84' title='bbox 1192 1093 1225 1159; x_wconf 85' lang='lat' dir='ltr'><strong>Si</strong></span> <span class='ocrx_word' id='word_1_85' title='bbox 1248 1093 1353 1176; x_wconf 83' lang='lat' dir='ltr'><strong>igitur</strong></span> <span class='ocrx_word' id='word_1_86' title='bbox 1375 1100 1476 1163; x_wconf 87' lang='lat' dir='ltr'><strong>metus</strong></span> 
     </span>
     <span class='ocr_line' id='line_1_10' title="bbox 153 1179 1475 1266; baseline 0.002 -19"><span class='ocrx_word' id='word_1_87' title='bbox 153 1183 209 1248; x_wconf 91' lang='lat' dir='ltr'><strong>ille</strong></span> <span class='ocrx_word' id='word_1_88' title='bbox 233 1182 363 1247; x_wconf 91' lang='lat' dir='ltr'><strong>omnino</strong></span> <span class='ocrx_word' id='word_1_89' title='bbox 392 1180 479 1246; x_wconf 90' lang='lat' dir='ltr'><strong>iuste</strong></span> <span class='ocrx_word' id='word_1_90' title='bbox 508 1180 657 1245; x_wconf 88' lang='lat' dir='ltr'><strong>incussus</strong></span> <span class='ocrx_word' id='word_1_91' title='bbox 687 1179 788 1246; x_wconf 86' lang='lat' dir='ltr'><strong>fuerit</strong></span> <span class='ocrx_word' id='word_1_92' title='bbox 812 1200 832 1244; x_wconf 88' lang='lat' dir='ltr'><strong>a</strong></span> <span class='ocrx_word' id='word_1_93' title='bbox 854 1179 970 1259; x_wconf 89' lang='lat' dir='ltr'><strong>Lueio,</strong></span> <span class='ocrx_word' id='word_1_94' title='bbox 1002 1180 1022 1246; x_wconf 89' lang='lat' dir='ltr'><strong>i.</strong></span> <span class='ocrx_word' id='word_1_95' title='bbox 1048 1202 1076 1247; x_wconf 89' lang='lat' dir='ltr'><strong>e.</strong></span> <span class='ocrx_word' id='word_1_96' title='bbox 1107 1181 1136 1245; x_wconf 92' lang='lat' dir='ltr'><strong>si</strong></span> <span class='ocrx_word' id='word_1_97' title='bbox 1166 1182 1303 1266; x_wconf 88' lang='lat' dir='ltr'><strong>reipsa</strong></span> <span class='ocrx_word' id='word_1_98' title='bbox 1332 1184 1475 1266; x_wconf 80' lang='lat' dir='ltr'><strong>graviter</strong></span> 
     </span>
     <span class='ocr_line' id='line_1_11' title="bbox 154 1267 1474 1353; baseline 0.002 -17"><span class='ocrx_word' id='word_1_99' title='bbox 154 1271 319 1353; x_wconf 82' lang='lat' dir='ltr'><strong>obligatus</strong></span> <span class='ocrx_word' id='word_1_100' title='bbox 342 1269 443 1337; x_wconf 91' lang='lat' dir='ltr'><strong>fuerit</strong></span> <span class='ocrx_word' id='word_1_101' title='bbox 465 1268 637 1353; x_wconf 85' lang='lat' dir='ltr'><strong>paenitens</strong></span> <span class='ocrx_word' id='word_1_102' title='bbox 661 1268 702 1334; x_wconf 89' lang='lat' dir='ltr'><strong>ad</strong></span> <span class='ocrx_word' id='word_1_103' title='bbox 726 1267 866 1334; x_wconf 82' lang='lat' dir='ltr'><strong>dandam</strong></span> <span class='ocrx_word' id='word_1_104' title='bbox 898 1268 1081 1347; x_wconf 82' lang='lat' dir='ltr'><strong>licentiam,</strong></span> <span class='ocrx_word' id='word_1_105' title='bbox 1112 1269 1246 1338; x_wconf 92' lang='lat' dir='ltr'><strong>licentia</strong></span> <span class='ocrx_word' id='word_1_106' title='bbox 1267 1272 1377 1351; x_wconf 85' lang='lat' dir='ltr'><strong>valet,</strong></span> <span class='ocrx_word' id='word_1_107' title='bbox 1408 1294 1474 1338; x_wconf 87' lang='lat' dir='ltr'><strong>cum</strong></span> 
     </span>
     <span class='ocr_line' id='line_1_12' title="bbox 153 1357 1475 1442; baseline 0.002 -17"><span class='ocrx_word' id='word_1_108' title='bbox 153 1360 256 1425; x_wconf 88' lang='lat' dir='ltr'><strong>libere</strong></span> <span class='ocrx_word' id='word_1_109' title='bbox 279 1359 418 1442; x_wconf 84' lang='lat' dir='ltr'><strong>elegerit</strong></span> <span class='ocrx_word' id='word_1_110' title='bbox 440 1358 613 1442; x_wconf 89' lang='lat' dir='ltr'><strong>paenitens</strong></span> <span class='ocrx_word' id='word_1_111' title='bbox 635 1358 744 1442; x_wconf 90' lang='lat' dir='ltr'><strong>potius</strong></span> <span class='ocrx_word' id='word_1_112' title='bbox 767 1357 933 1423; x_wconf 86' lang='lat' dir='ltr'><strong>licentiam</strong></span> <span class='ocrx_word' id='word_1_113' title='bbox 956 1358 1052 1436; x_wconf 85' lang='lat' dir='ltr'><strong>dare,</strong></span> <span class='ocrx_word' id='word_1_114' title='bbox 1084 1379 1182 1440; x_wconf 89' lang='lat' dir='ltr'><strong>quam</strong></span> <span class='ocrx_word' id='word_1_115' title='bbox 1212 1380 1327 1426; x_wconf 88' lang='lat' dir='ltr'><strong>carere</strong></span> <span class='ocrx_word' id='word_1_116' title='bbox 1350 1363 1475 1428; x_wconf 90' lang='lat' dir='ltr'><strong>absolu-</strong></span> 
     </span>
     <span class='ocr_line' id='line_1_13' title="bbox 153 1447 1475 1531; baseline 0.002 -17"><span class='ocrx_word' id='word_1_117' title='bbox 153 1450 252 1514; x_wconf 90' lang='lat' dir='ltr'><strong>tione.</strong></span> <span class='ocrx_word' id='word_1_118' title='bbox 300 1447 335 1513; x_wconf 83' lang='lat' dir='ltr'><strong>Si</strong></span> <span class='ocrx_word' id='word_1_119' title='bbox 358 1468 437 1513; x_wconf 92' lang='lat' dir='ltr'><strong>vero</strong></span> <span class='ocrx_word' id='word_1_120' title='bbox 461 1451 569 1513; x_wconf 92' lang='lat' dir='ltr'><strong>metus</strong></span> <span class='ocrx_word' id='word_1_121' title='bbox 591 1447 647 1512; x_wconf 90' lang='lat' dir='ltr'><strong>ille</strong></span> <span class='ocrx_word' id='word_1_122' title='bbox 670 1468 735 1512; x_wconf 94' lang='lat' dir='ltr'><strong>non</strong></span> <span class='ocrx_word' id='word_1_123' title='bbox 758 1447 822 1512; x_wconf 88' lang='lat' dir='ltr'><strong>fuit</strong></span> <span class='ocrx_word' id='word_1_124' title='bbox 846 1467 889 1511; x_wconf 86' lang='lat' dir='ltr'><strong>ex</strong></span> <span class='ocrx_word' id='word_1_125' title='bbox 912 1447 997 1512; x_wconf 90' lang='lat' dir='ltr'><strong>omni</strong></span> <span class='ocrx_word' id='word_1_126' title='bbox 1021 1451 1116 1531; x_wconf 87' lang='lat' dir='ltr'><strong>parte</strong></span> <span class='ocrx_word' id='word_1_127' title='bbox 1139 1448 1225 1515; x_wconf 87' lang='lat' dir='ltr'><strong>iuste</strong></span> <span class='ocrx_word' id='word_1_128' title='bbox 1248 1449 1418 1528; x_wconf 89' lang='lat' dir='ltr'><strong>incussus,</strong></span> <span class='ocrx_word' id='word_1_129' title='bbox 1441 1452 1475 1516; x_wconf 94' lang='lat' dir='ltr'><strong>li·</strong></span> 
     </span>
     <span class='ocr_line' id='line_1_14' title="bbox 154 1535 1475 1619; baseline 0.001 -15"><span class='ocrx_word' id='word_1_130' title='bbox 154 1539 262 1604; x_wconf 90' lang='lat' dir='ltr'><strong>centia</strong></span> <span class='ocrx_word' id='word_1_131' title='bbox 285 1558 347 1602; x_wconf 91' lang='lat' dir='ltr'><strong>non</strong></span> <span class='ocrx_word' id='word_1_132' title='bbox 370 1536 462 1602; x_wconf 88' lang='lat' dir='ltr'><strong>valet</strong></span> <span class='ocrx_word' id='word_1_133' title='bbox 485 1536 527 1601; x_wconf 88' lang='lat' dir='ltr'><strong>ad</strong></span> <span class='ocrx_word' id='word_1_134' title='bbox 549 1536 680 1619; x_wconf 89' lang='lat' dir='ltr'><strong>impune</strong></span> <span class='ocrx_word' id='word_1_135' title='bbox 695 1537 851 1602; x_wconf 87' lang='lat' dir='ltr'><strong>utendum</strong></span> <span class='ocrx_word' id='word_1_136' title='bbox 869 1535 1082 1602; x_wconf 85' lang='lat' dir='ltr'><strong>confessionis</strong></span> <span class='ocrx_word' id='word_1_137' title='bbox 1098 1536 1225 1604; x_wconf 87' lang='lat' dir='ltr'><strong>notitia.</strong></span> <span class='ocrx_word' id='word_1_138' title='bbox 1257 1540 1304 1606; x_wconf 82' lang='lat' dir='ltr'><strong>At</strong></span> <span class='ocrx_word' id='word_1_139' title='bbox 1328 1539 1475 1607; x_wconf 85' lang='lat' dir='ltr'><strong>existimo</strong></span> 
     </span>
     <span class='ocr_line' id='line_1_15' title="bbox 154 1624 1477 1713; baseline 0.002 -21"><span class='ocrx_word' id='word_1_140' title='bbox 154 1632 277 1694; x_wconf 88' lang='lat' dir='ltr'><strong>metum</strong></span> <span class='ocrx_word' id='word_1_141' title='bbox 300 1647 366 1691; x_wconf 92' lang='lat' dir='ltr'><strong>non</strong></span> <span class='ocrx_word' id='word_1_142' title='bbox 389 1625 491 1690; x_wconf 88' lang='lat' dir='ltr'><strong>fuisse</strong></span> <span class='ocrx_word' id='word_1_143' title='bbox 513 1626 611 1708; x_wconf 88' lang='lat' dir='ltr'><strong>plane</strong></span> <span class='ocrx_word' id='word_1_144' title='bbox 633 1625 720 1691; x_wconf 90' lang='lat' dir='ltr'><strong>iuste</strong></span> <span class='ocrx_word' id='word_1_145' title='bbox 742 1624 916 1691; x_wconf 88' lang='lat' dir='ltr'><strong>incussum.</strong></span> <span class='ocrx_word' id='word_1_146' title='bbox 963 1625 1050 1690; x_wconf 86' lang='lat' dir='ltr'><strong>Nem</strong></span> <span class='ocrx_word' id='word_1_147' title='bbox 1074 1625 1275 1706; x_wconf 87' lang='lat' dir='ltr'><strong>sufficiebat,</strong></span> <span class='ocrx_word' id='word_1_148' title='bbox 1308 1633 1347 1695; x_wconf 93' lang='lat' dir='ltr'><strong>ut</strong></span> <span class='ocrx_word' id='word_1_149' title='bbox 1369 1629 1477 1713; x_wconf 90' lang='lat' dir='ltr'><strong>paeni·</strong></span> 
     </span>
     <span class='ocr_line' id='line_1_16' title="bbox 153 1714 1475 1799; baseline -0.001 -17"><span class='ocrx_word' id='word_1_150' title='bbox 153 1722 227 1782; x_wconf 89' lang='lat' dir='ltr'><strong>tens</strong></span> <span class='ocrx_word' id='word_1_151' title='bbox 258 1715 329 1799; x_wconf 92' lang='lat' dir='ltr'><strong>ipse</strong></span> <span class='ocrx_word' id='word_1_152' title='bbox 358 1718 496 1799; x_wconf 90' lang='lat' dir='ltr'><strong>paratus</strong></span> <span class='ocrx_word' id='word_1_153' title='bbox 530 1718 619 1780; x_wconf 90' lang='lat' dir='ltr'><strong>esset</strong></span> <span class='ocrx_word' id='word_1_154' title='bbox 651 1715 692 1780; x_wconf 86' lang='lat' dir='ltr'><strong>ed</strong></span> <span class='ocrx_word' id='word_1_155' title='bbox 723 1714 955 1779; x_wconf 88' lang='lat' dir='ltr'><strong>consulendum</strong></span> <span class='ocrx_word' id='word_1_156' title='bbox 987 1715 1128 1780; x_wconf 84' lang='lat' dir='ltr'><strong>alterum</strong></span> <span class='ocrx_word' id='word_1_157' title='bbox 1161 1716 1399 1784; x_wconf 84' lang='lat' dir='ltr'><strong>confessarium</strong></span> <span class='ocrx_word' id='word_1_158' title='bbox 1428 1719 1475 1783; x_wconf 90' lang='lat' dir='ltr'><strong>vel</strong></span> 
     </span>
     <span class='ocr_line' id='line_1_17' title="bbox 153 1802 1477 1891; baseline 0.003 -21"><span class='ocrx_word' id='word_1_159' title='bbox 153 1805 260 1871; x_wconf 88' lang='lat' dir='ltr'><strong>virum</strong></span> <span class='ocrx_word' id='word_1_160' title='bbox 283 1806 414 1871; x_wconf 88' lang='lat' dir='ltr'><strong>doctum</strong></span> <span class='ocrx_word' id='word_1_161' title='bbox 439 1807 473 1869; x_wconf 90' lang='lat' dir='ltr'><strong>et</strong></span> <span class='ocrx_word' id='word_1_162' title='bbox 496 1807 534 1868; x_wconf 90' lang='lat' dir='ltr'><strong>ut</strong></span> <span class='ocrx_word' id='word_1_163' title='bbox 562 1804 740 1868; x_wconf 90' lang='lat' dir='ltr'><strong>secundum</strong></span> <span class='ocrx_word' id='word_1_164' title='bbox 770 1802 840 1868; x_wconf 90' lang='lat' dir='ltr'><strong>eius</strong></span> <span class='ocrx_word' id='word_1_165' title='bbox 866 1803 1024 1869; x_wconf 90' lang='lat' dir='ltr'><strong>monitum</strong></span> <span class='ocrx_word' id='word_1_166' title='bbox 1055 1826 1092 1870; x_wconf 87' lang='lat' dir='ltr'><strong>se</strong></span> <span class='ocrx_word' id='word_1_167' title='bbox 1121 1808 1271 1871; x_wconf 88' lang='lat' dir='ltr'><strong>acturum</strong></span> <span class='ocrx_word' id='word_1_168' title='bbox 1302 1826 1375 1873; x_wconf 87' lang='lat' dir='ltr'><strong>esse</strong></span> <span class='ocrx_word' id='word_1_169' title='bbox 1405 1828 1477 1891; x_wconf 90' lang='lat' dir='ltr'><strong>pro·</strong></span> 
     </span>
     <span class='ocr_line' id='line_1_18' title="bbox 152 1891 1476 1979; baseline 0.001 -19"><span class='ocrx_word' id='word_1_170' title='bbox 152 1895 316 1962; x_wconf 89' lang='lat' dir='ltr'><strong>mitteret:</strong></span> <span class='ocrx_word' id='word_1_171' title='bbox 341 1915 406 1976; x_wconf 91' lang='lat' dir='ltr'><strong>qua</strong></span> <span class='ocrx_word' id='word_1_172' title='bbox 430 1891 644 1976; x_wconf 88' lang='lat' dir='ltr'><strong>promissione</strong></span> <span class='ocrx_word' id='word_1_173' title='bbox 666 1892 767 1969; x_wconf 86' lang='lat' dir='ltr'><strong>facta,</strong></span> <span class='ocrx_word' id='word_1_174' title='bbox 791 1892 899 1975; x_wconf 90' lang='lat' dir='ltr'><strong>potuit</strong></span> <span class='ocrx_word' id='word_1_175' title='bbox 922 1896 955 1958; x_wconf 90' lang='lat' dir='ltr'><strong>et</strong></span> <span class='ocrx_word' id='word_1_176' title='bbox 979 1893 1090 1959; x_wconf 85' lang='lat' dir='ltr'><strong>debuit</strong></span> <span class='ocrx_word' id='word_1_177' title='bbox 1105 1894 1232 1959; x_wconf 90' lang='lat' dir='ltr'><strong>absolvi</strong></span> <span class='ocrx_word' id='word_1_178' title='bbox 1254 1895 1402 1974; x_wconf 90' lang='lat' dir='ltr'><strong>aLucio,</strong></span> <span class='ocrx_word' id='word_1_179' title='bbox 1425 1896 1476 1979; x_wconf 92' lang='lat' dir='ltr'><strong>qui</strong></span> 
     </span>
     <span class='ocr_line' id='line_1_19' title="bbox 152 1981 1059 2066; baseline 0.001 -18"><span class='ocrx_word' id='word_1_180' title='bbox 152 2005 188 2050; x_wconf 92' lang='lat' dir='ltr'><strong>se</strong></span> <span class='ocrx_word' id='word_1_181' title='bbox 211 1983 400 2066; x_wconf 85' lang='lat' dir='ltr'><strong>incapacem</strong></span> <span class='ocrx_word' id='word_1_182' title='bbox 423 1981 572 2066; x_wconf 90' lang='lat' dir='ltr'><strong>putabat,</strong></span> <span class='ocrx_word' id='word_1_183' title='bbox 597 1987 634 2047; x_wconf 92' lang='lat' dir='ltr'><strong>ut</strong></span> <span class='ocrx_word' id='word_1_184' title='bbox 657 2002 768 2046; x_wconf 89' lang='lat' dir='ltr'><strong>casum</strong></span> <span class='ocrx_word' id='word_1_185' title='bbox 791 1981 881 2047; x_wconf 89' lang='lat' dir='ltr'><strong>solus</strong></span> <span class='ocrx_word' id='word_1_186' title='bbox 904 1982 1059 2049; x_wconf 84' lang='lat' dir='ltr'><strong>solveret.</strong></span> 
     </span>
    </p>
   </div>
   <div class='ocr_carea' id='block_1_4' title="bbox 151 2087 1479 2883">
    <p class='ocr_par' dir='ltr' id='par_1_4' title="bbox 152 2087 1478 2527">
     <span class='ocr_line' id='line_1_20' title="bbox 241 2087 1478 2173; baseline 0.002 -19"><span class='ocrx_word' id='word_1_187' title='bbox 241 2089 280 2155; x_wconf 91' lang='lat' dir='ltr'><strong>R.</strong></span> <span class='ocrx_word' id='word_1_188' title='bbox 306 2092 337 2156; x_wconf 88' lang='lat'><strong>3.</strong></span> <span class='ocrx_word' id='word_1_189' title='bbox 384 2088 447 2154; x_wconf 85' lang='lat' dir='ltr'><strong>Sed</strong></span> <span class='ocrx_word' id='word_1_190' title='bbox 471 2088 560 2164; x_wconf 85' lang='lat' dir='ltr'><strong>dato,</strong></span> <span class='ocrx_word' id='word_1_191' title='bbox 584 2087 719 2152; x_wconf 87' lang='lat' dir='ltr'><strong>Lucium</strong></span> <span class='ocrx_word' id='word_1_192' title='bbox 742 2087 806 2152; x_wconf 89' lang='lat' dir='ltr'><strong>rite</strong></span> <span class='ocrx_word' id='word_1_193' title='bbox 829 2092 863 2154; x_wconf 92' lang='lat' dir='ltr'><strong>et</strong></span> <span class='ocrx_word' id='word_1_194' title='bbox 886 2088 995 2153; x_wconf 89' lang='lat' dir='ltr'><strong>valide</strong></span> <span class='ocrx_word' id='word_1_195' title='bbox 1019 2088 1185 2173; x_wconf 86' lang='lat' dir='ltr'><strong>accepisse</strong></span> <span class='ocrx_word' id='word_1_196' title='bbox 1208 2088 1376 2156; x_wconf 85' lang='lat' dir='ltr'><strong>licentiam</strong></span> <span class='ocrx_word' id='word_1_197' title='bbox 1401 2093 1478 2158; x_wconf 81' lang='lat' dir='ltr'><strong>alios</strong></span> 
     </span>
     <span class='ocr_line' id='line_1_21' title="bbox 152 2176 1478 2264; baseline 0.002 -20"><span class='ocrx_word' id='word_1_198' title='bbox 152 2178 359 2245; x_wconf 89' lang='lat' dir='ltr'><strong>consulendi:</strong></span> <span class='ocrx_word' id='word_1_199' title='bbox 385 2198 456 2242; x_wconf 92' lang='lat' dir='ltr'><strong>cum</strong></span> <span class='ocrx_word' id='word_1_200' title='bbox 475 2176 614 2243; x_wconf 89' lang='lat' dir='ltr'><strong>vidisset</strong></span> <span class='ocrx_word' id='word_1_201' title='bbox 628 2176 827 2260; x_wconf 90' lang='lat' dir='ltr'><strong>paenitentis</strong></span> <span class='ocrx_word' id='word_1_202' title='bbox 842 2176 1105 2261; x_wconf 84' lang='lat' dir='ltr'><strong>repugnantiam,</strong></span> <span class='ocrx_word' id='word_1_203' title='bbox 1129 2199 1195 2243; x_wconf 93' lang='lat' dir='ltr'><strong>non</strong></span> <span class='ocrx_word' id='word_1_204' title='bbox 1212 2178 1354 2247; x_wconf 91' lang='lat' dir='ltr'><strong>debebat</strong></span> <span class='ocrx_word' id='word_1_205' title='bbox 1368 2181 1478 2264; x_wconf 89' lang='lat' dir='ltr'><strong>plnres</strong></span> 
     </span>
     <span class='ocr_line' id='line_1_22' title="bbox 153 2265 1478 2349; baseline 0.001 -15"><span class='ocrx_word' id='word_1_206' title='bbox 153 2269 333 2344; x_wconf 82' lang='lat' dir='ltr'><strong>consulere,</strong></span> <span class='ocrx_word' id='word_1_207' title='bbox 358 2287 456 2348; x_wconf 88' lang='lat' dir='ltr'><strong>quem</strong></span> <span class='ocrx_word' id='word_1_208' title='bbox 480 2265 610 2330; x_wconf 89' lang='lat' dir='ltr'><strong>omnino</strong></span> <span class='ocrx_word' id='word_1_209' title='bbox 635 2266 855 2331; x_wconf 87' lang='lat' dir='ltr'><strong>necessarium</strong></span> <span class='ocrx_word' id='word_1_210' title='bbox 872 2271 953 2332; x_wconf 89' lang='lat' dir='ltr'><strong>erat.</strong></span> <span class='ocrx_word' id='word_1_211' title='bbox 986 2265 1021 2330; x_wconf 86' lang='lat' dir='ltr'><strong>si</strong></span> <span class='ocrx_word' id='word_1_212' title='bbox 1043 2266 1146 2349; x_wconf 84' lang='lat' dir='ltr'><strong>igitur</strong></span> <span class='ocrx_word' id='word_1_213' title='bbox 1160 2288 1244 2332; x_wconf 91' lang='lat' dir='ltr'><strong>unus</strong></span> <span class='ocrx_word' id='word_1_214' title='bbox 1267 2268 1358 2334; x_wconf 86' lang='lat' dir='ltr'><strong>clare</strong></span> <span class='ocrx_word' id='word_1_215' title='bbox 1380 2271 1478 2336; x_wconf 86' lang='lat' dir='ltr'><strong>solvit</strong></span> 
     </span>
     <span class='ocr_line' id='line_1_23' title="bbox 153 2354 1477 2439; baseline 0.002 -17"><span class='ocrx_word' id='word_1_216' title='bbox 153 2378 281 2433; x_wconf 88' lang='lat' dir='ltr'><strong>casum,</strong></span> <span class='ocrx_word' id='word_1_217' title='bbox 306 2377 371 2421; x_wconf 93' lang='lat' dir='ltr'><strong>non</strong></span> <span class='ocrx_word' id='word_1_218' title='bbox 395 2354 536 2420; x_wconf 86' lang='lat' dir='ltr'><strong>debebat</strong></span> <span class='ocrx_word' id='word_1_219' title='bbox 558 2355 699 2421; x_wconf 91' lang='lat' dir='ltr'><strong>alterum</strong></span> <span class='ocrx_word' id='word_1_220' title='bbox 723 2355 907 2428; x_wconf 86' lang='lat' dir='ltr'><strong>consulere;</strong></span> <span class='ocrx_word' id='word_1_221' title='bbox 933 2355 960 2419; x_wconf 88' lang='lat' dir='ltr'><strong>si</strong></span> <span class='ocrx_word' id='word_1_222' title='bbox 984 2355 1073 2439; x_wconf 92' lang='lat' dir='ltr'><strong>prior</strong></span> <span class='ocrx_word' id='word_1_223' title='bbox 1096 2377 1160 2421; x_wconf 93' lang='lat' dir='ltr'><strong>non</strong></span> <span class='ocrx_word' id='word_1_224' title='bbox 1183 2356 1265 2422; x_wconf 87' lang='lat' dir='ltr'><strong>satis</strong></span> <span class='ocrx_word' id='word_1_225' title='bbox 1287 2357 1407 2437; x_wconf 86' lang='lat' dir='ltr'><strong>solvit,</strong></span> <span class='ocrx_word' id='word_1_226' title='bbox 1432 2359 1477 2425; x_wconf 83' lang='lat' dir='ltr'><strong>nl-</strong></span> 
     </span>
     <span class='ocr_line' id='line_1_24' title="bbox 152 2443 591 2527; baseline -0.007 -16"><span class='ocrx_word' id='word_1_227' title='bbox 152 2451 258 2511; x_wconf 89' lang='lat' dir='ltr'><strong>terum</strong></span> <span class='ocrx_word' id='word_1_228' title='bbox 283 2445 453 2510; x_wconf 87' lang='lat' dir='ltr'><strong>consulere</strong></span> <span class='ocrx_word' id='word_1_229' title='bbox 475 2443 591 2527; x_wconf 92' lang='lat' dir='ltr'><strong>potuit.</strong></span> 
     </span>
    </p>

    <p class='ocr_par' dir='ltr' id='par_1_5' title="bbox 151 2531 1479 2883">
     <span class='ocr_line' id='line_1_25' title="bbox 242 2531 1477 2616; baseline 0.002 -17"><span class='ocrx_word' id='word_1_230' title='bbox 242 2533 350 2600; x_wconf 86' lang='lat' dir='ltr'><strong>Aliter</strong></span> <span class='ocrx_word' id='word_1_231' title='bbox 372 2533 520 2610; x_wconf 85' lang='lat' dir='ltr'><strong>dixerim,</strong></span> <span class='ocrx_word' id='word_1_232' title='bbox 545 2532 572 2597; x_wconf 91' lang='lat' dir='ltr'><strong>si</strong></span> <span class='ocrx_word' id='word_1_233' title='bbox 597 2532 668 2614; x_wconf 88' lang='lat' dir='ltr'><strong>quie</strong></span> <span class='ocrx_word' id='word_1_234' title='bbox 692 2531 863 2616; x_wconf 91' lang='lat' dir='ltr'><strong>paenitens</strong></span> <span class='ocrx_word' id='word_1_235' title='bbox 887 2536 1003 2616; x_wconf 89' lang='lat' dir='ltr'><strong>sponte</strong></span> <span class='ocrx_word' id='word_1_236' title='bbox 1019 2537 1054 2599; x_wconf 92' lang='lat' dir='ltr'><strong>et</strong></span> <span class='ocrx_word' id='word_1_237' title='bbox 1068 2532 1233 2599; x_wconf 92' lang='lat' dir='ltr'><strong>liberrime</strong></span> <span class='ocrx_word' id='word_1_238' title='bbox 1248 2534 1379 2602; x_wconf 90' lang='lat' dir='ltr'><strong>dederit</strong></span> <span class='ocrx_word' id='word_1_239' title='bbox 1402 2558 1477 2602; x_wconf 91' lang='lat' dir='ltr'><strong>con·</strong></span> 
     </span>
     <span class='ocr_line' id='line_1_26' title="bbox 152 2621 1479 2708; baseline 0.003 -20"><span class='ocrx_word' id='word_1_240' title='bbox 152 2624 291 2689; x_wconf 87' lang='lat' dir='ltr'><strong>fessario</strong></span> <span class='ocrx_word' id='word_1_241' title='bbox 314 2622 480 2688; x_wconf 89' lang='lat' dir='ltr'><strong>licentiam</strong></span> <span class='ocrx_word' id='word_1_242' title='bbox 504 2642 563 2705; x_wconf 90' lang='lat' dir='ltr'><strong>pro</strong></span> <span class='ocrx_word' id='word_1_243' title='bbox 588 2621 724 2687; x_wconf 89' lang='lat' dir='ltr'><strong>arbitrio</strong></span> <span class='ocrx_word' id='word_1_244' title='bbox 740 2642 799 2687; x_wconf 88' lang='lat' dir='ltr'><strong>suo</strong></span> <span class='ocrx_word' id='word_1_245' title='bbox 815 2621 898 2687; x_wconf 89' lang='lat' dir='ltr'><strong>elios</strong></span> <span class='ocrx_word' id='word_1_246' title='bbox 914 2621 1112 2688; x_wconf 89' lang='lat' dir='ltr'><strong>consulendi.</strong></span> <span class='ocrx_word' id='word_1_247' title='bbox 1145 2622 1228 2687; x_wconf 82' lang='lat' dir='ltr'><strong>Tum</strong></span> <span class='ocrx_word' id='word_1_248' title='bbox 1244 2623 1331 2689; x_wconf 93' lang='lat' dir='ltr'><strong>enim</strong></span> <span class='ocrx_word' id='word_1_249' title='bbox 1347 2628 1479 2708; x_wconf 90' lang='lat' dir='ltr'><strong>poterat</strong></span> 
     </span>
     <span class='ocr_line' id='line_1_27' title="bbox 152 2710 1477 2796; baseline 0.003 -19"><span class='ocrx_word' id='word_1_250' title='bbox 152 2713 252 2779; x_wconf 87' lang='lat' dir='ltr'><strong>etiam</strong></span> <span class='ocrx_word' id='word_1_251' title='bbox 275 2711 421 2796; x_wconf 90' lang='lat' dir='ltr'><strong>pluribus</strong></span> <span class='ocrx_word' id='word_1_252' title='bbox 444 2711 636 2776; x_wconf 88' lang='lat' dir='ltr'><strong>coadunatis</strong></span> <span class='ocrx_word' id='word_1_253' title='bbox 659 2731 729 2775; x_wconf 90' lang='lat' dir='ltr'><strong>rem</strong></span> <span class='ocrx_word' id='word_1_254' title='bbox 752 2731 948 2795; x_wconf 88' lang='lat' dir='ltr'><strong>proponere,</strong></span> <span class='ocrx_word' id='word_1_255' title='bbox 980 2710 1008 2775; x_wconf 92' lang='lat' dir='ltr'><strong>si</strong></span> <span class='ocrx_word' id='word_1_256' title='bbox 1031 2711 1092 2775; x_wconf 90' lang='lat' dir='ltr'><strong>hoc</strong></span> <span class='ocrx_word' id='word_1_257' title='bbox 1115 2714 1190 2777; x_wconf 74' lang='lat' dir='ltr'><strong>utile</strong></span> <span class='ocrx_word' id='word_1_258' title='bbox 1213 2732 1286 2777; x_wconf 88' lang='lat' dir='ltr'><strong>esse</strong></span> <span class='ocrx_word' id='word_1_259' title='bbox 1308 2713 1477 2790; x_wconf 89' lang='lat' dir='ltr'><strong>iudicavit,</strong></span> 
     </span>
     <span class='ocr_line' id='line_1_28' title="bbox 151 2799 1291 2883; baseline 0.001 -17"><span class='ocrx_word' id='word_1_260' title='bbox 151 2803 246 2867; x_wconf 80' lang='lat' dir='ltr'><strong>salve</strong></span> <span class='ocrx_word' id='word_1_261' title='bbox 270 2807 380 2867; x_wconf 90' lang='lat' dir='ltr'><strong>tamen</strong></span> <span class='ocrx_word' id='word_1_262' title='bbox 403 2801 477 2882; x_wconf 84' lang='lat' dir='ltr'><strong>lege</strong></span> <span class='ocrx_word' id='word_1_263' title='bbox 500 2799 599 2882; x_wconf 88' lang='lat' dir='ltr'><strong>sigilli</strong></span> <span class='ocrx_word' id='word_1_264' title='bbox 623 2799 722 2864; x_wconf 88' lang='lat' dir='ltr'><strong>etiarn</strong></span> <span class='ocrx_word' id='word_1_265' title='bbox 747 2821 805 2883; x_wconf 90' lang='lat' dir='ltr'><strong>pro</strong></span> <span class='ocrx_word' id='word_1_266' title='bbox 829 2799 978 2864; x_wconf 88' lang='lat' dir='ltr'><strong>omnibus</strong></span> <span class='ocrx_word' id='word_1_267' title='bbox 1000 2799 1065 2864; x_wconf 91' lang='lat' dir='ltr'><strong>illis</strong></span> <span class='ocrx_word' id='word_1_268' title='bbox 1089 2799 1291 2869; x_wconf 87' lang='lat' dir='ltr'><strong>consiliariis.</strong></span> 
     </span>
    </p>
   </div>
   <div class='ocr_carea' id='block_1_5' title="bbox 149 2905 1479 3704">
    <p class='ocr_par' dir='ltr' id='par_1_6' title="bbox 149 2905 1479 3704">
     <span class='ocr_line' id='line_1_29' title="bbox 240 2905 1478 2993; baseline 0.003 -21"><span class='ocrx_word' id='word_1_269' title='bbox 240 2908 279 2974; x_wconf 85' lang='lat' dir='ltr'><strong>R.</strong></span> <span class='ocrx_word' id='word_1_270' title='bbox 305 2915 334 2974; x_wconf 85' lang='lat'><strong>4.</strong></span> <span class='ocrx_word' id='word_1_271' title='bbox 382 2906 473 2983; x_wconf 82' lang='lat' dir='ltr'><strong>Quod</strong></span> <span class='ocrx_word' id='word_1_272' title='bbox 496 2907 614 2971; x_wconf 88' lang='lat' dir='ltr'><strong>Lucius</strong></span> <span class='ocrx_word' id='word_1_273' title='bbox 637 2905 774 2970; x_wconf 87' lang='lat' dir='ltr'><strong>heredes</strong></span> <span class='ocrx_word' id='word_1_274' title='bbox 797 2905 936 2984; x_wconf 90' lang='lat' dir='ltr'><strong>monuit,</strong></span> <span class='ocrx_word' id='word_1_275' title='bbox 968 2906 1053 2971; x_wconf 87' lang='lat' dir='ltr'><strong>male</strong></span> <span class='ocrx_word' id='word_1_276' title='bbox 1077 2907 1155 2989; x_wconf 87' lang='lat' dir='ltr'><strong>egit.</strong></span> <span class='ocrx_word' id='word_1_277' title='bbox 1202 2906 1288 2972; x_wconf 89' lang='lat' dir='ltr'><strong>Nam</strong></span> <span class='ocrx_word' id='word_1_278' title='bbox 1320 2909 1355 2974; x_wconf 95' lang='lat' dir='ltr'><strong>id</strong></span> <span class='ocrx_word' id='word_1_279' title='bbox 1378 2930 1478 2993; x_wconf 83' lang='lat' dir='ltr'><strong>agere</strong></span> 
     </span>
     <span class='ocr_line' id='line_1_30' title="bbox 153 2995 1478 3080; baseline 0.004 -19"><span class='ocrx_word' id='word_1_280' title='bbox 153 2998 209 3062; x_wconf 86' lang='lat' dir='ltr'><strong>vix</strong></span> <span class='ocrx_word' id='word_1_281' title='bbox 232 3001 364 3080; x_wconf 84' lang='lat' dir='ltr'><strong>poterat</strong></span> <span class='ocrx_word' id='word_1_282' title='bbox 387 2996 457 3061; x_wconf 91' lang='lat' dir='ltr'><strong>sine</strong></span> <span class='ocrx_word' id='word_1_283' title='bbox 481 2995 624 3079; x_wconf 90' lang='lat' dir='ltr'><strong>periculo</strong></span> <span class='ocrx_word' id='word_1_284' title='bbox 648 2995 797 3060; x_wconf 88' lang='lat' dir='ltr'><strong>laedendi</strong></span> <span class='ocrx_word' id='word_1_285' title='bbox 821 2995 931 3077; x_wconf 85' lang='lat' dir='ltr'><strong>sigilli,</strong></span> <span class='ocrx_word' id='word_1_286' title='bbox 955 2995 1114 3077; x_wconf 87' lang='lat' dir='ltr'><strong>siquidem</strong></span> <span class='ocrx_word' id='word_1_287' title='bbox 1138 2995 1355 3080; x_wconf 86' lang='lat' dir='ltr'><strong>suspicionem</strong></span> <span class='ocrx_word' id='word_1_288' title='bbox 1381 3000 1478 3066; x_wconf 85' lang='lat' dir='ltr'><strong>facile</strong></span> 
     </span>
     <span class='ocr_line' id='line_1_31' title="bbox 151 3084 1478 3168; baseline 0.002 -16"><span class='ocrx_word' id='word_1_289' title='bbox 151 3088 255 3152; x_wconf 91' lang='lat' dir='ltr'><strong>movit</strong></span> <span class='ocrx_word' id='word_1_290' title='bbox 285 3107 358 3152; x_wconf 87' lang='lat' dir='ltr'><strong>esse</strong></span> <span class='ocrx_word' id='word_1_291' title='bbox 388 3085 605 3152; x_wconf 86' lang='lat' dir='ltr'><strong>restitutionis</strong></span> <span class='ocrx_word' id='word_1_292' title='bbox 636 3105 735 3149; x_wconf 84' lang='lat' dir='ltr'><strong>causa</strong></span> <span class='ocrx_word' id='word_1_293' title='bbox 765 3084 912 3167; x_wconf 89' lang='lat' dir='ltr'><strong>adeoque</strong></span> <span class='ocrx_word' id='word_1_294' title='bbox 942 3105 984 3149; x_wconf 84' lang='lat' dir='ltr'><strong>ex</strong></span> <span class='ocrx_word' id='word_1_295' title='bbox 1015 3084 1124 3150; x_wconf 91' lang='lat' dir='ltr'><strong>debito</strong></span> <span class='ocrx_word' id='word_1_296' title='bbox 1148 3085 1292 3168; x_wconf 89' lang='lat' dir='ltr'><strong>aliquam</strong></span> <span class='ocrx_word' id='word_1_297' title='bbox 1315 3109 1478 3155; x_wconf 88' lang='lat' dir='ltr'><strong>summam</strong></span> 
     </span>
     <span class='ocr_line' id='line_1_32' title="bbox 152 3174 1478 3261; baseline 0.001 -20"><span class='ocrx_word' id='word_1_298' title='bbox 152 3175 410 3261; x_wconf 85' lang='lat' dir='ltr'><strong>expendendam.</strong></span> <span class='ocrx_word' id='word_1_299' title='bbox 456 3175 551 3239; x_wconf 90' lang='lat' dir='ltr'><strong>Hanc</strong></span> <span class='ocrx_word' id='word_1_300' title='bbox 575 3177 685 3239; x_wconf 90' lang='lat' dir='ltr'><strong>autem</strong></span> <span class='ocrx_word' id='word_1_301' title='bbox 709 3195 842 3238; x_wconf 90' lang='lat' dir='ltr'><strong>movere</strong></span> <span class='ocrx_word' id='word_1_302' title='bbox 872 3178 1007 3257; x_wconf 88' lang='lat' dir='ltr'><strong>propter</strong></span> <span class='ocrx_word' id='word_1_303' title='bbox 1036 3175 1142 3256; x_wconf 84' lang='lat' dir='ltr'><strong>legem</strong></span> <span class='ocrx_word' id='word_1_304' title='bbox 1166 3174 1265 3257; x_wconf 81' lang='lat' dir='ltr'><strong>sigilli</strong></span> <span class='ocrx_word' id='word_1_305' title='bbox 1289 3177 1390 3258; x_wconf 90' lang='lat' dir='ltr'><strong>plane</strong></span> <span class='ocrx_word' id='word_1_306' title='bbox 1414 3201 1478 3244; x_wconf 92' lang='lat' dir='ltr'><strong>non</strong></span> 
     </span>
     <span class='ocr_line' id='line_1_33' title="bbox 153 3262 1478 3349; baseline 0.002 -19"><span class='ocrx_word' id='word_1_307' title='bbox 153 3266 253 3331; x_wconf 86' lang='lat' dir='ltr'><strong>licuit.</strong></span> <span class='ocrx_word' id='word_1_308' title='bbox 285 3264 398 3330; x_wconf 91' lang='lat' dir='ltr'><strong>Potius</strong></span> <span class='ocrx_word' id='word_1_309' title='bbox 422 3263 677 3346; x_wconf 89' lang='lat' dir='ltr'><strong>permittendum</strong></span> <span class='ocrx_word' id='word_1_310' title='bbox 702 3266 774 3327; x_wconf 91' lang='lat' dir='ltr'><strong>erat</strong></span> <span class='ocrx_word' id='word_1_311' title='bbox 798 3263 969 3329; x_wconf 78' lang='lat' dir='ltr'><strong>materiale</strong></span> <span class='ocrx_word' id='word_1_312' title='bbox 993 3262 1145 3327; x_wconf 90' lang='lat' dir='ltr'><strong>damnum</strong></span> <span class='ocrx_word' id='word_1_313' title='bbox 1170 3264 1353 3343; x_wconf 88' lang='lat' dir='ltr'><strong>creditoris,</strong></span> <span class='ocrx_word' id='word_1_314' title='bbox 1379 3288 1478 3349; x_wconf 91' lang='lat' dir='ltr'><strong>quam</strong></span> 
     </span>
     <span class='ocr_line' id='line_1_34' title="bbox 152 3352 1478 3441; baseline 0.003 -22"><span class='ocrx_word' id='word_1_315' title='bbox 152 3353 418 3421; x_wconf 88' lang='lat' dir='ltr'><strong>committendum</strong></span> <span class='ocrx_word' id='word_1_316' title='bbox 444 3353 566 3433; x_wconf 85' lang='lat' dir='ltr'><strong>aliquid</strong></span> <span class='ocrx_word' id='word_1_317' title='bbox 590 3356 705 3416; x_wconf 89' lang='lat' dir='ltr'><strong>contra</strong></span> <span class='ocrx_word' id='word_1_318' title='bbox 728 3358 889 3418; x_wconf 88' lang='lat' dir='ltr'><strong>secretum</strong></span> <span class='ocrx_word' id='word_1_319' title='bbox 914 3353 1164 3418; x_wconf 86' lang='lat' dir='ltr'><strong>sacramentale.</strong></span> <span class='ocrx_word' id='word_1_320' title='bbox 1202 3352 1314 3435; x_wconf 83' lang='lat' dir='ltr'><strong>Atque</strong></span> <span class='ocrx_word' id='word_1_321' title='bbox 1338 3357 1478 3441; x_wconf 90' lang='lat' dir='ltr'><strong>supponi</strong></span> 
     </span>
     <span class='ocr_line' id='line_1_35' title="bbox 152 3441 1478 3526; baseline 0.002 -17"><span class='ocrx_word' id='word_1_322' title='bbox 152 3444 291 3509; x_wconf 79' lang='lat' dir='ltr'><strong>debebat</strong></span> <span class='ocrx_word' id='word_1_323' title='bbox 315 3441 552 3526; x_wconf 81' lang='lat' dir='ltr'><strong>paenitentem,</strong></span> <span class='ocrx_word' id='word_1_324' title='bbox 584 3441 611 3505; x_wconf 87' lang='lat' dir='ltr'><strong>si</strong></span> <span class='ocrx_word' id='word_1_325' title='bbox 639 3441 777 3506; x_wconf 89' lang='lat' dir='ltr'><strong>haberet</strong></span> <span class='ocrx_word' id='word_1_326' title='bbox 800 3441 1032 3507; x_wconf 86' lang='lat' dir='ltr'><strong>conscientiam</strong></span> <span class='ocrx_word' id='word_1_327' title='bbox 1055 3441 1157 3508; x_wconf 90' lang='lat' dir='ltr'><strong>debiti</strong></span> <span class='ocrx_word' id='word_1_328' title='bbox 1180 3443 1233 3506; x_wconf 89' lang='lat' dir='ltr'><strong>vel</strong></span> <span class='ocrx_word' id='word_1_329' title='bbox 1257 3444 1478 3512; x_wconf 85' lang='lat' dir='ltr'><strong>restitutionis</strong></span> 
     </span>
     <span class='ocr_line' id='line_1_36' title="bbox 151 3529 1479 3613; baseline 0.003 -16"><span class='ocrx_word' id='word_1_330' title='bbox 151 3532 337 3610; x_wconf 88' lang='lat' dir='ltr'><strong>faciendae,</strong></span> <span class='ocrx_word' id='word_1_331' title='bbox 368 3537 445 3597; x_wconf 90' lang='lat' dir='ltr'><strong>ante</strong></span> <span class='ocrx_word' id='word_1_332' title='bbox 475 3534 613 3596; x_wconf 90' lang='lat' dir='ltr'><strong>mortem</strong></span> <span class='ocrx_word' id='word_1_333' title='bbox 638 3530 836 3595; x_wconf 84' lang='lat' dir='ltr'><strong>monitorum</strong></span> <span class='ocrx_word' id='word_1_334' title='bbox 862 3530 964 3595; x_wconf 88' lang='lat' dir='ltr'><strong>fuisse</strong></span> <span class='ocrx_word' id='word_1_335' title='bbox 988 3529 1129 3612; x_wconf 88' lang='lat' dir='ltr'><strong>aliquem</strong></span> <span class='ocrx_word' id='word_1_336' title='bbox 1152 3551 1194 3596; x_wconf 85' lang='lat' dir='ltr'><strong>ex</strong></span> <span class='ocrx_word' id='word_1_337' title='bbox 1217 3531 1411 3613; x_wconf 88' lang='lat' dir='ltr'><strong>heredibus,</strong></span> <span class='ocrx_word' id='word_1_338' title='bbox 1444 3543 1479 3602; x_wconf 94' lang='lat' dir='ltr'><strong>ut</strong></span> 
     </span>
     <span class='ocr_line' id='line_1_37' title="bbox 149 3621 594 3704; baseline -0.002 -18"><span class='ocrx_word' id='word_1_339' title='bbox 149 3621 390 3687; x_wconf 91' lang='lat' dir='ltr'><strong>restitutionem</strong></span> <span class='ocrx_word' id='word_1_340' title='bbox 413 3623 594 3704; x_wconf 89' lang='lat' dir='ltr'><strong>perficeret.</strong></span> 
     </span>
    </p>
   </div>
   <div class='ocr_carea' id='block_1_6' title="bbox 256 3812 1366 3909">
    <p class='ocr_par' dir='ltr' id='par_1_7' title="bbox 256 3812 1366 3909">
     <span class='ocr_line' id='line_1_38' title="bbox 256 3812 1366 3909; baseline 0.003 -31"><span class='ocrx_word' id='word_1_341' title='bbox 256 3812 462 3878; x_wconf 78' lang='lat' dir='ltr'><strong>LICENTIA</strong></span> <span class='ocrx_word' id='word_1_342' title='bbox 485 3812 780 3877; x_wconf 82' lang='lat' dir='ltr'>PAENITENTIS</span> <span class='ocrx_word' id='word_1_343' title='bbox 804 3812 1010 3878; x_wconf 86' lang='lat' dir='ltr'>SIGILLUM</span> <span class='ocrx_word' id='word_1_344' title='bbox 1033 3812 1271 3909; x_wconf 70' lang='lat' dir='ltr'><strong>Auuultuus</strong></span> <span class='ocrx_word' id='word_1_345' title='bbox 1295 3815 1366 3898; x_wconf 85' lang='grc' dir='ltr'>(ΙΙ).</span> 
     </span>
    </p>
   </div>
   <div class='ocr_carea' id='block_1_7' title="bbox 708 3978 913 4053">
    <p class='ocr_par' dir='ltr' id='par_1_8' title="bbox 708 3978 913 4053">
     <span class='ocr_line' id='line_1_39' title="bbox 708 3978 913 4053; baseline -0.02 -11"><span class='ocrx_word' id='word_1_346' title='bbox 708 3978 818 4044; x_wconf 78' lang='lat' dir='ltr'><strong>Casus.</strong></span> <span class='ocrx_word' id='word_1_347' title='bbox 837 3985 913 4053; x_wconf 78' lang='lat'>(160)</span> 
     </span>
    </p>
   </div>
   <div class='ocr_carea' id='block_1_8' title="bbox 148 4119 1477 4437">
    <p class='ocr_par' dir='ltr' id='par_1_9' title="bbox 148 4119 1477 4437">
     <span class='ocr_line' id='line_1_40' title="bbox 238 4119 1477 4196; baseline 0.002 -17"><span class='ocrx_word' id='word_1_348' title='bbox 238 4121 273 4178; x_wconf 93' lang='lat' dir='ltr'><strong>In</strong></span> <span class='ocrx_word' id='word_1_349' title='bbox 294 4140 387 4196; x_wconf 86' lang='lat' dir='ltr'><strong>parva</strong></span> <span class='ocrx_word' id='word_1_350' title='bbox 409 4120 507 4195; x_wconf 85' lang='lat' dir='ltr'><strong>eliqua</strong></span> <span class='ocrx_word' id='word_1_351' title='bbox 530 4119 738 4177; x_wconf 81' lang='lat' dir='ltr'><strong>communitate</strong></span> <span class='ocrx_word' id='word_1_352' title='bbox 761 4119 948 4177; x_wconf 88' lang='lat' dir='ltr'><strong>commissum</strong></span> <span class='ocrx_word' id='word_1_353' title='bbox 970 4123 1017 4177; x_wconf 89' lang='lat' dir='ltr'><strong>est</strong></span> <span class='ocrx_word' id='word_1_354' title='bbox 1038 4119 1157 4188; x_wconf 90' lang='lat' dir='ltr'><strong>crimen,</strong></span> <span class='ocrx_word' id='word_1_355' title='bbox 1180 4119 1256 4194; x_wconf 89' lang='lat' dir='ltr'><strong>quod</strong></span> <span class='ocrx_word' id='word_1_356' title='bbox 1272 4121 1477 4181; x_wconf 82' lang='lat' dir='ltr'><strong>confessarius</strong></span> 
     </span>
     <span class='ocr_line' id='line_1_41' title="bbox 149 4199 1476 4277; baseline 0.002 -18"><span class='ocrx_word' id='word_1_357' title='bbox 149 4221 186 4260; x_wconf 86' lang='lat' dir='ltr'><strong>ex</strong></span> <span class='ocrx_word' id='word_1_358' title='bbox 208 4201 329 4259; x_wconf 89' lang='lat' dir='ltr'><strong>licentia</strong></span> <span class='ocrx_word' id='word_1_359' title='bbox 356 4200 552 4277; x_wconf 82' lang='lat' dir='ltr'><strong>paenitentis,</strong></span> <span class='ocrx_word' id='word_1_360' title='bbox 581 4205 661 4257; x_wconf 89' lang='lat' dir='ltr'><strong>tecto</strong></span> <span class='ocrx_word' id='word_1_361' title='bbox 688 4199 823 4269; x_wconf 87' lang='lat' dir='ltr'><strong>nomine,</strong></span> <span class='ocrx_word' id='word_1_362' title='bbox 851 4218 917 4256; x_wconf 89' lang='lat' dir='ltr'><strong>cum</strong></span> <span class='ocrx_word' id='word_1_363' title='bbox 945 4199 1012 4257; x_wconf 87' lang='lat' dir='ltr'><strong>aliis</strong></span> <span class='ocrx_word' id='word_1_364' title='bbox 1041 4199 1238 4258; x_wconf 86' lang='lat' dir='ltr'><strong>communicat</strong></span> <span class='ocrx_word' id='word_1_365' title='bbox 1264 4205 1329 4258; x_wconf 90' lang='lat' dir='ltr'><strong>tum</strong></span> <span class='ocrx_word' id='word_1_366' title='bbox 1359 4204 1476 4262; x_wconf 88' lang='lat' dir='ltr'><strong>consilii</strong></span> 
     </span>
     <span class='ocr_line' id='line_1_42' title="bbox 149 4279 1477 4356; baseline 0.003 -17"><span class='ocrx_word' id='word_1_367' title='bbox 149 4301 249 4350; x_wconf 82' lang='lat' dir='ltr'><strong>causa,</strong></span> <span class='ocrx_word' id='word_1_368' title='bbox 271 4287 332 4339; x_wconf 89' lang='lat' dir='ltr'><strong>turn</strong></span> <span class='ocrx_word' id='word_1_369' title='bbox 354 4302 393 4339; x_wconf 89' lang='lat' dir='ltr'><strong>ex</strong></span> <span class='ocrx_word' id='word_1_370' title='bbox 414 4281 602 4355; x_wconf 86' lang='lat' dir='ltr'><strong>loquacitate,</strong></span> <span class='ocrx_word' id='word_1_371' title='bbox 625 4299 691 4337; x_wconf 88' lang='lat' dir='ltr'><strong>curn</strong></span> <span class='ocrx_word' id='word_1_372' title='bbox 705 4279 862 4355; x_wconf 86' lang='lat' dir='ltr'><strong>paenitens</strong></span> <span class='ocrx_word' id='word_1_373' title='bbox 887 4279 1013 4337; x_wconf 86' lang='lat' dir='ltr'><strong>dixisset</strong></span> <span class='ocrx_word' id='word_1_374' title='bbox 1034 4299 1119 4338; x_wconf 85' lang='lat' dir='ltr'><strong>suurn</strong></span> <span class='ocrx_word' id='word_1_375' title='bbox 1140 4280 1214 4338; x_wconf 91' lang='lat' dir='ltr'><strong>nihil</strong></span> <span class='ocrx_word' id='word_1_376' title='bbox 1237 4280 1396 4356; x_wconf 84' lang='lat' dir='ltr'><strong>interesse,</strong></span> <span class='ocrx_word' id='word_1_377' title='bbox 1420 4284 1477 4342; x_wconf 90' lang='lat' dir='ltr'><strong>etsi</strong></span> 
     </span>
     <span class='ocr_line' id='line_1_43' title="bbox 148 4359 757 4437; baseline -0.005 -17"><span class='ocrx_word' id='word_1_378' title='bbox 148 4381 196 4420; x_wconf 86' lang='lat' dir='ltr'><strong>res</strong></span> <span class='ocrx_word' id='word_1_379' title='bbox 217 4362 450 4437; x_wconf 86' lang='lat' dir='ltr'><strong>proclamaretur</strong></span> <span class='ocrx_word' id='word_1_380' title='bbox 469 4361 499 4418; x_wconf 91' lang='lat' dir='ltr'><strong>in</strong></span> <span class='ocrx_word' id='word_1_381' title='bbox 521 4359 629 4436; x_wconf 88' lang='lat' dir='ltr'><strong>plateis</strong></span> <span class='ocrx_word' id='word_1_382' title='bbox 651 4360 757 4436; x_wconf 89' lang='lat' dir='ltr'><strong>oppidi.</strong></span> 
     </span>
    </p>
   </div>
   <div class='ocr_carea' id='block_1_9' title="bbox 148 4473 1111 4552">
    <p class='ocr_par' dir='ltr' id='par_1_10' title="bbox 148 4473 1111 4552">
     <span class='ocr_line' id='line_1_44' title="bbox 148 4473 1111 4552; baseline -0.001 -18"><span class='ocrx_word' id='word_1_383' title='bbox 148 4476 325 4544; x_wconf 78' lang='lat' dir='ltr'><strong>Qunenrrun</strong></span> <span class='ocrx_word' id='word_1_384' title='bbox 347 4479 376 4533; x_wconf 89' lang='lat'><strong>1⁰</strong></span> <span class='ocrx_word' id='word_1_385' title='bbox 396 4475 563 4552; x_wconf 87' lang='lat' dir='ltr'><strong>potueritne</strong></span> <span class='ocrx_word' id='word_1_386' title='bbox 585 4474 740 4550; x_wconf 92' lang='lat' dir='ltr'><strong>paenitens</strong></span> <span class='ocrx_word' id='word_1_387' title='bbox 761 4473 838 4531; x_wconf 88' lang='lat' dir='ltr'><strong>hanc</strong></span> <span class='ocrx_word' id='word_1_388' title='bbox 859 4473 1010 4532; x_wconf 87' lang='lat' dir='ltr'><strong>licentiam</strong></span> <span class='ocrx_word' id='word_1_389' title='bbox 1032 4474 1111 4533; x_wconf 87' lang='lat' dir='ltr'><strong>dare.</strong></span> 
     </span>
    </p>
   </div>
   <div class='ocr_carea' id='block_1_10' title="bbox 349 4562 1474 4718">
    <p class='ocr_par' dir='ltr' id='par_1_11' title="bbox 349 4562 1474 4718">
     <span class='ocr_line' id='line_1_45' title="bbox 349 4562 1474 4638; baseline 0.001 -15"><span class='ocrx_word' id='word_1_390' title='bbox 349 4567 378 4622; x_wconf 80' lang='grc' dir='ltr'><strong>2ο</strong></span> <span class='ocrx_word' id='word_1_391' title='bbox 400 4563 599 4623; x_wconf 84' lang='lat' dir='ltr'><strong>confessarius</strong></span> <span class='ocrx_word' id='word_1_392' title='bbox 622 4563 734 4621; x_wconf 88' lang='lat' dir='ltr'><strong>liberne</strong></span> <span class='ocrx_word' id='word_1_393' title='bbox 756 4563 845 4621; x_wconf 89' lang='lat' dir='ltr'><strong>suerit</strong></span> <span class='ocrx_word' id='word_1_394' title='bbox 866 4564 902 4620; x_wconf 87' lang='lat' dir='ltr'><strong>ad</strong></span> <span class='ocrx_word' id='word_1_395' title='bbox 918 4563 1077 4638; x_wconf 90' lang='lat' dir='ltr'><strong>quemlibet</strong></span> <span class='ocrx_word' id='word_1_396' title='bbox 1092 4583 1176 4621; x_wconf 90' lang='lat' dir='ltr'><strong>usum</strong></span> <span class='ocrx_word' id='word_1_397' title='bbox 1190 4562 1317 4623; x_wconf 89' lang='lat' dir='ltr'><strong>notitiae</strong></span> <span class='ocrx_word' id='word_1_398' title='bbox 1334 4565 1474 4637; x_wconf 72' lang='lat' dir='ltr'><strong>criminis</strong></span> 
     </span>
     <span class='ocr_line' id='line_1_46' title="bbox 401 4643 950 4718; baseline 0.002 -15"><span class='ocrx_word' id='word_1_399' title='bbox 401 4665 439 4703; x_wconf 91' lang='lat' dir='ltr'><strong>an</strong></span> <span class='ocrx_word' id='word_1_400' title='bbox 461 4644 612 4702; x_wconf 83' lang='lat' dir='ltr'><strong>etiamtum</strong></span> <span class='ocrx_word' id='word_1_401' title='bbox 633 4643 699 4718; x_wconf 84' lang='lat' dir='ltr'><strong>lege</strong></span> <span class='ocrx_word' id='word_1_402' title='bbox 721 4644 810 4718; x_wconf 86' lang='lat' dir='ltr'><strong>sigilli</strong></span> <span class='ocrx_word' id='word_1_403' title='bbox 831 4643 950 4718; x_wconf 85' lang='lat' dir='ltr'><strong>ligatus.</strong></span> 
     </span>
    </p>
   </div>
   <div class='ocr_carea' id='block_1_11' title="bbox 0 0 1526 5174">
    <p class='ocr_par' dir='ltr' id='par_1_12' title="bbox 0 0 1526 5174">
     <span class='ocr_line' id='line_1_47' title="bbox 0 0 1526 5174; baseline 0 0"><span class='ocrx_word' id='word_1_404' title='bbox 0 0 1526 5174; x_wconf 95' lang='lat' dir='ltr'><strong> </strong></span> 
     </span>
    </p>
   </div>
  </div>
 </body>
</html>
