3044 5174
151 345 216 409 342
288 395 296 415 ,
606 338 812 395 Sacramentum
829 341 1020 411 paenitentiae.

149 519 241 585 viora
257 539 357 584 causa
373 539 459 583 nunc
474 537 548 583 sese
563 522 775 602 opponentes,
800 537 931 582 sensum
947 517 1040 583 brevi
1055 522 1193 597 mutent,
1216 525 1366 586 mutuam
1382 520 1478 587 fidem

151 607 301 675 (tetulius
324 610 359 673 et
381 606 479 672 Anna
502 605 563 672 sibi
586 626 721 672 servare
744 610 891 690 possunt.

238 714 278 781 R.
304 716 333 780 2.
380 713 504 779 Verum
532 712 596 778 hae
625 713 833 780 visitationes
862 712 1052 796 frequentes
1083 716 1117 779 et
1146 713 1317 781 solitariae
1348 715 1478 781 omnino

148 802 395 870 interdicendae
425 805 518 880 sunt,
549 806 665 887 utpote
695 802 823 868 occasio
854 801 1005 887 proxima
1034 841 1079 850 -
1107 802 1140 867 id
1164 804 1251 886 quod
1282 804 1478 870 nouaclum

149 893 221 977 ipsa
250 892 299 958 rei
329 895 467 970 natura,
501 891 559 957 sed
590 891 697 958 tristis
721 892 821 959 etiam
844 891 1067 975 experientia,
1100 891 1219 958 saltem
1251 913 1312 976 pro
1337 893 1477 972 Getulio,

150 983 232 1048 satis
256 1002 418 1065 superque
441 980 596 1047 ostendit.
643 980 717 1046 Etsi
740 983 838 1047 Anna
860 982 1027 1068 hucusque
1051 981 1184 1060 restitit,
1210 985 1323 1047 tamen
1347 982 1477 1050 Getulio

150 1092 215 1136 non
229 1071 341 1137 licebit
356 1091 392 1136 se
407 1070 440 1134 in
457 1070 662 1136 occasionem
678 1069 861 1154 proximam
883 1069 1038 1154 peccandi
1062 1070 1222 1149 conicere,
1239 1091 1346 1152 neque
1361 1071 1478 1138 Annae

151 1159 236 1226 hano
260 1159 465 1226 occasionem
490 1159 619 1225 Getulio
642 1160 812 1243 praebere.
857 1159 960 1223 Immo
984 1180 1025 1224 ne
1048 1179 1108 1243 pro
1131 1160 1229 1225 Anna
1252 1159 1395 1242 quidem,
1419 1161 1479 1226 nisi

149 1248 193 1314 sit
215 1248 467 1334 probatissimae
491 1248 706 1326 constantiae,
731 1247 911 1332 periculum
934 1248 1050 1313 abesse
1066 1268 1194 1326 censeo,
1219 1269 1258 1314 eo
1281 1249 1370 1332 quod
1395 1250 1478 1316 desi·

149 1338 273 1405 derium
297 1337 438 1403 habendi
461 1341 635 1422 parentum
658 1358 837 1404 consensus
860 1337 1028 1404 stimulum
1051 1337 1180 1420 peccati
1202 1337 1238 1405 in
1259 1343 1376 1407 nostro
1401 1360 1477 1405 casu

150 1428 362 1495 vehementer
385 1432 518 1508 augeat.

237 1535 276 1599 R.
306 1535 336 1602 3.
384 1533 419 1599 Si
440 1537 553 1599 tamen
576 1531 752 1614 aliquando
776 1571 819 1582 -
842 1532 929 1614 quod
952 1553 1064 1598 rarum
1093 1552 1166 1598 esse
1189 1532 1288 1599 debat
1311 1569 1353 1580 -
1379 1555 1477 1618 quao-

149 1623 225 1688 dam
246 1622 429 1689 necessitas
451 1621 553 1688 fuerit
576 1620 722 1700 Getulio,
746 1621 903 1687 nonnulla
927 1642 1000 1686 cum
1023 1620 1121 1687 Anna
1144 1621 1422 1703 communicandi,
1446 1624 1476 1689 id

147 1711 266 1778 saltem
289 1715 350 1779 fiat
372 1711 550 1777 secundum
574 1730 623 1789 ea,
648 1731 732 1793 quae
748 1731 849 1795 supra
871 1710 949 1787 dixi,
974 1709 1100 1776 scilicet
1122 1714 1160 1777 ut
1174 1715 1338 1793 quaerant
1360 1711 1476 1792 locum,

149 1824 212 1883 quo
236 1800 293 1868 alii
316 1801 414 1868 facile
437 1800 595 1866 accedere
618 1803 757 1883 possunt
780 1800 948 1877 staulam,
974 1804 1008 1866 et
1023 1803 1061 1865 ut
1076 1801 1294 1878 conversatio,
1320 1807 1476 1884 quantum

149 1891 218 1956 fieri
248 1891 370 1976 possit,
402 1892 463 1955 fiat
491 1889 552 1955 sub
583 1888 685 1954 oculis
708 1889 862 1967 aliorum,
894 1911 925 1957 v.
950 1908 982 1970 g.
1014 1893 1228 1972 cognatorum
1251 1888 1381 1958 Annae.
1429 1891 1477 1959 ltu

148 1979 328 2064 periculum
351 1979 486 2045 liberius
510 1977 629 2060 egendi
652 1978 759 2060 magis
782 1978 846 2044 erit
869 1978 1049 2045 exclusum.
1080 1978 1219 2063 Insuper
1236 1978 1391 2046 Getulius
1413 2003 1479 2047 om·

148 2069 224 2134 nino
248 2069 427 2135 monendus
451 2072 518 2146 est,
550 2071 587 2133 ut
609 2072 769 2134 renovato
799 2067 1039 2151 non-peccandi
1070 2067 1238 2153 proposito
1269 2073 1305 2136 et
1328 2070 1478 2154 precibus

148 2159 190 2224 ad
223 2159 327 2224 Deum
360 2159 486 2223 sinemo
518 2155 693 2221 fundendis
724 2176 760 2221 se
790 2156 1016 2240 praemuniat,
1049 2157 1179 2239 quoties
1211 2177 1348 2224 necesse
1381 2159 1478 2226 fuerit

148 2268 303 2331 sponsam
327 2247 418 2313 adire
441 2247 494 2312 vel
519 2244 651 2328 alloqui.

548 2436 726 2504 occasio
750 2395 969 2502 rusclum
993 2435 1078 2520 (111).

714 2583 825 2651 casus.
845 2592 920 2660 (173)

240 2724 396 2785 Gertrudis
416 2724 515 2802 puella
536 2745 570 2784 se
589 2729 751 2801 praeparat
772 2725 810 2784 ad
837 2745 943 2785 munus
963 2724 1026 2784 ludi
1045 2724 1224 2800 magistra03
1255 2745 1314 2802 quo
1341 2729 1480 2805 suppleat

151 2806 296 2865 defectum
318 2806 402 2877 artis,
424 2805 540 2864 institui
562 2806 649 2864 debet
669 2805 809 2881 privatim
830 2805 860 2864 in
881 2805 995 2864 musica
1017 2825 1036 2864 a
1056 2805 1203 2865 communi
1224 2805 1411 2880 institutore,
1432 2809 1477 2886 qui

149 2887 180 2944 id
207 2888 244 2946 ob
265 2886 424 2945 amicitiam
446 2890 601 2963 parentum
623 2885 717 2960 gratis
738 2891 881 2962 praestat.
923 2885 1033 2944 Verum
1054 2886 1197 2962 paulatim
1218 2886 1311 2946 nimia
1332 2889 1478 2948 contrahi·

150 2972 199 3025 tur
219 2966 296 3025 inter
316 2967 400 3043 ipsos
422 2972 524 3024 mutua
544 2965 742 3036 familiaritas,
764 2966 893 3024 maxime
908 2985 973 3025 cum
989 2985 1046 3025 non
1062 2986 1130 3025 raro
1145 2965 1264 3025 accidat
1285 2973 1319 3026 ut
1340 2969 1400 3028 soli
1421 2969 1478 3028 sint
1505 2957 1514 2985 '

149 3047 227 3106 inter
248 3066 289 3106 se.
332 3047 487 3107 Gertrudis
508 3047 583 3105 nihil
604 3046 694 3104 audet
715 3046 822 3117 dicere,
844 3065 882 3104 ne
904 3066 935 3105 se
957 3047 1005 3105 vel
1027 3046 1122 3105 virum
1143 3046 1226 3105 illum
1247 3046 1385 3109 infamet.

149 3161 326 3232 Quaeramus
348 3163 377 3220 1⁰
398 3162 494 3239 qualis
516 3161 590 3220 haec
613 3159 762 3219 censenda
783 3159 823 3219 sit
844 3159 962 3218 occasio
985 3160 1136 3237 peccandi.

345 3263 374 3320 2ο
396 3260 464 3337 quid
486 3258 687 3320 confessarius
709 3258 815 3318 debeat
834 3258 1016 3336 praecipere.

744 3441 879 3509 Solutio.

88 3603 138 3658 601
239 3584 291 3647 An
315 3604 507 3659 Qunnsrrum
533 3586 570 3647 lun
594 3583 632 3649 R.
661 3586 688 3649 1.
735 3583 841 3648 Nemo
875 3604 940 3647 uon
971 3582 1062 3649 videt
1092 3583 1289 3650 Gertrudem
1319 3584 1355 3650 in
1388 3608 1480 3653 occa·

149 3672 240 3737 sione
262 3672 419 3756 peccandi
442 3693 562 3756 eaque,
592 3677 690 3756 prout
713 3692 798 3736 nunc
822 3674 888 3749 est,
920 3672 1071 3754 proxima
1102 3673 1244 3752 versari,
1276 3695 1344 3739 non
1368 3679 1478 3743 tamen

150 3761 280 3827 omnino
304 3762 416 3828 libera.
463 3762 550 3828 Nam
574 3782 647 3826 curn
670 3781 788 3825 munus
811 3759 878 3824 ludi
909 3760 1106 3843 magistrae,
1139 3761 1172 3826 in
1196 3782 1232 3827 se
1255 3763 1356 3847 plane
1380 3765 1478 3832 hone·

149 3854 246 3925 stum,
271 3873 330 3935 pro
354 3857 445 3918 statu
468 3851 559 3917 vitae
583 3849 729 3933 elegerit,
753 3849 786 3914 in
811 3849 951 3932 quadam
968 3850 1166 3916 necessitate
1190 3855 1251 3931 est,
1275 3857 1315 3919 ut
1332 3874 1409 3920 sese
1431 3856 1479 3920 in·

150 3942 339 4007 struendam
363 3945 456 4007 curet
479 3939 513 4004 in
536 3943 609 4005 arte
632 3938 772 4015 musica;
803 3943 839 4005 et
862 3939 1015 4020 quoniam
1038 3939 1089 4004 sui
1111 3939 1192 4005 iuris
1215 3942 1361 4008 nondum
1385 3946 1478 4029 plene

150 4031 203 4107 sit,
228 4031 285 4095 sed
308 4031 369 4095 sub
393 4029 593 4096 auctoritate
616 4032 800 4112 parentum,
825 4032 863 4094 ut
885 4049 928 4094 ax
952 4049 1030 4094 casu
1046 4028 1177 4096 videtur
1199 4030 1325 4096 desmui
1350 4032 1476 4110 debere,

150 4120 179 4184 ei
203 4119 394 4203 simpliciter
416 4119 553 4185 liberum
577 4121 719 4196 nonest,
745 4117 806 4182 sibi
823 4139 918 4199 quem
935 4118 1090 4184 maluerit
1105 4119 1228 4201 eligere
1243 4120 1475 4189 institutorem.
1515 4150 1518 4157 ·

238 4222 276 4287 R.
303 4225 332 4287 2.
381 4221 517 4286 Occasio
540 4221 598 4285 illa
622 4243 686 4285 non
710 4225 762 4287 est
791 4225 904 4286 tamen
933 4220 1127 4303 simpliciter
1156 4222 1344 4290 necessaria
1376 4246 1475 4308 neque

150 4311 333 4376 necessario
357 4311 523 4395 proxima;
549 4332 622 4375 cum
646 4331 688 4375 ex
711 4332 776 4375 una
792 4315 887 4394 parte
910 4331 974 4374 non
997 4310 1041 4376 sit
1067 4313 1259 4397 impossibile
1273 4317 1408 4381 mutare
1428 4316 1474 4381 in-

150 4400 348 4478 st'tutorem,
373 4422 478 4481 neque
501 4421 543 4465 ex
568 4400 675 4465 altera
698 4403 793 4483 parte
816 4399 1017 4483 impossibile
1036 4401 1241 4467 occasionem
1264 4403 1405 4471 reddere
1427 4425 1472 4470 ro·

151 4493 282 4556 motam.
330 4490 382 4556 Ad
407 4494 540 4556 alteram
563 4489 664 4572 igitur
688 4488 912 4570 quaestionem
935 4488 1100 4555 transiens

88 4636 140 4689 602
240 4616 292 4679 An
316 4635 507 4689 oonssmuu
531 4618 569 4677 2¹¹¹
593 4615 631 4680 R.
660 4616 688 4679 1.
721 4613 926 4678 Alterutrum
950 4613 1019 4677 fieri
1044 4614 1151 4691 debet,
1177 4617 1215 4680 ut
1231 4618 1289 4680 aut
1308 4615 1469 4687 institutor
1507 4640 1510 4649 ·

149 4701 182 4766 in
207 4707 279 4770 arte
303 4704 427 4769 musica
450 4707 605 4781 mutetur,
631 4706 689 4767 aut
713 4701 840 4767 occasio
865 4702 1022 4766 reddatur
1044 4706 1183 4770 remota.
1230 4703 1293 4781 Qui
1315 4704 1468 4790 postadun

1404 4908 1464 5135 l
