3044 5174
170 277 210 342 18
619 272 659 326 Do
677 272 856 326 sacramentis
874 272 1033 340 generatim.

167 471 242 518 cere
265 471 331 516 non
353 450 439 517 tanti
470 453 522 516 est
551 449 674 532 negotii
705 469 811 531 neque
833 449 955 515 homini
978 449 1104 515 sincere
1134 449 1324 533 procedenti
1347 470 1408 535 per
1430 451 1490 516 Dei

166 540 309 624 gratiam
333 540 415 605 adeo
439 538 580 605 difficile.
624 539 710 604 Hinc
732 538 913 604 timendum
936 543 988 604 est
1016 559 1058 604 ne
1081 538 1187 604 Titius
1210 539 1383 622 angustias
1407 543 1490 606 tem·

165 630 254 714 poris
285 629 505 712 praetendens
537 629 647 693 fucum
679 627 797 700 faciat:
831 626 929 709 idque
961 627 1060 693 etiam
1093 627 1198 694 relate
1230 629 1272 693 ad
1305 633 1488 695 extremam

166 718 361 785 unctionem.
393 718 497 783 Multo
520 717 626 799 magis
648 717 754 783 relate
777 716 819 782 ad
836 717 1016 801 baptismos
1031 717 1170 783 collatos
1185 717 1372 802 putaverim
1395 739 1489 802 prac-

166 808 232 874 tice
255 828 330 872 eum
353 827 373 872 a
396 806 492 888 gravi
516 809 651 890 peccato
675 805 827 872 excusari
850 826 914 871 non
937 827 1044 889 posse.

121 930 156 984 25
254 915 293 980 R.
319 916 349 979 3.
382 912 586 996 Baptismum
618 913 783 996 privatum
814 912 1022 979 necessitatis
1053 911 1260 978 committens
1289 912 1362 979 viro
1394 913 1487 987 laico,

165 1003 259 1085 cique
282 1003 391 1086 impie,
416 1001 597 1068 evitavitne
620 1023 698 1068 vere
713 1007 884 1086 peccatum
900 1002 1049 1080 mortale,
1075 1001 1160 1084 quod
1176 1001 1393 1068 ministrando
1410 1005 1488 1088 bap-

165 1092 297 1158 tismum
321 1091 560 1156 commisisset?

253 1181 390 1258 Fateor,
421 1180 450 1245 si
480 1181 641 1261 agebatur
671 1179 710 1244 de
740 1179 935 1263 baptizando
965 1178 1091 1246 infante
1121 1179 1208 1244 inter
1235 1177 1342 1263 ipsam
1372 1181 1486 1246 matris

167 1270 360 1346 sectionem,
385 1290 424 1334 eo
448 1269 534 1352 quod
558 1269 598 1333 de
621 1268 692 1336 vita
714 1268 800 1334 illico
823 1267 1088 1352 periclitabatur,
1119 1268 1280 1334 rationem
1303 1268 1485 1335 habendam

166 1359 266 1424 fuisse
289 1358 421 1443 pudori,
452 1363 487 1423 et
517 1358 643 1424 exhac
667 1362 859 1424 causatum
884 1357 992 1442 potius
1023 1357 1174 1439 chirurgo
1202 1378 1300 1439 quam
1323 1358 1484 1425 sacerdoti

165 1447 431 1515 committendam
455 1468 528 1512 esse
551 1447 704 1531 baptismi
729 1447 945 1514 collationem.
978 1447 1015 1512 Id
1032 1466 1187 1530 expresse
1213 1446 1291 1512 dicit
1307 1447 1483 1513 Lacroix

166 1538 188 1603 l.
214 1541 249 1614 6,
280 1559 311 1620 p.
341 1537 368 1613 l,
399 1558 430 1603 n.
465 1538 527 1601 277
560 1537 600 1601 de
623 1535 839 1620 praeferenda
861 1535 1002 1601 femina:
1037 1535 1203 1617 ,Denique
1227 1535 1255 1600 si
1277 1535 1389 1601 infans
1412 1558 1482 1602 nec·

165 1626 240 1691 dum
264 1625 415 1691 totaliter
438 1645 591 1707 egressus
615 1647 657 1690 ex
681 1629 776 1691 utero
799 1625 844 1690 sit
866 1625 1097 1709 baptizandus,
1130 1624 1248 1690 mulier
1269 1625 1483 1708 praeferenda

165 1721 216 1782 est
240 1714 429 1796 cuicumque
453 1715 534 1792 viro,
560 1714 658 1779 etiam
675 1714 806 1799 proprio
823 1714 975 1798 parocho,
1000 1714 1047 1779 sic
1064 1713 1149 1778 enim
1166 1713 1271 1795 exigit
1289 1712 1481 1787 honestae“;

165 1825 264 1885 quam
293 1803 490 1870 sententiam
516 1803 546 1868 S.
571 1803 685 1887 Alph.
711 1803 775 1881 VI,
812 1806 872 1868 117
907 1803 988 1869 facit
1011 1823 1114 1868 suam.
1161 1804 1214 1867 Ex
1244 1803 1317 1886 pari
1347 1804 1480 1881 ratione,

165 1895 249 1975 quod
282 1893 394 1959 dicunt
418 1893 457 1957 de
483 1892 617 1969 femina,
649 1892 786 1958 dixerim
811 1892 843 1956 in
869 1897 982 1959 nostra
1005 1891 1228 1975 suppositione
1258 1890 1298 1956 de
1322 1892 1480 1975 chirurgo,
1509 1946 1513 1955 .

163 1982 192 2047 si
215 1982 310 2047 modo
334 1981 452 2046 confidi
475 1981 598 2066 possit,
623 1981 694 2047 fore
718 1986 755 2047 ut
778 1981 841 2046 rite
864 1981 973 2046 omnia
995 1985 1144 2064 praestet
1167 2001 1251 2063 quae
1275 1981 1317 2046 ad
1340 1982 1480 2047 validum

163 2071 360 2155 baptismum
384 2070 450 2138 sint
475 2070 668 2136 necessaria.

251 2168 375 2233 Verum
405 2169 489 2234 hanc
522 2168 681 2234 rationem
712 2166 844 2251 pudoris
868 2166 974 2233 Titius
1003 2167 1190 2234 nullatenus
1219 2166 1341 2249 tetigit.
1390 2168 1479 2234 Unde

164 2258 419 2322 concludendum
442 2257 573 2322 videtur
596 2257 702 2321 locum
726 2256 878 2322 habuisse
901 2255 1099 2340 baptismum
1122 2256 1257 2322 infantis
1285 2256 1381 2341 plene
1404 2257 1478 2333 nati,
1511 2300 1516 2337 ,

164 2368 268 2429 neque
284 2347 428 2412 adfuisse
445 2347 621 2429 pericnlum
640 2345 816 2410 emoriendi
832 2350 909 2411 ante
925 2345 1133 2411 nativitatem
1150 2345 1341 2429 perfectam.
1379 2344 1479 2422 Quare
1513 2358 1520 2431 'j

164 2436 276 2501 valere
300 2435 412 2501 debuit
435 2436 551 2517 regula
573 2434 715 2500 Ritualis
738 2433 826 2499 circa
848 2434 1046 2518 baptismum
1069 2434 1292 2500 necessitatis:
1321 2433 1375 2512 ,Si
1399 2435 1479 2500 adsit
1510 2382 1520 2501 i

163 2525 326 2602 sacerdos,
352 2525 488 2589 diacono
511 2524 727 2607 praeferatur,
753 2523 907 2588 diaconus
930 2524 1139 2602 subdiacono,
1164 2524 1300 2589 clericus
1323 2523 1426 2603 laico,
1449 2527 1478 2589 et
1511 2514 1520 2581 l

164 2614 215 2678 vir
238 2614 389 2691 feminae,
415 2617 510 2691 eto.“;
536 2613 576 2678 de
599 2634 664 2694 qua
688 2613 802 2694 regula
825 2617 920 2678 notat
943 2613 975 2678 S.
998 2612 1113 2696 Alph.
1137 2612 1158 2678 l.
1184 2633 1229 2689 c.,
1254 2634 1296 2677 ex
1319 2613 1477 2679 sententia
1510 2580 1515 2675 Ι

163 2703 292 2767 omnino
317 2702 487 2778 communi,
512 2723 583 2768 eam
600 2702 795 2786 praescripti
811 2701 932 2767 ordinis
948 2701 1189 2785 perversionem
1206 2722 1270 2783 qua
1285 2701 1390 2767 laicus
1405 2723 1477 2787 prae
1512 2724 1520 2753 ‘-

161 2792 332 2857 sacerdote
361 2791 506 2875 baptizet
536 2812 608 2857 esse
642 2799 801 2877 peccatum
831 2794 979 2856 mortale:
1013 2795 1065 2868 ,et
1095 2791 1167 2855 idco
1199 2791 1298 2857 etiam
1330 2792 1477 2857 sacerdos
1518 2832 1520 2836 -

161 2881 311 2965 graviter
334 2885 503 2964 peccaret,
534 2880 562 2945 si
586 2880 669 2946 laico
693 2880 1008 2946 administrationem
1039 2880 1199 2945 cederet.“
1250 2880 1338 2962 Ergo
1370 2881 1476 2964 praxis

160 2970 238 3036 Titii
262 2992 326 3035 non
350 2974 423 3035 erat
446 2975 500 3035 via
524 2969 682 3034 evadendi
714 2970 772 3034 sed
802 2969 987 3034 incurrendi
1020 2968 1149 3052 peccati
1172 2968 1320 3034 mortalis
1343 2976 1476 3036 reatum.
1511 3012 1514 3023 ·

250 3069 400 3134 Ceterum
424 3067 457 3132 in
480 3071 593 3132 nostro
623 3088 701 3133 casu
724 3088 789 3132 non
820 3067 937 3133 aderat
966 3071 1061 3133 tanta
1092 3087 1191 3131 causa
1222 3067 1401 3148 quaerendi
1423 3068 1477 3132 hoe
1506 3036 1515 3131 i

161 3158 334 3239 effugium,
360 3177 424 3238 quo
448 3156 630 3222 evitaretur
653 3160 822 3240 peccatum
847 3176 959 3237 grave.
1003 3155 1136 3220 Minime
1160 3155 1245 3219 enim
1269 3160 1403 3223 constat
1425 3156 1476 3221 ad·

161 3247 341 3312 ministrari
365 3245 562 3330 baptismum
586 3245 751 3328 privatum
775 3245 982 3310 necessitatis
1006 3246 1047 3310 ab
1071 3265 1125 3320 ee,
1158 3243 1213 3325 qui
1235 3244 1268 3309 in
1292 3249 1385 3311 statu
1408 3266 1477 3330 pec-

161 3335 227 3400 cati
250 3341 318 3413 est,
351 3355 423 3400 csse
447 3356 489 3399 ex
512 3356 547 3399 se
571 3356 691 3399 novum
714 3339 884 3418 peccatum
910 3355 1023 3415 grave.
1070 3335 1179 3415 Atque
1210 3333 1242 3397 in
1267 3334 1329 3398 hac
1353 3355 1389 3399 re
1413 3338 1477 3400 turn

160 3424 266 3490 Titius
291 3429 359 3490 tum
383 3423 554 3506 chirurgus
583 3424 615 3487 in
640 3423 770 3506 aequali
799 3423 987 3488 condicione
1017 3422 1230 3505 probabiliter
1254 3424 1476 3489 versabantur.

160 3514 298 3580 Frustra
328 3513 429 3594 igitur
462 3513 633 3595 chirurgus
668 3513 917 3596 praeferebatur
949 3511 1045 3577 Titio.
1099 3511 1262 3576 Nimirum
1295 3511 1327 3579 S.
1362 3513 1476 3597 Alph.

160 3602 180 3668 l.
206 3624 233 3669 c.
257 3625 288 3668 n.
312 3605 354 3667 32
378 3601 525 3686 praefert
548 3601 677 3684 quidem
701 3601 901 3685 opinionem,
926 3622 1009 3684 quae
1033 3605 1125 3667 tenet
1149 3598 1310 3666 obiective
1333 3603 1477 3683 graviter
1507 3606 1516 3741 ί

160 3691 288 3776 peccari
311 3692 381 3757 sive
406 3713 425 3756 a
449 3691 532 3757 laico
556 3691 627 3756 sive
650 3713 670 3756 a
694 3691 881 3766 sacerdote,
913 3690 1022 3772 quiin
1046 3695 1135 3755 statu
1167 3689 1294 3773 peccati
1318 3692 1477 3758 exsistens

160 3781 357 3864 baptismum
382 3781 481 3846 etiam
504 3780 670 3865 privatum
693 3784 821 3845 tantum
846 3779 1011 3856 conferat;
1040 3800 1153 3843 verum
1177 3778 1380 3862 prohabilem
1405 3780 1478 3846 dicit
1506 3744 1515 3896 i

161 3870 357 3935 contrariam
393 3870 601 3936 sententiam.
648 3869 752 3946 Quam
783 3868 999 3942 sententiam,
1036 3889 1119 3951 quae
1155 3873 1206 3934 est
1241 3869 1272 3934 S.
1305 3868 1477 3935 Thomas

56 3994 57 3999 κ
160 3959 404 4042 Aquinatis,
435 3980 515 4023 saue
538 3963 673 4042 propter
695 3959 799 4023 solam
823 3956 1056 4023 auctoritatem
1080 3957 1185 4022 Titius
1214 3957 1360 4040 practice
1390 3980 1477 4024 assu·

160 4069 249 4113 mere
265 4048 381 4131 potuit.
415 4048 525 4113 Verba
538 4048 689 4112 Doctoris
706 4046 855 4128 Angelici
871 4051 948 4112 sunt
964 4047 1045 4111 haec
1061 4045 1207 4124 (Saturnio
1223 4048 1311 4111 theol.
1330 4051 1361 4125 3,
1379 4069 1410 4129 q.
1429 4050 1476 4122 64,

160 4158 188 4203 a.
216 4141 251 4212 6,
278 4137 320 4202 ad
343 4138 393 4218 3):
424 4136 478 4214 ,In
502 4137 640 4202 articulo
663 4141 775 4200 tamen
799 4136 1006 4202 necessitatis
1030 4157 1094 4199 non
1117 4141 1272 4219 peccaret
1297 4132 1476 4221 [sacerdos]

159 4227 354 4310 baptizando
378 4229 412 4291 in
437 4249 512 4291 cusu
531 4231 563 4290 in
580 4249 640 4311 qno
658 4229 749 4289 etium
764 4234 865 4310 posset
889 4228 990 4290 loiccs
1007 4227 1170 4309 baptizare
1177 4248 1190 4304 ,·
1213 4224 1259 4289 sic
1275 4225 1361 4289 enim
1378 4230 1475 4308 patet,
1519 4220 1520 4255 ³

160 4317 245 4396 quod
269 4337 332 4380 non
356 4337 391 4381 se
415 4316 585 4380 exhiberet
608 4315 792 4379 ministrum
816 4315 999 4392 Ecclesiae,
1031 4314 1088 4378 scd
1118 4315 1308 4379 subveniret
1339 4315 1475 4381 necessi·
1505 4340 1514 4449 1

159 4410 261 4471 tatem
286 4405 454 4488 patienti.“
1506 4472 1515 4498 ι

1516 1338 1520 1353 1

115 4546 148 4598 26
248 4530 299 4591 An
324 4550 514 4603 ouansmun
539 4531 577 4591 3⁰¹
601 4548 642 4591 ex
667 4526 760 4591 dietis
784 4533 877 4609 patet
900 4549 1100 4609 responsum.
1149 4526 1316 4592 Breviter:
1503 4501 1516 4796 ι

248 4635 285 4700 R.
314 4639 340 4701 1.
366 4636 467 4700 Caute
490 4635 593 4710 vivat,
618 4654 658 4697 ne
682 4655 835 4715 umquam
859 4633 983 4698 recidat
1007 4634 1039 4696 in
1063 4638 1231 4715 peceatum
1256 4635 1406 4702 mortale.

1509 4802 1518 4935 l

1502 4940 1515 5138 t
