3044 5174
354 304 470 359 Materia
489 304 628 374 proxima:
647 304 781 358 confessio
801 333 833 342 -
854 39 1205 370 A
1318 302 1381 365 217

76 485 179 548 catur.
213 481 304 559 Quae
324 480 505 548 materialis
521 481 687 565 inquisitio
710 482 874 566 prohibita
897 502 962 546 non
986 479 1176 556 est31immo
1199 498 1263 542 non
1288 477 1385 542 debet

76 570 173 649 mitti,
199 571 359 654 siquidem
384 571 494 653 agitur
517 571 557 636 dc
581 571 808 653 cognoscendo
840 574 976 654 peceato
1007 573 1162 650 statuque
1185 566 1384 650 paenitentis

76 664 156 743 tque
180 660 223 725 de
247 660 441 726 necessariis
464 661 616 725 remediis
641 661 910 744 praescribendis

143 766 185 832 R.
212 770 243 834 2.
290 766 475 849 Aliquando
500 767 600 832 etiam
625 767 771 832 formalis
795 766 961 849 inquisitio
990 763 1157 848 complicis
1181 762 1250 827 fieri
1273 767 1385 846 potest

76 855 230 934 scebet,
255 877 320 921 non
344 878 365 922 a
388 856 588 921 confessario
614 878 678 939 qua
700 856 777 935 tali,
802 856 859 921 sed
883 856 911 921 si
934 854 1020 921 forte
1045 852 1264 920 confessarius
1287 851 1383 917 simul

76 945 179 1010 calio
210 965 345 1010 munere
375 945 574 1011 constitutus
604 951 671 1023 est,
703 966 745 1010 ex
776 967 839 1028 quo
870 944 1051 1010 necessitas
1081 943 1186 1008 oritur
1214 941 1385 1006 habendae

76 1033 225 1118 omplicis
249 1034 397 1111 notitiae,
422 1038 456 1099 et
479 1035 636 1116 obligatio
660 1034 859 1118 paenitentis
883 1034 924 1100 ad
947 1034 1031 1098 hanc
1055 1031 1208 1097 notitiam
1232 1030 1383 1096 dandam.

76 1121 148 1198 luod
172 1125 248 1207 ipsa
271 1123 463 1190 constitutio
485 1124 632 1190 Bened.
651 1124 728 1188 XIV
751 1123 886 1190 innuere
903 1123 1042 1198 videtur,
1067 1142 1140 1187 cum
1165 1123 1385 1201 conqueratur

76 1211 101 1277 le
127 1213 168 1278 iis
200 1213 257 1296 qui
286 1213 348 1278 hac
378 1213 411 1277 in
441 1234 477 1278 re
504 1214 611 1296 falsos
644 1221 672 1278 ct
703 1235 851 1279 erroneos
881 1215 1044 1298 optationes
1073 1217 1248 1297 seqrccntor
1271 1213 1306 1275 et
1329 1208 1385 1291 qui

76 1322 148 1368 ieros
172 1311 202 1368 et
224 1324 325 1369 sonos
347 1305 430 1368 mole
454 1306 620 1388 applicent.

145 1425 201 1490 An
225 1445 416 1502 ouansrruu
441 1427 479 1489 3¹¹¹
502 1425 541 1491 R.
562 1427 590 1492 1.
636 1424 801 1490 Robertus
824 1423 874 1490 ius
897 1423 1029 1500 habuit,
1062 1427 1098 1489 ut
1128 1422 1188 1487 sibi
1213 1427 1384 1506 corruptor
1393 1434 1444 1488 371

76 1513 115 1578 lle
135 1513 347 1592 indicaretur,
372 1512 434 1578 nisi
457 1514 544 1580 forte
567 1515 609 1579 ad
625 1514 775 1581 altiorem
792 1513 993 1598 superiorem
1009 1511 1130 1578 delatio
1146 1513 1250 1578 fieret.
1282 1512 1384 1578 Recte

76 1601 158 1684 igitur
188 1603 327 1686 negavit
349 1603 588 1669 absolutionem
611 1603 641 1668 ei
672 1602 835 1685 quinctio
865 1605 957 1668 modo
984 1622 1089 1684 neque
1116 1600 1178 1666 sibi
1201 1621 1305 1682 neque
1329 1600 1385 1666 alii

76 1692 220 1776 superiori
245 1692 449 1757 seductorem
474 1692 578 1758 voluit
607 1692 761 1758 indicare.
808 1691 929 1774 Agitur
952 1691 1036 1756 eninr
1070 1691 1110 1756 de
1133 1690 1309 1756 multorum
1332 1710 1385 1756 se·

76 1779 194 1848 ductore
217 1786 253 1848 et
276 1783 316 1848 de
339 1782 423 1847 bono
448 1781 618 1848 communi.

147 1888 187 1954 R.
212 1891 243 1954 2.
274 1888 383 1953 Minus
406 1893 497 1955 recte
521 1888 599 1971 egit,
624 1887 651 1953 si
675 1888 815 1954 obsolute
837 1889 899 1953 sibi
919 1886 1023 1953 voluit
1045 1887 1144 1952 istum
1160 1885 1382 1951 manifestari:

76 1973 171 2044 debuit
193 1977 297 2060 igitur
318 1977 518 2061 paenitentis
542 1977 677 2043 arbitrio
700 1976 733 2042 id
752 1977 944 2059 relinquere.
976 1977 1079 2040 Immo
1095 1975 1123 2040 si
1140 1974 1255 2041 maluit
1270 1975 1383 2058 paeni-

77 2066 135 2131 tens
155 2066 302 2133 Roberto
325 2088 395 2132 rem
417 2066 641 2144 manifestare,
666 2066 847 2133 consultius
871 2069 944 2132 erat
967 2064 1164 2131 delationem
1188 2068 1284 2130 extra
1306 2084 1383 2129 con-

77 2152 232 2221 fessionem
257 2156 419 2239 excipere.
466 2155 684 2221 Nihilominus
714 2177 816 2238 usque
847 2156 888 2221 ad
910 2156 1031 2237 sactum
1061 2153 1257 2219 delationem
1286 2155 1383 2219 abso·

78 2240 140 2310 lotio
162 2245 271 2329 potuit
294 2245 424 2312 differri.

463 2444 698 2511 CONFESSIO
723 2443 981 2511 GENERALIS.

620 2610 730 2676 Casus.
749 2617 826 2685 (109)

148 2753 326 2813 Cunibertus
347 2752 578 2829 neo-parochus,
602 2771 667 2811 cum
689 2752 906 2812 animadvertat
925 2772 985 2811 non
1006 2772 1114 2829 parvos
1136 2755 1245 2813 abusus
1266 2753 1296 2811 in
1318 2771 1383 2829 par·

79 2831 148 2890 oehia
169 2852 237 2892 esse
259 2832 461 2903 eliminandos,
484 2851 585 2892 omnes
607 2833 804 2909 parochianos
826 2853 896 2892 suos
918 2839 1004 2909 urget
1026 2834 1063 2893 ad
1083 2833 1294 2893 instituendam
1316 2852 1383 2891 con·

76 2907 222 2972 sessionem
244 2913 422 2988 generalem.
465 2913 528 2984 Quo
549 2912 656 2971 fortius
678 2918 800 2988 urgeat,
829 2913 951 2990 exponit
970 2914 1000 2972 in
1023 2913 1161 2973 contione
1189 2913 1252 2972 eius
1273 2912 1383 2971 utilita-

76 2991 119 3052 lem
140 2999 170 3052 et
191 2993 401 3053 necessitatem
422 3012 481 3052 non
503 2994 596 3052 solum
618 3012 671 3070 pro
699 2993 736 3052 iis
763 2994 813 3070 qui
841 3000 965 3070 peccata
993 2994 1181 3064 reticuerint,
1213 2993 1264 3051 sed
1293 2992 1382 3051 etiam

76 3072 109 3146 {ui
127 3073 158 3133 in
179 3078 306 3151 peccata
334 3092 388 3132 sua
414 3073 525 3149 relapsi
553 3073 671 3132 fuerint.
712 3074 874 3151 Excipiens
902 3094 971 3133 vero
999 3074 1154 3150 generales
1182 3073 1384 3132 confessiones

76 3160 105 3212 *st
126 3154 203 3213 satis
224 3173 348 3213 severus
362 3153 393 3212 in
410 3153 556 3228 exigenda
570 3153 752 3229 integritate,
773 3155 816 3214 ita
830 3160 864 3214 ut
878 3157 1045 3231 complures
1065 3154 1162 3232 palam
1177 3153 1382 3230 obloquantur,

76 3253 90 3292 n
110 3235 254 3294 missione
276 3238 346 3292 ante
367 3233 480 3310 aliquot
500 3253 595 3293 annos
616 3234 833 3294 missionarium
855 3240 886 3293 et
905 3235 1031 3311 priorem
1046 3234 1204 3312 parochum
1227 3240 1383 3293 contentos

76 3315 150 3374 uisse
173 3314 334 3374 summaria
356 3313 556 3386 accusatione,
579 3314 605 3374 si
626 3315 711 3373 modo
732 3315 892 3391 praecipua
913 3321 1037 3392 peccata
1059 3314 1289 3374 declararentur.

76 3433 238 3498 lunsnrrun
261 3431 289 3487 1⁰
311 3428 417 3568 (Ῑυίὶέυε
445 3429 770 3567 οοηίῧεείοᾶςθηοηῆε
799 3429 839 3489 sit
866 3429 1057 3506 imponenda,
1087 3431 1193 3506 quibus
1222 3429 1381 3500 suadenda,
1488 3461 1492 3469 s

311 3508 360 3584 qui
382 3529 417 3568 us
438 3509 516 3568 inter
536 3509 600 3567 icen
623 3529 648 3568 a.

261 3609 292 3664 2⁰
312 3625 388 3683 quse
408 3606 563 3666 methodus
585 3613 616 3666 et
636 3626 712 3682 quae
733 3607 892 3683 integritas
913 3607 953 3666 sit
973 3609 1129 3668 servanda.

261 3706 291 3763 3ο
312 3711 431 3764 rectene
452 3705 547 3781 egerit
568 3705 753 3765 Cunibertus.

654 3896 789 3964 Salutio.

146 4039 202 4105 An
226 4057 417 4113 oonssrruu
444 4040 481 4101 1¹¹²
504 4037 543 4104 R.
564 4041 591 4104 1.
623 4039 745 4104 Perse
768 4038 890 4122 imponi
914 4040 1012 4106 debet
1036 4041 1196 4106 confessio
1220 4040 1383 4123 generalis
1393 4050 1445 4103 372

76 4153 102 4208 s,
129 4128 239 4210 iisque
261 4125 350 4204 solis,
375 4125 430 4207 qui
453 4126 595 4192 invalide
619 4128 759 4194 confessi
783 4134 875 4195 sunt:
907 4129 940 4194 hi
964 4131 1048 4195 enim
1073 4151 1185 4196 omnes
1209 4130 1282 4195 illas
1306 4151 1382 4194 con·

76 4219 219 4287 sssiones
242 4214 405 4280 invalidas
434 4221 586 4300 repetere
615 4217 751 4294 debent;
786 4217 841 4282 alii
872 4225 982 4286 autem
1015 4221 1055 4285 ad
1086 4220 1282 4303 repetendas
1306 4239 1383 4283 oon-

76 4307 220 4376 sssiones
244 4304 317 4387 cogi
340 4311 514 4386 nequeunt,
539 4305 615 4389 quia
638 4306 700 4372 rite
724 4307 892 4373 confessus
916 4314 949 4375 et
973 4309 1140 4375 absolutus
1164 4330 1228 4374 non
1252 4312 1384 4375 tenetur

76 4416 215 4480 mquam
239 4394 343 4459 denuo
367 4415 403 4459 se
425 4395 555 4461 illorum
577 4401 786 4480 peecatorum
810 4418 975 4464 accusare.

145 4484 235 4551 Hine
271 4483 434 4568 obligandi
470 4488 547 4550 sunt
586 4485 618 4566 1)
651 4484 704 4567 qui
742 4486 829 4550 mala
861 4487 924 4551 fide
960 4492 1130 4570 peccatum
1163 4485 1381 4560 reticueruut;

76 4584 85 4653 t
112 4573 173 4659 qui
197 4573 269 4638 sine
291 4592 370 4637 vero
394 4572 505 4638 dolore
529 4579 562 4640 et
585 4574 752 4659 proposito
778 4573 918 4639 confessi
943 4580 1027 4650 sunt,
1054 4598 1091 4641 eo
1111 4576 1196 4659 quod
1219 4574 1384 4640 noluerint
1444 4616 1446 4622 ι

76 4670 197 4734 cecata
221 4661 339 4745 grevia
360 4666 469 4728 vitare
485 4665 538 4728 vel
563 4685 698 4745 gravem
723 4661 865 4745 aliquam
883 4663 1114 4746 obligationem
1131 4665 1275 4750 implere,
1300 4685 1332 4731 v.
1350 4686 1381 4747 g.
