3044 5174
274 308 400 364 Minister
418 310 518 380 poenit.
539 340 570 347 -
591 308 713 379 sigillum
731 314 894 364 sacrament.
916 340 948 348 -
968 310 1026 364 eins
1044 309 1164 364 violatio.
1321 313 1385 376 315

53 484 146 544 Caius
168 505 229 544 non
250 484 367 544 videtur
386 486 572 563 percepisse,
593 505 631 545 ex
652 506 709 562 qua
730 487 838 547 solutio
860 506 948 546 casus
970 486 1088 547 omnino
1110 487 1267 562 penderet,
1296 492 1386 562 atque

54 566 95 624 ite
118 566 208 624 iuvat
229 571 262 625 ut
283 571 365 624 certa
386 571 417 624 et
436 573 520 625 recta
542 567 627 627 detur
648 586 736 625 casus
758 566 874 628 solutio.

57 670 239 740 Quasmrua
261 672 289 730 1⁰
310 671 464 748 possintne
486 665 542 731 duo
564 673 694 732 eiusdem
716 674 895 749 paenitentis
923 674 1100 735 confessarii
1121 674 1157 733 de
1178 674 1265 732 huius
1286 673 1385 750 paeni·

314 752 406 811 tentis
427 758 550 829 peccato
571 752 688 828 utrique
710 759 781 812 noto
802 754 881 813 inter
902 775 933 814 se
956 754 1091 831 colloqui.

262 832 293 890 2⁰
312 832 479 908 potueritne
500 833 595 892 Titius
617 832 719 892 Caium
740 853 827 910 porro
849 834 960 907 audire,
982 855 1021 893 an
1040 835 1103 893 eius
1118 834 1318 893 narrationem
1339 832 1386 891 de·

314 912 413 971 buerit
432 913 647 989 praescindere.

261 992 292 1051 3⁰
312 997 432 1052 rectene
460 992 643 1071 suppleverit
669 992 805 1054 notitiam
834 994 1004 1054 essentialis
1025 993 1105 1053 illius
1133 992 1385 1053 circumstantiae.

655 1176 791 1243 Solutio.

149 1299 204 1362 An
227 1319 419 1374 qusnsrrnu
445 1302 482 1363 1¹¹·
505 1299 545 1366 R.
591 1301 641 1365 De
670 1299 798 1366 obiecto
828 1300 1078 1366 sacramentalis
1108 1300 1322 1365 confessionis
1345 1315 1449 1371 nesse

58 1408 133 1452 cum
164 1386 355 1470 paenitente
386 1387 515 1471 quidem
546 1388 616 1454 sine
647 1389 717 1453 eius
745 1389 878 1456 licentia
908 1389 1127 1455 confessarius
1157 1389 1245 1471 loqui
1275 1393 1386 1472 potest

58 1476 121 1541 nisi
152 1476 186 1540 in
216 1475 436 1553 confessione;
468 1477 589 1560 alioqui
618 1477 650 1542 id
682 1499 800 1559 magno
824 1478 933 1543 rubon'
964 1498 1038 1543 esse
1060 1483 1172 1562 potest
1194 1479 1385 1562 paenitenti.

58 1570 88 1631 A
105 1564 244 1631 fortiore
261 1566 315 1630 lex
330 1564 429 1647 sigilli
452 1571 556 1644 vetat,
580 1587 621 1631 ae
644 1587 718 1631 cum
734 1568 838 1632 altero
855 1566 1065 1644 confessario,
1090 1567 1152 1632 etsi
1171 1567 1226 1631 ille
1250 1568 1386 1632 eandem

58 1655 334 1720 sacramentalem
358 1654 509 1720 notitiem
539 1656 677 1733 habeat,
710 1677 816 1721 sermo
847 1657 886 1721 de
916 1656 976 1722 tali
999 1677 1036 1721 re
1066 1656 1268 1722 instituatur.
1315 1657 1386 1722 La·

59 1743 178 1809 croix
201 1744 222 1809 l.
247 1764 274 1809 c.
299 1765 330 1811 n.
358 1745 452 1809 1953.

148 1830 244 1897 Addo
266 1832 400 1916 insuper
422 1832 599 1915 periculum
624 1854 706 1910 esse,
731 1854 772 1897 ne
795 1833 880 1900 alter
903 1832 999 1898 alteri
1022 1833 1301 1899 circumstantiam
1324 1833 1385 1916 ipsi

58 1922 247 2004 ignoratam
278 1921 508 1999 communicet,
544 1925 643 2003 atque
674 1922 721 1986 ita
755 1923 854 1989 etiam
885 1922 1020 2004 gravius
1050 1922 1193 2004 sigillum
1223 1922 1384 1989 laedatur.

59 2011 147 2077 Nam
178 2011 326 2075 accidere
355 2015 481 2094 potest,
513 2015 550 2077 ut
578 2012 749 2095 paenitens
779 2011 819 2076 de
849 2011 962 2077 eodem
993 2010 1123 2093 quidem
1152 2016 1288 2094 peccato
1312 2032 1385 2076 cum

59 2104 201 2182 utroque
224 2099 425 2165 confessario
447 2099 576 2165 locutus
598 2100 652 2178 sit,
678 2101 735 2165 sed
759 2121 823 2165 non
846 2121 959 2165 omnes
975 2121 1081 2183 neque
1099 2098 1231 2166 easdem
1248 2099 1386 2165 circurn-

59 2188 203 2255 stantias
226 2188 356 2270 utrique
379 2189 651 2256 manifestaverit.

150 2301 204 2366 Ao
234 2321 426 2377 cusssrrun
450 2305 488 2366 2¹⁰
514 2302 554 2368 R.
582 2305 610 2368 1.
656 2302 762 2368 Titius
794 2323 858 2367 non
892 2303 996 2367 solum
1026 2301 1150 2387 potuit,
1184 2302 1241 2366 sed
1274 2302 1387 2368 debuit
1396 2318 1449 2371 554

60 2390 290 2475 praescindere
307 2390 375 2455 Caii
398 2391 630 2468 narrationem,
655 2391 683 2455 si
707 2391 776 2456 eius
800 2392 915 2456 modus
938 2392 1089 2473 loquendi
1114 2396 1187 2456 erat
1209 2392 1242 2455 iu
1266 2412 1387 2474 genere

58 2483 106 2547 ita
141 2480 330 2564 imprudens
365 2484 402 2544 ut
436 2480 568 2547 cuilibet
602 2480 747 2545 audienti
781 2480 961 2564 periculum
997 2481 1183 2565 suspicandi
1217 2480 1258 2546 de
1295 2485 1388 2548 certa

59 2590 200 2654 persona
232 2569 286 2633 vel
321 2590 394 2634 eam
415 2569 625 2651 'agnoscendi
659 2569 817 2647 oriretur;
853 2590 929 2634 uam
964 2570 995 2633 in
1032 2570 1092 2635 hoc
1127 2590 1206 2634 casu
1242 2571 1387 2636 narratio

59 2659 128 2725 Caii
163 2679 205 2723 ex
236 2662 357 2725 natura
388 2679 448 2723 sua
480 2663 552 2724 erat
584 2657 742 2724 indirecte
775 2663 891 2724 contra
923 2658 1076 2740 sigillum.
1129 2659 1246 2741 Neque
1275 2664 1387 2725 tamen

61 2747 175 2814 debuit
198 2746 324 2812 dicere:
359 2746 470 2829 ,Rogo
494 2751 527 2812 te
550 2752 588 2813 ut
617 2747 733 2824 sileas,
765 2747 841 2829 quia
870 2769 940 2812 rem
963 2751 1068 2814 totam
1093 2748 1157 2812 iam
1182 2748 1297 2824 novi“;
1329 2750 1387 2814 sed

62 2838 94 2902 in
119 2857 242 2919 genere
265 2857 397 2901 monere
420 2837 548 2902 debuit:
579 2835 750 2914 ,Abstine,
775 2858 913 2919 quaeso,
939 2858 959 2901 a
982 2836 1208 2903 determinatis
1231 2837 1388 2903 eiusmodi

61 2925 327 3003 circumstantiis,
351 2945 435 3008 quae
457 2925 637 3008 periculum
661 2927 906 3008 cognoscendae
929 2946 1088 3009 personae
1111 2947 1221 2990 secum
1244 2926 1387 2992 feruut“.

151 3023 189 3089 R.
215 3026 245 3089 2.
292 3022 409 3105 Neque
433 3023 544 3089 debuit
577 3044 681 3105 neque
711 3022 818 3107 potnit
843 3022 940 3089 caius
963 3022 1084 3089 Titium
1115 3023 1287 3105 quicquam
1318 3045 1388 3087 mo·

61 3133 156 3189 nere,
187 3111 215 3177 si
238 3113 354 3177 modus
378 3112 529 3195 loquendi
553 3134 617 3177 non
642 3116 715 3177 erat
737 3112 942 3195 imprudens,
967 3113 1024 3177 sed
1048 3112 1076 3176 si
1099 3112 1262 3177 obiectiva
1286 3113 1386 3177 laesio

60 3201 159 3284 sigilli
184 3222 226 3266 ex
249 3202 320 3267 sola
343 3200 469 3277 notitia,
494 3222 591 3282 quam
613 3201 719 3268 Titius
742 3223 817 3266 cusu
842 3200 966 3277 babuit,
990 3205 1145 3283 atquem
1170 3222 1243 3265 eum
1268 3201 1388 3267 habere

61 3292 159 3356 Caius
183 3311 223 3355 ne
246 3290 475 3373 suspicabatur
498 3291 645 3373 quidem,
677 3289 852 3355 oriebatur.
900 3289 986 3355 Nam
1017 3289 1101 3354 siin
1132 3291 1192 3355 boc
1216 3312 1293 3355 casu
1318 3311 1387 3354 mo·

60 3380 196 3457 auisset,
222 3401 259 3445 eo
283 3380 353 3463 ipso
377 3379 554 3446 indicasset
576 3401 612 3444 se
635 3382 741 3445 totam
764 3400 832 3444 rem
858 3383 892 3444 et
913 3378 1018 3462 ipsam
1042 3400 1216 3462 personam
1239 3379 1386 3445 novisse:

61 3559 128 3625 tius
151 3558 343 3642 permittere
366 3557 502 3624 alterius
524 3557 701 3623 laesionem
724 3557 823 3640 sigilli
845 3557 1061 3635 materialem,
1086 3579 1184 3640 quam
1207 3558 1277 3642 ipse
1299 3580 1388 3624 com-

61 3648 195 3714 mittere
218 3647 398 3712 laesionem
420 3647 519 3729 sigilli
544 3646 724 3712 formalem.

151 3762 205 3826 An
229 3782 420 3837 ouansiruu
445 3766 483 3826 3¹¹²
506 3762 544 3828 R.
574 3765 601 3828 1.
648 3761 735 3826 Male
766 3762 835 3843 egit
858 3761 981 3839 Titius,
1014 3762 1041 3826 si
1072 3766 1148 3845 post
1171 3761 1451 3836 communica-555

60 3852 185 3917 tionem
215 3851 335 3916 aCaio
365 3851 487 3916 factam
518 3852 675 3917 indicavit
698 3851 764 3915 ullo
787 3851 884 3915 modo
914 3873 950 3916 se
973 3871 1042 3915 rem
1064 3850 1130 3915 iam
1154 3850 1303 3924 scivisse,
1335 3850 1388 3915 vel

62 3941 89 4005 si
114 3941 394 4006 circumstantiam
417 3962 514 4022 quam
539 3940 664 4006 addidit
688 3943 815 4025 reipsa
838 3940 960 4023 factam
983 3962 1048 4004 esee
1069 3938 1259 4005 insinuavit.
1301 3939 1387 4004 Nam

62 4031 111 4096 ita
134 4030 220 4095 circa
243 4031 348 4113 ipsam
372 4031 456 4094 hauc
480 4029 759 4095 circumstantiam
784 4028 936 4094 laesisset
959 4029 1082 4093 directe
1105 4028 1257 4109 sigillum.

152 4127 191 4193 R.
217 4131 246 4192 2.
295 4127 328 4193 Si
359 4148 438 4192 vero
469 4148 540 4191 eam
571 4126 850 4191 circumstantiam
881 4130 918 4191 ut
948 4126 1051 4190 solum
1082 4125 1267 4208 possibilem
1299 4128 1333 4190 et
1356 4124 1388 4188 in

63 4216 213 4299 sequenti
238 4216 437 4300 paenitentis
461 4216 665 4281 confessione
688 4214 907 4296 indagandam
933 4214 1009 4280 Caio
1032 4213 1211 4297 proposuit,
1236 4219 1271 4279 et
1293 4213 1389 4278 simul

61 4307 119 4371 illa
150 4306 396 4371 circumstantia
429 4305 506 4371 talis
537 4309 610 4370 erat
644 4308 680 4368 ut
710 4304 742 4367 in
773 4304 932 4369 similibus
962 4303 1090 4368 casibus
1118 4304 1215 4383 focile
1245 4302 1389 4386 potuerit

63 4395 227 4462 accidere:
259 4395 411 4460 existimo
442 4395 565 4459 nullam
597 4393 741 4458 adfuisse
771 4393 870 4474 sigilli
900 4392 1077 4457 laesionem
1111 4392 1297 4473 nullamque
1321 4393 1389 4457 cul·

62 4507 155 4570 pam:
180 4484 278 4549 immo
302 4504 361 4567 pro
385 4505 420 4548 re
444 4486 524 4548 nuta
547 4483 725 4566 prudenter
748 4487 782 4547 et
805 4483 927 4565 optime
951 4482 1058 4564 egisse
1081 4480 1213 4546 Titium.

152 4574 253 4655 quue
282 4594 399 4637 verum
428 4579 524 4657 puto,
556 4572 619 4638 etsi
642 4571 748 4637 Titius
779 4592 814 4636 re
843 4571 916 4655 ipsa
948 4574 1083 4655 propter
1113 4572 1265 4637 notitiam
1292 4591 1390 4652 quam

63 4686 104 4729 ex
128 4662 334 4728 confessione
357 4661 444 4727 illius
466 4661 569 4746 ipsius
592 4659 791 4745 paenitentis
814 4660 937 4737 habuit,
962 4661 1004 4725 ad
1027 4659 1059 4724 id
1075 4662 1256 4725 commotus
1280 4658 1390 4726 fuerit.
1441 4703 1443 4708 -
