3044 5174
135 236 200 302 536
602 233 807 290 Sacramentum
825 232 999 287 matrimonii.
1091 278 1095 283 .
1489 40 1500 337 Ι

136 407 262 475 dicione
284 429 351 475 non
373 409 510 494 implete
532 415 693 492 exsurgat
715 430 808 476 error
830 408 933 493 ipsius
954 427 1115 493 personae
1134 428 1194 475 seu
1213 411 1378 492 appareat
1398 428 1455 473 uon

135 518 218 564 esse.
233 518 305 565 eam
328 498 529 586 individuam
553 518 742 583 personam,
766 519 906 581 quacum
927 496 1123 564 contrahere
1146 496 1235 563 alter
1256 495 1455 564 intenderet:

136 585 222 669 qnod
256 587 382 666 evenit,
416 588 445 653 si
477 588 563 654 alter
592 588 790 655 contrahens
822 608 864 653 ex
894 591 986 654 certa
1015 585 1157 670 quadam
1188 585 1381 652 candianus
1405 587 1456 652 vel

136 676 297 758 qualitate
319 676 544 760 principaliter
573 679 696 743 intento
725 677 839 743 veniat
855 675 898 741 in
922 675 1075 743 notitiam
1097 679 1133 741 et
1154 674 1456 742 determinationem
1496 678 1500 707 ¹

136 786 296 848 personae
325 765 512 832 individuae
542 786 681 848 quacum
705 765 896 838 contraham
927 786 991 831 non
1016 764 1136 842 evenit,
1161 763 1294 848 quando
1317 763 1456 830 condicio
1494 710 1500 887 1

136 875 194 920 seu
217 852 361 936 qualitas
389 855 519 922 intenta
548 855 760 940 superveniat
781 854 920 922 notitiae
943 858 978 920 et
999 852 1266 921 determmationi
1290 872 1454 939 personae,

135 942 198 1008 nisi
221 947 390 1010 statuatur
411 943 469 1011 illa
493 943 636 1027 qualitas
656 967 717 1030 pro
740 945 922 1011 condicione
944 945 1013 1010 eine
1036 965 1100 1030 quo
1123 963 1197 1009 noo.

74 1078 126 1133 935
226 1065 278 1130 Aa
294 1086 485 1143 quaasrruu
502 1069 541 1131 2¹²
557 1067 596 1134 R.
616 1071 644 1134 l.
677 1067 711 1134 Si
734 1070 915 1134 tractatum
938 1066 1025 1134 inter
1039 1065 1185 1150 puellam
1200 1070 1236 1133 et
1250 1064 1457 1133 Pancratium

136 1154 397 1235 consideramus,
431 1156 654 1223 abstractione
677 1156 769 1223 iacta
790 1156 998 1222 interventus
1021 1158 1196 1239 parentum
1218 1154 1370 1238 puellae,
1400 1175 1458 1220 nou

136 1244 267 1310 videtur
297 1244 352 1310 ille
382 1266 474 1311 error
503 1246 619 1312 adesse
648 1244 704 1328 qui
734 1243 895 1312 redundet
923 1244 956 1310 in
983 1264 1167 1329 personam.
1213 1242 1332 1309 Puella
1355 1264 1458 1310 amore

136 1332 303 1399 Pancratii
317 1332 518 1417 rapiebatur,
531 1339 707 1417 antequam
720 1333 896 1418 quidquam
908 1334 950 1400 de
964 1334 1034 1400 eius
1049 1332 1153 1417 stirpe
1168 1331 1316 1409 noverit;
1333 1332 1458 1399 videtur

136 1421 238 1505 igitur
265 1422 349 1490 haec
378 1424 558 1509 suppositio
588 1424 705 1489 nobilis
734 1423 907 1508 prosapiae
936 1423 1065 1507 puellae
1094 1442 1161 1487 non
1182 1420 1286 1487 fuisse
1309 1442 1365 1488 res
1389 1422 1459 1487 sub·

136 1510 302 1578 stantialis
326 1532 431 1594 neque
455 1512 600 1579 condicio
624 1512 694 1579 sine
717 1534 782 1594 qua
804 1533 884 1590 non,
915 1511 973 1578 sed
995 1510 1081 1578 ratio
1104 1511 1276 1596 impellens
1299 1514 1336 1576 et
1359 1511 1458 1594 magis

136 1599 288 1668 incitans.
336 1601 400 1667 Sed
424 1622 515 1667 error
536 1601 570 1668 irr
592 1601 654 1668 tali
675 1622 712 1667 re
735 1623 800 1668 non
822 1601 904 1668 iacit
926 1600 1169 1667 matrimonium
1192 1599 1328 1667 nullum.

225 1698 265 1766 R.
283 1702 313 1764 2.
340 1698 479 1765 Gravior
495 1698 643 1781 quaestio
659 1703 721 1779 est,
737 1699 765 1764 si
780 1698 972 1783 respicimus
988 1718 1181 1764 consensum
1197 1702 1232 1764 et
1246 1697 1459 1765 intentionem

136 1787 241 1871 petris
256 1788 395 1872 puellae.
433 1787 553 1866 Quodsi
568 1788 624 1854 ille
640 1809 817 1855 consensus
832 1788 937 1871 patris
951 1791 1087 1872 propter·
1102 1806 1248 1853 errorem
1263 1790 1300 1853 et
1314 1785 1458 1853 haudem

137 1875 239 1942 fuerit
267 1877 392 1957 nullae,
424 1876 483 1944 illa
512 1876 646 1943 nullitas
668 1877 800 1943 inficere
823 1877 955 1943 videtur
976 1876 1080 1961 ipsius
1102 1875 1232 1961 puellae
1256 1895 1457 1952 consensum,

138 1970 252 2049 utpote
275 1987 360 2049 quae
391 1966 609 2033 declaraverit
640 1987 676 2032 se
706 1966 793 2032 nolle
818 1965 1061 2032 matrimonium
1088 1963 1171 2030 inire
1200 1961 1272 2029 sine
1300 1984 1459 2031 consensu

137 2055 252 2139 patris.
300 2054 401 2122 Pater
429 2059 542 2122 autern
570 2054 796 2141 principaliter
826 2054 958 2123 videtur
989 2053 1170 2140 intendisse
1201 2052 1458 2120 coniunctionem

139 2165 212 2210 curn
236 2143 335 2210 nobili
357 2143 484 2210 familia
507 2143 568 2210 sibi
592 2148 681 2224 nota,
705 2143 843 2227 ideoque
867 2147 933 2210 eina
950 2164 1127 2210 consensus
1143 2141 1273 2209 omnino
1289 2143 1459 2210 restrictus

138 2233 239 2298 fuisse
272 2232 314 2298 ad
344 2232 444 2298 filium
474 2233 562 2299 illius
591 2233 753 2309 familiam
784 2254 823 2300 ac
853 2232 988 2318 proinde
1015 2232 1193 2299 consensus
1216 2231 1327 2314 quoad
1349 2231 1458 2299 matri·

138 2322 280 2387 monium
305 2343 378 2387 oum
401 2322 577 2388 Pancratio
601 2321 775 2407 deceptore
797 2321 929 2388 videtur
950 2321 1053 2388 fuisse
1075 2322 1184 2388 erutos
1206 2340 1265 2386 seu
1288 2322 1457 2389 invalidos.

227 2419 266 2486 R.
292 2421 322 2484 3.
353 2419 407 2485 Ita
429 2440 547 2487 revera
569 2441 628 2504 pro
651 2419 804 2487 nullitate
819 2419 1018 2487 matrimonii
1040 2419 1193 2486 standum
1210 2423 1310 2498 esset,
1335 2419 1365 2485 si
1388 2440 1459 2485 corr·

139 2528 255 2573 sensus
277 2507 383 2591 patris
407 2513 496 2575 esset
520 2530 697 2574 consensus
720 2510 969 2575 enutrimonialia
990 2512 1049 2594 p'ro
1070 2510 1151 2592 filio.
1184 2507 1309 2573 Verum
1327 2507 1378 2574 ita
1400 2528 1459 2573 non

139 2601 200 2663 est.
247 2596 367 2680 inspici
395 2596 498 2680 igitur
528 2598 625 2664 dehet
654 2618 833 2664 consensus
862 2598 1010 2684 puellae,
1043 2618 1141 2679 quern
1170 2596 1300 2663 dederit
1328 2596 1364 2662 in
1394 2595 1458 2680 ipso

139 2685 361 2751 contrahendo
385 2686 592 2753 matrimonio
616 2706 689 2752 cum
712 2686 901 2765 Peroratio,
927 2708 1004 2752 num
1027 2685 1114 2753 forte
1137 2683 1265 2751 dederit
1286 2694 1365 2751 tenc
1387 2706 1459 2751 coa·

138 2795 269 2841 sensum
292 2796 357 2840 non
380 2775 566 2841 absolutum
588 2775 646 2841 sed
669 2776 907 2860 dependentem
930 2798 949 2842 a
971 2796 1130 2841 consensu
1150 2774 1264 2859 patris.
1296 2773 1391 2852 Quod
1414 2779 1461 2839 est

139 2865 236 2948 plane
265 2863 488 2949 improbabile.
542 2865 700 2931 Praevius
729 2864 784 2931 ille
814 2885 992 2930 consensus
1025 2885 1089 2947 quo
1117 2865 1320 2950 promittebat
1348 2864 1460 2930 matri·
1498 2908 1500 2913 -

139 2953 283 3019 monium
306 2976 370 3019 non
401 2959 474 3020 erat
504 2955 689 3029 absolutum
720 2955 779 3020 sed
809 2975 985 3020 consensus
1015 2973 1171 3037 praeseus
1201 2973 1266 3035 quo
1296 2953 1461 3019 contraxit

139 3043 381 3109 matrimonium
410 3044 526 3127 fnisset
555 3043 685 3126 quidem
715 3065 780 3108 non
810 3044 980 3110 absolutus
1009 3043 1069 3108 sed
1092 3043 1279 3127 dependens
1303 3063 1325 3108 a
1348 3042 1459 3108 volun·

139 3136 211 3199 tate
234 3132 356 3215 patris,
380 3132 408 3198 si
432 3133 600 3218 suspicata
623 3137 712 3198 esset
736 3133 976 3215 deceptionem;
1007 3133 1066 3197 sed
1089 3152 1190 3208 nunc,
1223 3151 1296 3196 cum
1321 3131 1363 3197 de
1386 3151 1461 3197 vero

138 3221 244 3305 patris
267 3242 427 3287 consensu
450 3244 514 3287 nou
538 3221 715 3300 dubitaret,
739 3221 879 3288 obsolute
902 3241 1095 3287 consensum
1120 3220 1210 3287 dedit
1233 3219 1273 3286 de
1295 3220 1461 3304 praesenti

140 3310 228 3375 circa
251 3310 494 3377 matrimonium
518 3332 591 3376 cunr
615 3311 800 3378 Pancratio.
850 3310 1094 3377 Matrimonium
1118 3309 1221 3393 igitur
1243 3309 1337 3376 valet
1359 3330 1462 3393 neque

141 3399 304 3465 declarari
326 3405 437 3483 potest
460 3400 593 3467 nullum.

231 3496 268 3562 R.
294 3500 324 3562 4.
356 3497 448 3574 Quod
472 3502 623 3583 superest
646 3497 789 3576 remedii,
813 3497 847 3563 id
870 3499 973 3563 solum
999 3503 1059 3577 est,
1085 3503 1121 3564 ut
1143 3498 1253 3582 puella
1276 3497 1462 3564 valedicere

140 3585 245 3669 possit
268 3585 503 3653 cohabitationi
526 3609 599 3653 curn
623 3587 809 3653 Pancratio.
856 3586 1013 3670 Deceptio
1044 3587 1128 3653 enim
1161 3587 1219 3653 illa
1241 3586 1357 3668 gravis
1380 3586 1464 3654 ratio

141 3679 193 3741 est
217 3675 402 3758 postulandi
427 3681 619 3760 perpetuam
650 3675 890 3759 separationem
922 3680 1038 3742 atoro
1068 3680 1103 3742 et
1125 3675 1388 3754 cohabitatione,
1418 3677 1464 3743 ita

141 3769 252 3830 tamen
277 3768 323 3842 ut,
347 3765 453 3831 altero
477 3765 628 3842 vivente,
652 3764 762 3831 neutri
784 3764 883 3832 liceat
906 3764 948 3830 ad
971 3765 1132 3831 secundas
1155 3763 1289 3848 nuptias
1312 3766 1462 3833 transire.

141 3855 264 3919 Verum
295 3853 323 3918 si
352 3854 439 3920 forte
469 3853 711 3921 matrimonium
742 3854 884 3919 nondum
915 3858 1003 3920 esset
1033 3857 1311 3933 consummatum,
1342 3855 1464 3921 recurri

117 3948 251 4027 ,potest
275 3943 316 4011 ad
340 3965 501 4009 summum
524 3943 709 4027 pontificem
740 3965 799 4027 pro
822 3941 1020 4010 matrimonii
1051 3943 1115 4009 rati
1138 3947 1269 4009 tantum
1292 3943 1464 4011 solutione.

394 4133 714 4201 MATRIMONIUM
738 4136 798 4200 EX
821 4135 946 4201 METU
969 4134 1132 4202 INITUM
1155 4135 1208 4216 l).

704 4291 814 4358 Cesns.
834 4299 910 4368 (268)

232 4433 396 4509 Edelbarga
418 4433 516 4508 puella
537 4454 555 4492 a
570 4439 663 4492 matre
684 4433 870 4509 gravissimis
884 4435 972 4493 minis
987 4435 1117 4510 adigitur
1131 4437 1242 4495 nubere
1257 4435 1361 4508 Paulo,
1383 4453 1466 4512 quem

143 4510 324 4579 detestatur:
354 4513 543 4589 conqueritur
564 4515 640 4589 apud
661 4514 819 4585 famulam,
848 4515 899 4572 sed
922 4515 1036 4574 demum
1058 4521 1164 4574 coacta
1191 4516 1223 4573 in
1242 4516 1382 4576 Ecclesia
1403 4535 1467 4574 corr·

143 4592 242 4652 sentit.
272 4593 328 4651 Sed
350 4613 367 4651 a
390 4593 538 4669 coniugali
552 4595 616 4652 vita
638 4614 703 4653 cum
719 4595 811 4653 Paulo
826 4594 998 4666 abhorrens,
1019 4597 1166 4672 prioribus
1186 4597 1338 4658 mensibus
1354 4614 1467 4673 semper
