3044 5174
480 247 649 302 Sacramenti
667 245 849 302 eucharistiae
868 248 992 302 materia.
1352 254 1392 318 71

156 424 196 491 u.
214 427 244 491 2.
278 424 392 491 Solum
407 424 433 489 si
451 426 624 492 constabat
639 446 706 501 eos,
723 426 832 491 colore
848 447 912 491 non
928 425 1060 504 tinctos,
1078 447 1151 492 esse
1168 427 1334 495 confectos
1351 449 1393 493 ex

64 512 200 581 triticea
215 514 334 592 farina,
351 513 443 581 licuit
459 514 717 599 experimentum
733 535 871 592 sumere,
889 536 965 580 num
978 521 1108 583 constet
1122 516 1162 581 de
1177 538 1394 600 non-corrup·

65 603 172 680 tione;
197 625 274 669 nam
297 603 327 669 si
343 604 476 686 alonge
492 609 639 687 tempore
660 602 801 670 confecti
824 608 929 679 erant,
954 605 994 669 de
1017 605 1225 689 corruptione
1247 606 1392 673 rationa-

66 691 177 757 biliter
195 693 306 758 timeri
320 692 441 759 debuit.
475 693 509 759 Si
523 694 624 774 igitur
635 694 796 758 constabat
811 693 850 758 de
866 694 1164 777 non-corruptione,
1178 699 1258 778 puto
1274 695 1306 760 iu
1321 695 1394 761 istis

66 781 231 847 adiunctis
254 781 384 847 licuisse
400 803 472 848 eam
488 782 663 847 formulam
679 781 833 847 adbibere
849 783 950 848 etiam
966 783 1068 849 solius
1084 783 1268 849 devotionis
1284 805 1393 850 causa.

157 879 196 945 R.
222 881 253 944 3.
300 879 413 956 Quoad
436 884 577 946 mustum
602 900 644 944 ex
667 879 740 945 uvis
763 879 902 945 maturis
926 901 1010 944 nunc
1035 901 1227 964 expressum
1251 881 1394 948 dubitari

66 967 182 1050 nequit
213 967 253 1033 de
277 968 406 1045 valore;
437 969 495 1034 sed
519 973 616 1034 extra
639 989 752 1033 veram
776 969 1005 1035 necessitatem
1031 973 1083 1035 est
1105 969 1246 1036 materia
1268 970 1393 1044 illicita,

66 1077 139 1121 cum
163 1057 297 1123 rubrica
312 1057 455 1124 Missalis
477 1057 499 1125 l.
516 1079 543 1125 6.
563 1058 619 1135 IV,
646 1061 664 1122 2
690 1058 793 1123 dicat:
823 1058 874 1133 ,Si
898 1057 998 1124 fuerit
1015 1109 1022 1124 .
1041 1110 1048 1124 .
1067 1111 1074 1124 .
1091 1063 1234 1125 mustum
1258 1060 1298 1125 de
1322 1059 1394 1125 uvis

65 1167 152 1212 nunc
182 1167 399 1231 expressum.
418 1197 443 1224 .,
475 1146 643 1213 conficitur
666 1151 925 1223 sacramentum,
956 1147 1014 1212 sed
1044 1148 1217 1214 conficiens
1246 1148 1394 1231 graviter

65 1237 214 1319 peccat!¹
253 1235 360 1313 Quare
383 1236 425 1302 ad
448 1236 552 1302 solam
576 1235 781 1303 devotionem
805 1235 916 1320 populi
939 1235 1125 1313 iuvandam,
1150 1238 1212 1304 etsi
1236 1259 1340 1320 grave
1363 1238 1394 1305 ei

65 1324 168 1391 166111
192 1324 300 1392 6611111
323 1346 462 1402 sacrum,
486 1346 550 1391 non
573 1329 653 1410 puto
677 1324 806 1391 licuisse
829 1330 972 1392 mustum
995 1325 1076 1392 illud
1099 1325 1263 1394 adhibere.

154 1430 198 1499 R.
214 1435 245 1498 4.
276 1430 406 1499 sivero
422 1433 583 1515 agebatur
599 1431 639 1498 de
654 1453 748 1498 sacro
765 1431 816 1497 die
831 1453 874 1496 ex
892 1437 1069 1516 praecepto
1085 1432 1205 1498 festivo
1222 1432 1393 1512 audiendo,
1406 1446 1455 1500 123

65 1518 254 1604 putaverim
269 1519 399 1587 licuisse
414 1526 557 1588 mustum
574 1520 737 1595 adhibere,
762 1542 826 1586 non
842 1525 954 1588 tamen
970 1542 1012 1587 ex
1028 1520 1227 1605 obligatione
1243 1523 1393 1590 debuisse

65 1609 112 1676 ita
136 1609 204 1692 agi.
1116 1651 1119 1658 ·

156 1697 320 1765 Videlicet
342 1698 427 1765 ratio
450 1720 508 1764 cur
524 1699 677 1766 videatur
698 1698 795 1764 licere
815 1704 866 1765 est
890 1697 966 1780 quia
981 1699 1037 1764 lex
1059 1699 1235 1783 prohibens
1251 1705 1393 1767 mustum

66 1792 101 1855 ut
116 1787 294 1855 materiam
309 1809 374 1854 non
391 1788 560 1855 decentem
575 1787 734 1873 probabili
750 1788 970 1872 explicatione
985 1788 1069 1854 sumi
1084 1793 1195 1873 potest
1218 1789 1394 1874 prohibens

65 1877 95 1942 in
112 1876 371 1944 circumstantiis
387 1878 568 1956 ordinariis,
593 1877 706 1943 nonin
729 1876 769 1942 iis
786 1875 927 1944 insolitis
943 1877 1197 1945 circumstantiis
1220 1879 1254 1944 in
1278 1879 1394 1961 quibus

14 2022 22 2027 .
66 1969 203 2050 propter
233 1967 396 2033 detectum
427 1966 510 2033 alius
534 1965 692 2032 materiae
722 1966 907 2033 indecentia
930 1967 1127 2033 naturaliter
1150 1967 1317 2036 minuatur
1340 1970 1393 2034 vel

67 2055 248 2122 auferatur.
272 2094 318 2104 -
340 2056 404 2122 Cur
433 2061 544 2123 autem
574 2055 799 2122 tantummodo
829 2055 945 2134 liceat,
975 2076 1040 2121 non
1070 2055 1167 2122 simul
1197 2056 1244 2123 sic
1274 2057 1394 2140 agendi

67 2143 225 2227 obligatio
255 2144 315 2222 sit,
347 2144 434 2212 ratio
464 2144 545 2211 baec
574 2150 626 2211 est
659 2143 734 2226 quia
764 2143 940 2228 explicatio
969 2143 1027 2211 illa
1056 2145 1184 2211 nonnisi
1215 2146 1393 2231 probabilis

67 2238 130 2312 est;
147 2232 310 2318 probabili
326 2237 435 2300 autem
451 2234 579 2300 ratione
594 2255 689 2299 nemo
706 2233 834 2315 cogitur
850 2233 893 2300 ad
907 2234 1144 2318 neglegendam
1161 2256 1259 2302 unam
1274 2237 1392 2319 legem,

10 2361 14 2377 ,
69 2327 103 2389 ut
126 2323 269 2390 alteram
291 2321 437 2408 impleat,
460 2324 488 2388 si
512 2327 651 2406 utraque
674 2327 725 2388 est
747 2322 891 2407 positiva
914 2323 970 2389 lex
992 2324 1145 2391 humana.
1212 2364 1217 2372 ·

156 2449 211 2514 An
234 2467 426 2524 6666616661
451 2451 489 2512 2¹²
512 2447 550 2516 R.
586 2446 624 2511 Iu
646 2445 790 2530 periculo
807 2446 931 2525 mortis,
956 2447 1085 2530 quando
1100 2448 1212 2530 agitur
1230 2448 1270 2514 de
1286 2448 1392 2514 dando

68 2536 191 2603 viatico
225 2536 309 2602 alias
343 2536 422 2603 datu
456 2535 664 2620 impossibili,
699 2557 816 2601 censeo
850 2536 947 2621 plane
979 2536 1208 2603 Sebastianum
1243 2537 1392 2603 debuisse

68 2625 251 2704 celebrare,
280 2625 350 2692 sive
374 2647 447 2691 cum
469 2625 610 2690 formula
633 2625 691 2690 illa
713 2624 741 2690 si
764 2646 861 2707 quam
885 2644 1003 2708 panem
1025 2626 1191 2693 triticeum
1215 2647 1288 2693 6666
1310 2627 1393 2694 66116

69 2719 216 2792 6666161,
252 2714 323 2780 6166
355 2736 428 2780 6661
459 2718 568 2780 616616
601 2735 685 2779 6666
718 2718 867 2779 recenter
899 2735 942 2779 ex
976 2714 1049 2780 uvis
1083 2734 1250 2799 expresso.
1305 2715 1392 2782 Nam

69 2803 242 2870 materiam
267 2803 357 2869 illam
380 2825 422 2869 ne
445 2804 517 2886 quis
540 2802 695 2870 adhibeat
717 2809 770 2869 est
799 2803 853 2869 lex
877 2802 1046 2869 Ecclesiae
1074 2804 1228 2887 positiva,
1252 2805 1391 2888 quaein

70 2913 145 2958 6666
177 2892 385 2959 necessitatis
414 2891 527 2958 viatici
556 2893 680 2959 motivo
710 2891 915 2971 destituitur,
949 2896 982 2957 et
1016 2913 1099 2974 quae
1130 2915 1150 2960 a
1178 2894 1252 2976 lege
1282 2893 1393 2960 divina

61 2982 180 3049 ,viatici
204 2981 291 3047 vinoi
315 2982 420 3048 debet.
460 2981 547 3048 Nam
571 2980 597 3046 si
621 2982 677 3046 lex
699 2982 842 3047 humana
865 2986 899 3047 61
922 2981 1033 3047 divium
1055 2981 1142 3049 inter
1164 3003 1200 3048 66
1224 2981 1391 3060 collidunt,

69 3070 121 3136 lex
144 3071 258 3137 divina
280 3071 480 3153 generaliter
502 3070 599 3136 debet
621 3071 823 3154 praevalere.

484 3260 714 3328 Murualnu
740 3261 972 3330 DECENTIA.

637 3428 747 3495 06666.
766 3435 825 3504 (35)

154 3569 301 3631 Sebaldus
322 3569 476 3641 sacerdos,
498 3569 607 3646 hospes
629 3569 706 3646 apud
728 3568 888 3646 parochurn
910 3568 1025 3629 alienae
1046 3569 1207 3640 ecclesiae,
1230 3589 1295 3629 cum
1317 3571 1390 3631 6616·

67 3653 145 3723 11161,
168 3650 201 3710 16
222 3649 372 3710 offertorio
393 3649 528 3709 ministro
548 3670 586 3709 ex
608 3650 716 3725 lagena
736 3649 836 3708 vinmn
857 3648 1031 3709 infundente
1051 3649 1081 3708 in
1103 3650 1277 3726 ampullam,
1300 3650 1390 3710 anim·

10 3718 20 3747 ⁹
67 3731 197 3791 advertit
219 3729 320 3789 vinum
344 3729 493 3790 turbidum
520 3736 552 3789 et
578 3730 777 3789 faeculentum
804 3749 871 3789 asse
892 3735 922 3788 et
948 3729 978 3788 in
1000 3734 1081 3788 statu
1102 3749 1158 3806 quo
1181 3729 1305 3807 incipiat
1326 3750 1390 3790 666·

67 3831 166 3882 soere;
188 3810 304 3870 hostias
325 3810 356 3869 in
372 3810 538 3886 sumptione
553 3829 591 3869 ex
605 3815 695 3885 gustu
715 3809 827 3869 iudicat
847 3809 922 3869 satis
943 3814 1078 3869 vetustas
1093 3817 1181 3886 atque
1202 3810 1391 3887 interrogans

21 3952 25 3963 ,
67 3899 171 3968 postea
193 3889 390 3950 sacristanum
413 3889 556 3966 comperit
577 3910 628 3950 eas
650 3910 668 3948 a
689 3909 743 3948 sex
765 3890 914 3949 mensibus
936 3896 967 3949 et
987 3890 1064 3949 ultra
1086 3909 1152 3950 esse
1175 3892 1336 3952 confectas.

67 4016 245 4086 Quamnua
268 4015 296 4073 1ο
316 4032 385 4072 6661
406 4019 487 4072 recte
508 4013 602 4088 egerit
622 4013 771 4089 pergendo
792 4013 821 4071 in
845 4014 989 4074 sacrificio
1011 4015 1127 4074 6116666.

269 4103 299 4160 2⁰
321 4107 416 4162 utrum
448 4103 583 4178 sequenti
605 4102 651 4160 die
680 4102 774 4161 denuo
796 4103 885 4161 liceat
913 4104 970 4180 ipsi
992 4105 1034 4162 ita
1056 4104 1206 4163 celebrare
1235 4124 1273 4163 an
1304 4106 1391 4164 aliter

317 4182 472 4258 providere
494 4182 551 4241 sibi
573 4182 687 4242 debeat.

661 4365 796 4431 Salutio.

23 4560 28 4565 .
151 4511 208 4576 An
231 4526 423 4583 6666616616
450 4508 485 4570 111
516 4505 554 4571 R.
583 4508 610 4570 1.
658 4505 770 4582 Quoad
800 4506 911 4572 vinum
942 4528 1056 4591 parum
1089 4527 1258 4583 acescens,
1290 4511 1327 4572 ut
1357 4507 1451 4575 in124

19 4616 32 4657 1
69 4604 177 4666 nostro
211 4616 291 4662 casu
322 4598 411 4666 erat,
444 4595 476 4660 S.
508 4594 623 4677 Alpb.
655 4595 718 4670 VI,
752 4598 826 4673 207,
861 4619 890 4678 q.
925 4601 941 4661 1
974 4596 1067 4662 dicit:
1106 4595 1244 4673 ,Vinum
1273 4616 1390 4679 parum
