3044 5174
331 99 459 154 Minister
477 98 578 169 poenit.
597 128 632 136 -
652 115 751 154 causas
769 96 911 168 inquisitio
930 101 958 151 et
975 98 1133 168 recognitio.
1325 105 1388 169 291

14 356 17 361 ἶ
58 272 167 354 debet,
192 296 235 341 ne
259 275 344 341 laisa
367 275 567 342 conscientia
589 280 714 360 peccet,
738 275 930 341 instruendo
952 275 1033 342 haec
1048 281 1083 343 et
1098 276 1156 343 illa
1171 297 1244 343 esse
1260 277 1388 360 quidem

58 361 257 444 indecentia,
281 387 345 431 non
369 369 479 431 autem
502 386 581 431 vere
603 366 840 449 peccaminosa.

148 463 189 530 R.
208 466 239 531 2.
278 463 402 529 Noster
424 484 514 547 puer,
539 484 611 527 cum
636 484 672 528 se
696 463 849 530 distincte
874 468 1006 529 accuset
1030 463 1070 527 de
1093 464 1198 529 tribus
1214 465 1390 531 mendaciis

60 553 164 636 iisque
187 553 355 634 gravibus,
380 553 595 636 suspicionem
619 552 741 634 ingerit
764 552 869 617 falsae
892 552 1112 618 conscientiae
1128 554 1215 618 circa
1230 554 1390 620 mendacii

59 642 231 708 malitiam.
278 642 365 707 Nam
395 662 431 706 re
460 663 541 706 vera
567 665 665 726 prave
694 641 897 706 mendacium
921 663 979 706 seu
1003 642 1163 708 obiective
1186 644 1326 709 mortale
1348 643 1392 709 ab

59 752 96 796 eo
126 731 337 797 commissum
369 751 441 796 esse
470 731 527 795 vix
557 737 609 797 est
639 731 801 796 credibile.
851 732 1098 796 Examinandus
1128 731 1230 814 igitur
1260 732 1391 798 omnino

59 823 119 897 est,
145 821 180 885 in
205 841 270 903 qua
292 840 329 884 re
351 821 395 885 sit
418 820 584 886 mentitus.
632 819 752 896 Quodsi
777 820 851 885 dein
876 825 1005 887 constet
1028 842 1092 886 non
1116 820 1218 885 fuisse
1241 821 1390 900 mortale,

59 930 153 975 error
183 909 239 974 ille
269 910 366 993 plane
396 909 494 974 debet
523 909 658 992 corrigi,
690 931 731 974 ne
762 909 848 974 falsa
872 909 1071 975 conscientia
1094 910 1244 991 graviter
1266 914 1390 995 peccet,

61 999 114 1064 ubi
146 1003 319 1082 peccatum
349 1018 453 1080 grave
482 998 670 1064 nullatenus
700 1021 742 1064 ex
772 1018 808 1064 re
837 998 909 1081 ipsa
933 999 1074 1065 exsistit.
1120 999 1275 1064 inanibus
1305 999 1391 1064 enim

58 1088 157 1153 minis
187 1108 252 1153 non
282 1107 357 1152 raro
388 1091 543 1171 parentes
566 1089 619 1152 vel
643 1089 792 1170 magistri
817 1109 952 1172 puerum
976 1091 1104 1154 terrent
1132 1088 1277 1155 dicentes
1300 1109 1392 1154 men·

8 1184 10 1195 '
58 1178 158 1243 daces
188 1177 223 1241 in
252 1176 418 1242 infernum
448 1177 615 1241 detrusum
646 1177 697 1244 iri.
743 1177 814 1242 Dici
844 1177 946 1258 igitur
969 1178 1067 1244 debet
1090 1179 1293 1243 mendacium
1319 1197 1393 1243 esse

56 1271 232 1350 peccatum
252 1266 381 1347 quidem
397 1266 532 1348 Deoqne
555 1287 761 1350 summopere
785 1266 956 1349 displicere
978 1287 1084 1349 neque
1108 1266 1174 1333 ullo
1199 1268 1294 1333 modo
1319 1286 1392 1333 esse

57 1356 346 1430 committendum
371 1375 485 1420 verum
504 1357 643 1421 mortale
666 1361 837 1440 peccatum
861 1360 930 1422 tum
947 1356 1051 1421 solum
1067 1357 1236 1434 committi,
1261 1356 1392 1440 quando

56 1464 164 1527 grave
188 1444 320 1526 aliquod
344 1445 498 1509 damnum
521 1466 563 1509 ex
587 1466 626 1510 eo
650 1449 819 1520 caucetum
852 1445 994 1528 alioquin
1017 1445 1225 1529 purgatorio,
1254 1467 1318 1511 non
1340 1445 1391 1511 in·

56 1533 153 1600 terno
177 1533 332 1599 luendum
355 1554 437 1600 esse.

164 1724 490 1791 CONFESSARIUS
513 1725 572 1789 DE
598 1724 775 1791 AUDITIS
799 1724 894 1791 NON
918 1724 1037 1789 BENE
1061 1723 1281 1791 IUDICANS.

617 1888 727 1956 Casus.
746 1897 823 1965 (145)

149 2031 299 2102 Licinius,
329 2035 456 2106 excepta
483 2029 672 2089 confessione
697 2029 862 2088 sacerdotis
882 2028 931 2106 qui
959 2049 993 2087 se
1012 2029 1173 2089 inhonesta
1194 2031 1293 2104 egisse
1315 2029 1391 2090 dixit

56 2132 124 2171 cnm
146 2118 236 2188 nepte
258 2130 329 2180 sua,
352 2110 496 2179 absolvit,
517 2110 591 2168 nihil
613 2110 749 2184 cogitans
771 2110 806 2169 de
828 2109 986 2184 sacrilegio
1008 2117 1038 2169 et
1058 2110 1191 2181 incestu,
1213 2110 1318 2185 quibus
1338 2111 1391 2170 illa

56 2197 185 2270 peccata
206 2193 315 2249 affecta
336 2196 430 2250 erant.
473 2191 663 2266 Quapropter
690 2191 798 2249 anxius
827 2191 862 2249 de
883 2190 1069 2250 absolutione
1098 2191 1155 2250 rite
1184 2191 1253 2249 data
1274 2191 1392 2267 quaerit

56 2273 136 2350 apud
159 2272 294 2331 amicum.
336 2270 395 2340 Qui
415 2271 569 2346 respondit
588 2269 720 2328 valuisse
747 2270 863 2344 quidem
885 2271 1118 2342 absolutionem,
1147 2276 1250 2347 utpote
1279 2272 1390 2332 directe

57 2353 160 2412 datam
176 2351 256 2410 circa
271 2357 396 2427 peccata
410 2350 555 2420 luxuriae,
579 2349 658 2408 circa
673 2349 831 2425 sacrilegia
852 2357 882 2409 et
895 2351 1028 2410 incestus
1049 2352 1210 2420 indirecte;
1233 2351 1258 2410 si
1273 2352 1391 2427 quando

56 2434 152 2508 igitur
173 2432 250 2491 idem
271 2431 429 2508 paenitens
456 2430 579 2489 redierit
600 2430 636 2488 ad
665 2431 897 2501 confessionem,
927 2451 992 2490 eum
1023 2432 1130 2490 debere
1151 2432 1242 2490 hasce
1270 2433 1391 2491 circum·

63 2513 197 2572 stantius
226 2513 321 2571 denuo
352 2531 495 2570 accusare
525 2510 631 2570 saltem
662 2510 748 2569 unico
778 2512 902 2570 verbulo
933 2514 970 2571 ab
1000 2512 1095 2588 iisque
1126 2512 1236 2571 directe
1267 2514 1391 2573 absolvi.

62 2594 120 2667 (Ol.
143 2593 272 2665 Elbel,
294 2594 406 2666 Confer.
428 2591 460 2651 P.
482 2591 534 2662 IX,
556 2611 584 2650 n.
606 2592 687 2663 401.)

62 2709 245 2780 Qonrrrrur
267 2710 296 2766 1⁰
317 2707 460 2783 quomodo
481 2705 616 2765 accusari
638 2724 656 2764 a
676 2705 865 2782 paenitente,
894 2726 913 2765 a
933 2707 1117 2766 confessario
1138 2706 1263 2766 iudicari
1284 2709 1392 2769 debeat

320 2787 459 2865 specifica
479 2791 667 2863 peccatorum
689 2786 810 2846 malitia.

262 2879 292 2934 2⁰
313 2876 382 2952 quld
403 2875 438 2934 de
459 2875 573 2935 Licinio
595 2874 716 2950 eiusque
737 2875 833 2934 amico
854 2857 895 2934 sit
915 2874 1107 2936 sentiendum.

659 3057 795 3125 Solmio.

153 3207 207 3268 Au
230 3222 421 3278 Qunasrron
440 3205 477 3265 1¹³
494 3201 531 3266 R.
552 3203 580 3266 l.
619 3200 762 3266 Peccata
785 3199 938 3266 mortalia
962 3199 1108 3265 accusari
1132 3201 1251 3266 debent
1274 3222 1449 3277 secun-511

60 3295 139 3359 dum
163 3312 332 3357 numerum
357 3295 392 3358 et
415 3291 566 3374 speciem,
591 3289 610 3355 i.
629 3311 656 3356 e.
673 3291 722 3357 ita
745 3295 781 3356 ut
805 3310 959 3354 numerus
982 3293 1017 3354 et
1039 3288 1165 3373 species
1187 3290 1298 3355 infima
1314 3311 1390 3374 pec·

60 3383 128 3448 cati
159 3381 354 3447 declaretur.
408 3379 595 3446 Declaratio
625 3380 683 3444 illa
714 3383 750 3444 ut
779 3382 854 3455 liat,
885 3399 1019 3444 necesse
1049 3400 1114 3443 non
1144 3384 1196 3444 est
1226 3380 1390 3464 expressis
1496 3379 1497 3382 ’

60 3470 173 3536 verbis
203 3491 276 3535 eam
305 3468 488 3553 specificam
519 3469 678 3537 malitiam
706 3466 889 3535 formaliter
912 3468 1105 3552 exprimere.
1153 3468 1281 3534 Sufficit
1304 3468 1389 3534 enim

59 3566 97 3628 ut
127 3581 193 3626 uno
218 3559 269 3623 vel
293 3559 398 3625 altero
429 3558 525 3624 modo
555 3560 622 3624 fiat.
671 3557 723 3622 Sic
752 3554 825 3634 ille,
856 3556 911 3638 qui
941 3578 977 3622 se
1006 3556 1212 3622 sacerdotem
1235 3558 1288 3622 vel
1313 3558 1390 3622 reli·

59 3651 189 3734 glesum
214 3649 377 3725 declarat,
408 3648 537 3731 quando
562 3649 737 3712 confitetur
759 3649 929 3729 peccatum
955 3650 1071 3711 contra
1094 3646 1298 3724 castitatem,
1325 3668 1388 3712 non

59 3742 194 3824 oportet
223 3738 420 3802 mentionem
451 3757 641 3820 expressam
671 3735 773 3801 faciat
803 3734 984 3818 saerilegii;
1015 3756 1090 3800 nam
1118 3735 1179 3799 hoc
1202 3757 1261 3819 per
1283 3735 1388 3819 ipsum

59 3833 185 3896 statum
214 3849 306 3892 suum
338 3825 528 3891 declaravit.
576 3824 635 3901 Qui
659 3846 755 3902 vero,
787 3846 859 3890 cum
885 3825 929 3891 sit
953 3825 1106 3890 sacerdos
1130 3826 1182 3890 vel
1205 3824 1387 3905 religiosus,

58 3922 183 3986 statum
201 3916 405 3993 suumcelat,
431 3914 537 3992 debet,
558 3914 687 3996 quando
704 3913 848 3980 violatae
865 3913 1030 3980 castitatis
1046 3916 1215 3998 peccatum
1232 3935 1390 3978 accusan-

59 4008 137 4073 dum
160 4006 271 4083 habet,
295 4006 428 4089 insuper
450 4024 606 4088 expresse
630 4003 795 4084 sacrilegii
818 4004 978 4069 malitiam
1001 4003 1223 4068 manifestare.

148 4104 188 4171 R.
207 4108 236 4172 2.
275 4105 384 4169 Minus
408 4102 507 4168 etiam
532 4100 751 4166 confessarius
775 4123 932 4185 expresso
956 4107 990 4167 et
1014 4100 1144 4166 formali
1168 4103 1325 4184 conceptu
1349 4099 1388 4164 de

57 4195 219 4280 specificis
249 4193 398 4259 omnibus
422 4191 557 4256 malitiis
587 4196 813 4273 peccatorum,
844 4211 928 4272 quae
952 4190 1061 4268 audit,
1092 4188 1244 4253 iudicium
1270 4189 1388 4254 mentis

56 4286 119 4352 sibi
143 4284 287 4350 formare
311 4283 417 4347 debet.
465 4280 594 4346 Sufficit
618 4285 656 4346 ut
685 4280 770 4345 sciat
799 4278 1012 4345 habitualiter
1042 4299 1126 4362 quae
1155 4277 1222 4344 sint
1251 4282 1388 4361 peecata

56 4373 230 4451 mortalia,
261 4392 345 4454 quae
368 4369 527 4448 venialia,
560 4390 643 4451 quae
667 4369 710 4435 sit
733 4369 883 4452 specifica
907 4373 1117 4452 peccatorum
1142 4366 1323 4441 distinctio,
1354 4371 1388 4431 et

55 4469 92 4531 ut
124 4464 209 4529 haec
231 4461 338 4526 sciens
362 4458 477 4525 audiat
499 4463 652 4542 peccata,
678 4459 763 4524 sicut
786 4458 876 4524 facta
900 4462 986 4524 sunt.
1033 4459 1083 4522 Eo
1107 4457 1178 4540 ipso
1202 4455 1388 4522 virtualiter

1122 4560 1176 4614 19·
