3044 5174
371 271 496 325 Minister
514 271 615 341 paenit.
635 304 668 313 -
688 271 837 327 iurisdictio
855 272 1030 341 regularium.
1300 274 1364 336 265

126 448 318 515 Mazotta
350 450 371 515 l.
405 470 449 515 c.:
488 448 731 527 ,Confessarius
763 448 961 533 regularium
994 452 1105 532 potest
1136 449 1236 514 etiam
1268 451 1366 513 extra

38 541 248 612 conventum,
272 538 370 602 immo
385 537 418 602 in
441 559 645 621 quacumque
669 539 810 616 dioecesi
832 538 1094 623 peregrinantur,
1119 538 1289 603 absolvere
1312 558 1364 602 re-

39 627 173 709 gulares
208 627 352 692 eiusdem
387 632 567 693 conventus
603 628 727 711 pariter
765 628 973 704 itinerantes,
1013 632 1047 693 et
1081 626 1230 692 similiter
1264 627 1362 692 etiam

39 715 182 781 novitios
207 725 233 782 et
254 718 437 799 familiares
460 719 600 782 eiusdem
624 721 818 783 conuentusf

126 813 169 882 R.
188 815 219 879 2.
257 813 430 895 Quousque
445 814 547 895 igitur
567 815 650 880 haec
672 814 814 880 facultas
837 835 902 897 qua
925 812 1143 879 confessarius
1165 813 1323 878 liberetur
1345 819 1427 878 ales

39 903 240 968 necessitate
262 902 432 968 habendae
454 903 698 987 approbationis
721 904 762 969 ab
786 903 938 986 episcopo
961 903 1022 968 loci
1046 903 1078 966 in
1103 902 1214 967 ordine
1231 903 1272 967 ad
1289 924 1364 968 con·

38 991 201 1057 sessiones
225 991 428 1057 alumnorum
458 994 521 1057 rite
551 992 764 1070 extendatur,
795 1014 859 1057 non
884 991 1014 1059 videtur
1037 992 1166 1057 aliunde
1189 1012 1285 1076 posse
1310 991 1365 1056 de·

37 1082 121 1145 sumi
147 1080 212 1146 nisi
235 1101 255 1146 a
279 1082 376 1164 plena
398 1081 599 1147 subiectione
623 1102 703 1164 erga
725 1083 905 1163 regulares,
929 1082 963 1146 in
986 1102 1051 1164 qua
1073 1086 1207 1147 maneat
1228 1086 1365 1147 autnon

36 1174 175 1236 maneat
206 1170 366 1235 alumnus.
418 1170 451 1235 Si
482 1171 544 1236 sibi
576 1172 628 1236 vel
661 1176 834 1254 parentum
867 1191 964 1236 curae
996 1170 1066 1235 sive
1099 1191 1196 1235 curae
1228 1169 1365 1234 aliorum

35 1259 189 1325 redditus
217 1259 332 1336 fuerit,
366 1259 517 1324 alumnus
546 1281 610 1325 non
640 1260 779 1343 amplius
809 1259 955 1342 reputari
986 1263 1097 1342 potest
1126 1264 1163 1324 ut
1194 1258 1367 1325 familiaris

33 1347 251 1432 regularium,
275 1349 332 1413 sed
357 1348 556 1414 considerari
579 1349 676 1415 debet
699 1353 737 1414 ut
759 1349 936 1414 saecularis
959 1350 1002 1413 ad
1021 1369 1116 1431 quem
1132 1349 1365 1413 absolvendum

32 1438 67 1503 iu
92 1441 304 1503 sacramento
327 1437 549 1521 paenitentiae
571 1438 757 1503 necessaria
779 1439 825 1504 sit
847 1436 1040 1522 approbatio
1064 1437 1206 1522 episcopi
1228 1438 1307 1514 loci;
1339 1437 1366 1502 si

33 1548 119 1593 vero
144 1529 257 1592 manet
280 1526 339 1591 sub
363 1526 548 1592 omnimoda
577 1527 813 1610 gubernatione
843 1527 1058 1610 regularium,
1090 1527 1217 1592 absolvi
1246 1529 1366 1610 potest,

32 1621 72 1683 ut
96 1615 271 1696 regulares
294 1618 432 1699 possunt
447 1637 601 1681 eorumve
618 1616 806 1682 familiares.
839 1617 995 1698 Adeoque
1017 1616 1050 1680 in
1075 1616 1191 1682 itinere
1210 1615 1366 1680 feriarum

32 1704 211 1772 observari
242 1704 339 1771 debet
368 1726 444 1769 uum
474 1705 630 1788 perduret
659 1706 798 1771 actualis
830 1706 1033 1771 alumnorum
1063 1705 1230 1771 subiectio.
1278 1705 1367 1782 Quae

31 1815 120 1861 sano
144 1792 317 1877 perdurat,
350 1794 479 1875 quando
503 1794 674 1876 religiosus
697 1795 846 1860 alumnos
869 1795 911 1861 ad
934 1798 1090 1878 paternos
1119 1794 1205 1859 lares
1229 1794 1366 1871 reducit,

31 1886 145 1950 donec
169 1903 225 1947 eos
249 1882 379 1947 domum
402 1883 585 1950 adduxerit.
632 1883 725 1948 Alias
749 1888 858 1949 autem
889 1885 921 1948 in
946 1883 1064 1948 itinere
1086 1883 1120 1947 in
1144 1883 1291 1948 diversas
1315 1904 1367 1947 re·

30 1974 156 2056 gionae
187 1971 268 2036 haec
300 1972 458 2037 subiectio
490 1977 601 2056 potest
633 1972 762 2055 quidem
794 1973 988 2056 perdurare,
1023 1973 1081 2037 sed
1114 1994 1178 2036 non
1210 1972 1368 2055 perdurat

31 2061 243 2136 neeessari03
272 2081 377 2143 neque
401 2062 522 2127 sufficit
546 2062 657 2145 elapso
681 2083 766 2127 anno
789 2061 940 2126 iuvenem
964 2061 1185 2126 convictorem
1209 2062 1310 2126 fuisse
1333 2065 1368 2127 et

31 2151 191 2236 proximo
220 2150 367 2215 futurum
397 2171 485 2226 esse,
517 2157 554 2218 ut
583 2156 758 2235 propterea
788 2151 888 2216 etiam
911 2172 996 2216 nunc
1019 2150 1105 2216 ratio
1132 2150 1367 2216 familiaritatis

30 2242 68 2306 in
92 2240 136 2306 iis
161 2238 243 2305 satis
266 2242 426 2306 servetur.

128 2353 184 2418 An
214 2373 405 2428 curramus
436 2356 474 2419 3m
504 2353 543 2419 R.
572 2356 586 2417 l
619 2357 713 2437 patet
743 2374 785 2418 ex
816 2352 911 2418 dictis
941 2352 983 2418 ad
1014 2356 1063 2431 2¹¹³,
1094 2374 1151 2418 seu
1178 2352 1429 2419 Almaohius464

32 2443 149 2528 potuit
171 2441 220 2508 ita
243 2462 352 2525 agere,
376 2442 405 2506 si
427 2442 550 2507 alumni
573 2442 628 2507 illo
645 2448 792 2526 tempore
808 2442 964 2508 feriarum
980 2446 1171 2508 manserunt
1186 2442 1246 2507 sub
1262 2443 1368 2508 tutela

33 2539 70 2600 et
95 2531 334 2616 gubernatione
357 2531 566 2615 regularium.

129 2629 169 2694 R.
195 2632 226 2695 2.
273 2628 393 2706 Quodsi
423 2629 471 2695 ita
501 2631 590 2705 erat,
620 2627 794 2713 prohibitio
825 2627 1002 2713 superioris
1031 2628 1118 2694 illius
1141 2650 1206 2693 non
1228 2628 1309 2694 fecit
1331 2633 1368 2694 ut

35 2717 204 2785 confessio
234 2739 290 2783 seu
323 2717 484 2784 absolutio
515 2723 603 2784 esset
632 2717 792 2796 invalida,
826 2718 887 2783 nisi
917 2719 972 2783 ille
1001 2718 1146 2802 potuerit
1175 2718 1368 2784 subtrahere

35 2814 141 2890 atque
165 2806 370 2872 subtraxerit
391 2806 656 2873 iurisdictionem.
704 2805 834 2889 Alioqui
865 2807 949 2872 enim
973 2806 1163 2873 Almachius
1193 2807 1307 2873 habuit
1334 2811 1368 2872 et

36 2986 96 3053 ille
120 2985 207 3052 alius
222 2985 337 3050 domus
352 2985 559 3069 praepositus
575 2986 724 3069 superior
737 2985 897 3051 Almachii
913 2985 1043 3069 proprie
1067 2985 1173 3051 dictus
1196 3006 1260 3050 non
1284 2989 1366 3058 erat,

35 3074 90 3142 hic
112 3097 179 3140 non
194 3072 367 3156 illegitime
391 3074 550 3140 conclusit
573 3074 642 3139 eius
664 3074 914 3158 prohibitionem
937 3097 1002 3140 non
1024 3075 1137 3141 valere
1160 3096 1218 3159 pro
1241 3073 1368 3141 itineris

36 3163 269 3250 prosecutione
293 3163 355 3229 nisi
378 3163 465 3230 forte
488 3184 530 3229 ex
553 3164 713 3230 decentia.

415 3355 679 3422 IURISDICTIO
705 3356 753 3422 IN
776 3355 993 3423 NOVITIOS.

603 3505 713 3570 Casus.
732 3513 809 3581 (133)

130 3636 229 3698 Guido
250 3636 382 3695 novitius
404 3637 496 3696 utitur
517 3637 674 3697 occasione
696 3638 802 3710 exitus,
825 3658 910 3714 quem
925 3657 990 3696 cum
1007 3637 1073 3696 aliis
1095 3637 1216 3696 novitiis
1238 3639 1311 3698 lacit
1332 3641 1368 3698 ad

38 3718 245 3781 sanctuarium
265 3717 300 3776 B.
321 3717 434 3776 Marias
455 3717 505 3789 V.,
535 3724 568 3776 ut
589 3718 663 3777 clam
692 3719 868 3777 confiteatur
896 3718 974 3794 apud
1001 3738 1090 3777 unum
1119 3737 1156 3776 ex
1178 3719 1369 3777 confessariis

37 3799 247 3860 saecularibus
266 3795 309 3855 ibi
329 3797 483 3874 expositis,
506 3817 571 3857 curn
593 3799 751 3858 difficulter
766 3799 977 3858 conscientiam
993 3818 1076 3857 suam
1092 3799 1212 3872 detegat
1225 3799 1368 3874 magistro

37 3881 230 3950 novitiorum,
253 3878 330 3953 apud
352 3897 435 3953 quem
458 3878 552 3937 solum
574 3898 607 3937 se
629 3879 764 3937 confiteri
785 3899 874 3956 posse
895 3879 973 3938 domi
994 3878 1104 3939 dictum
1126 3884 1198 3939 erat.

38 3989 220 4060 Qusamrua
242 3986 272 4043 1⁰
291 3984 397 4042 novitii
417 3984 550 4060 religiosi
570 4003 588 4041 a
610 4004 666 4060 quo
687 3985 804 4062 possint
825 3985 951 4045 absolvi.

243 4073 274 4131 2ο
296 4073 448 4148 possintne
462 4093 480 4131 a
494 4074 645 4150 superiore
660 4094 714 4133 suo
729 4075 877 4152 prohiberi
893 4075 1046 4150 quominus
1061 4073 1158 4132 valide
1174 4074 1370 4133 confiteantur

296 4155 373 4230 apud
395 4155 484 4213 alium
505 4154 690 4230 designatum
713 4157 927 4214 confessarium
948 4155 1128 4229 religiosum.

245 4245 275 4302 3ο
295 4243 364 4318 quid
385 4244 421 4303 de
443 4243 586 4303 Gnidonis
608 4245 794 4304 confessione
815 4245 855 4304 sit
876 4243 1072 4303 iudicandum.

638 4400 773 4468 Salutio.

130 4535 183 4600 An
215 4554 406 4610 Qunrsrrnu
437 4537 473 4598 1¹¹¹
496 4536 535 4601 lt.
563 4538 591 4603 1.
639 4535 778 4601 Dubium
809 4558 873 4601 non
904 4541 955 4602 est
985 4535 1061 4618 quin
1092 4536 1218 4600 absolvi
1245 4538 1429 4622 possint465

41 4644 61 4690 a
83 4623 254 4710 superiore
276 4644 336 4689 suo
359 4624 503 4706 regulari
526 4625 579 4689 vel
610 4626 652 4689 ab
676 4646 714 4689 eo
739 4646 834 4706 quem
857 4626 923 4689 ille·
937 4625 1111 4706 delegavit.
1157 4624 1195 4689 Id
1221 4624 1369 4707 sequitur
