3044 5174
493 294 611 349 Sacram.
630 293 801 348 ministrandi
820 294 957 362 obligatio.
1344 295 1384 358 21

143 469 186 536 R.
214 472 244 534 2.
293 468 387 533 Prior
410 489 504 546 vero,
536 490 627 533 sume
657 467 833 552 parochum
864 468 968 533 relate
995 467 1037 532 ad
1068 489 1144 532 suos
1173 467 1388 551 parochianos

57 558 144 640 (narn
171 559 281 624 relate
306 559 349 624 ad
372 563 548 624 extraneos
576 558 739 641 parochus
762 579 826 622 non
850 557 955 639 magis
979 561 1111 623 tenetur
1134 577 1231 638 quam
1254 557 1309 621 ille
1333 556 1388 638 qui

57 669 118 714 uon
145 669 191 713 ex
212 647 321 713 officio
344 649 401 712 sed
425 668 467 711 ex
491 648 563 712 sola
578 647 718 712 caritate
741 648 896 728 tenetur),
921 650 1054 712 tenetur
1069 667 1110 710 ex
1134 644 1260 710 iustitia
1276 666 1388 710 sacra-

10 733 16 813 l
57 743 170 804 menta
187 736 430 814 administrare,
449 736 577 818 quoties
592 736 714 801 subditi
730 736 970 802 rationabiliter
985 739 1115 819 petunt:
1134 755 1217 817 quae
1231 734 1388 818 obligatio

58 849 96 892 ex
119 848 160 892 se
184 827 302 907 gravis
324 830 392 903 est,
423 825 568 891 admittit
598 831 708 892 tamen
732 827 931 909 parvitatem
954 824 1130 901 materiae,
1161 824 1209 889 ita
1232 828 1269 888 ut
1292 827 1389 890 extra

57 915 294 982 necessitatem
318 936 382 980 una
404 917 552 980 alterave
575 916 647 979 vice
670 921 878 980 sacramenta
893 934 1045 980 recusare
1069 914 1098 979 ei
1122 913 1177 995 qui
1200 913 1390 994 frequenter

59 1026 94 1071 ea
118 1004 262 1088 suscipit
292 1003 425 1069 nonsit
453 1005 565 1085 gravis
594 1003 750 1080 materia,
782 1005 900 1087 quippe
929 1003 1015 1085 quod
1045 1003 1089 1068 sit
1119 1003 1271 1068 damnum
1303 1002 1389 1084 quod

58 1095 154 1161 facile
179 1093 332 1177 reparari
353 1092 466 1178 possit.

145 1219 204 1283 An
228 1236 420 1292 ovaaslruu
444 1218 483 1280 2¹²²
506 1215 545 1282 R.
573 1218 600 1282 1.
648 1216 697 1280 De
721 1236 760 1281 eo
791 1216 844 1297 qui
874 1237 917 1281 ex
941 1215 1049 1281 officio
1073 1237 1184 1281 curam
1207 1215 1433 1280 animarum‘lt

10 1343 17 1407 5
59 1306 252 1373 nonhabet
282 1305 471 1389 iamsupra
498 1304 705 1371 dictumest.
753 1305 802 1369 De
826 1304 967 1388 parocho
991 1309 1101 1371 autem
1125 1305 1178 1369 vel
1210 1304 1249 1369 de
1273 1325 1311 1370 eo
1335 1303 1390 1386 qui

60 1418 98 1462 ex
121 1395 234 1462 officio
259 1395 359 1460 habet
382 1415 492 1460 curam
517 1394 697 1459 animarum
723 1393 894 1459 dicendum
910 1400 961 1461 est
984 1395 1177 1479 simpliciter
1199 1414 1273 1458 eum
1289 1393 1389 1459 etiam

61 1507 129 1552 cum
147 1486 243 1552 vitae
266 1484 411 1569 periculo
435 1484 554 1549 debere
577 1483 715 1549 subditis
739 1483 806 1548 suis
830 1484 1028 1549 conferenda
1051 1504 1166 1549 curare
1190 1490 1391 1548 sacramenta

59 1577 258 1657 necessario,
289 1573 310 1639 i.
335 1594 362 1639 e.
386 1573 419 1638 in
449 1573 593 1656 periculo
616 1572 731 1639 mortis
755 1575 1027 1639 sacramentalem
1050 1572 1304 1650 absolutionem,
1335 1571 1392 1636 vel

10 1690 14 1718 ι
61 1666 87 1730 ei
111 1664 170 1746 qui
194 1663 383 1746 baptizatus
407 1663 548 1727 nondum
573 1667 661 1727 esset
684 1662 898 1744 baptismum,
930 1662 961 1727 ei
983 1682 1062 1727 vero
1087 1661 1140 1744 qui
1164 1662 1313 1726 sensibus
1336 1660 1391 1725 de·

10 1775 14 1810 ι
60 1754 198 1819 stitutus
212 1757 265 1817 est
279 1751 472 1835 praeprimis
488 1751 587 1816 etiam
604 1755 786 1816 extremam
804 1751 998 1817 unctionem.
1027 1751 1166 1833 Reliqua
1182 1753 1391 1816 sacramenta

61 1841 252 1908 conferendi
284 1840 400 1906 stricta
433 1840 589 1922 obligatio
622 1861 686 1904 non
717 1845 784 1911 est:
818 1840 1018 1905 suadendum
1051 1843 1163 1906 tamen
1194 1841 1323 1905 omnino
1354 1842 1392 1904 ut

10 1933 19 1993 >
61 1932 263 2016 praebeatur
285 1929 441 1995 viaticum
471 1930 606 2005 saltem;
637 1928 735 1993 immo
766 1929 865 1994 etiam
896 1930 956 1994 sub
986 1929 1078 1994 brevi
1107 1929 1215 1994 forma
1243 1929 1392 1994 omnibus

62 2043 85 2087 s.
101 2020 217 2086 unctio
241 2017 355 2100 (quam
378 2020 512 2083 brevem
535 2017 726 2095 formulam,
751 2039 825 2083 cum
848 2040 913 2083 non
936 2018 980 2084 sit
1003 2019 1132 2084 omnino
1157 2023 1247 2084 certe
1270 2017 1391 2095 valida,

62 2109 219 2176 adhibere
234 2108 321 2191 apud
337 2128 410 2172 cum
428 2107 483 2189 qui
498 2106 648 2172 sensibus
672 2107 849 2174 destitutus
865 2109 1136 2174 sacramentalem
1154 2108 1391 2173 absolutionem

63 2198 290 2264 condicionate
313 2201 442 2262 tantum
466 2196 612 2279 recipere
634 2201 745 2280 potest
767 2217 841 2262 mea
864 2193 1029 2264 sententia
1052 2219 1117 2262 non
1139 2196 1274 2279 licebit).

149 2295 191 2362 R.
227 2297 258 2361 2.
311 2294 465 2360 Consulto
504 2293 572 2359 dixi
607 2315 678 2359 csse
716 2315 854 2376 gravem
889 2295 1119 2378 obligationem
1156 2299 1192 2359 ut
1231 2293 1392 2378 parochus

10 2364 16 2407 ⁵
62 2388 274 2452 sacramenta
289 2383 475 2449 necessaria
496 2384 691 2465 conferendo
715 2392 811 2465 curet,
836 2405 899 2448 non
917 2388 954 2449 ut
976 2384 1046 2469 ipse
1062 2383 1219 2449 conferat.
1257 2383 1290 2450 Si
1306 2383 1392 2448 enim

61 2474 223 2540 vicarium
255 2473 355 2539 babet
389 2472 444 2555 qui
477 2472 626 2537 conferat
657 2474 772 2538 mortis
805 2473 983 2556 periculum
1016 2474 1122 2538 minus
1153 2473 1292 2550 timens,
1326 2493 1392 2538 non

60 2564 130 2648 ipse
164 2562 383 2647 personaliter
414 2567 622 2628 sacramenta
653 2565 786 2628 tenetur
817 2562 980 2639 conferre,
1015 2562 1076 2627 nisi
1108 2562 1193 2628 forte
1224 2583 1266 2627 ex
1297 2560 1392 2644 gravi

63 2673 164 2719 causa
196 2651 315 2734 aliquis
349 2651 565 2736 parochianus
599 2651 777 2735 parochum
809 2652 1027 2735 personaliter
1058 2651 1285 2735 postulaverit.
1340 2651 1392 2715 lta

63 2742 164 2808 etiam
188 2739 447 2807 Benedictus
470 2739 546 2805 XIV
571 2739 604 2804 in
628 2760 726 2823 opere
749 2740 800 2805 De
822 2764 890 2828 syn.
917 2742 1011 2806 dioec.
1036 2741 1057 2807 l.
1085 2744 1142 2819 13,
1168 2762 1194 2806 c.
1222 2743 1278 2818 19,
1303 2761 1335 2805 n.
1361 2742 1390 2804 2.

62 2831 161 2898 Ratio
185 2851 246 2895 cur
271 2829 333 2895 hoc
355 2830 453 2895 liceat
476 2849 540 2892 non
563 2833 633 2895 tam
657 2833 708 2895 est
737 2830 870 2912 parochi
901 2829 1033 2911 ignavia
1057 2829 1217 2912 quaedam
1241 2832 1275 2894 et
1304 2827 1391 2895 timi·

64 2921 166 2996 ditas,
199 2919 258 2984 sed
288 2919 363 3001 quia
393 2918 454 2983 hac
485 2917 712 2984 distributione
741 2918 862 2984 laboris
893 2919 1040 3001 utrisque
1063 2920 1179 2985 melius
1203 2917 1391 2992 consulitur,

10 3011 17 3055 ¹
64 3015 95 3077 et
117 3008 269 3091 aegrotis
292 3012 328 3073 et
349 3007 452 3085 saniS,
477 3028 549 3072 cum
573 3007 771 3090 posteriores
795 3007 842 3073 illi
865 3007 963 3074 aliter
985 3009 1140 3075 timerent
1164 3006 1392 3088 contagionem

10 3114 15 3165 t
63 3121 119 3183 per
142 3097 334 3183 parochum.

153 3196 194 3262 R.
221 3197 251 3262 3.
297 3193 515 3260 Nihilominus
539 3193 698 3276 parocho,
724 3193 785 3258 etsi
809 3194 968 3260 vicarium
992 3195 1141 3260 idoneum
1165 3195 1302 3272 habeat,
1326 3213 1392 3258 non

65 3285 176 3351 licebit
207 3289 354 3367 tempore
378 3283 583 3364 contagionis
613 3303 655 3347 ex
685 3284 840 3365 parochia
870 3284 1062 3368 simpliciter
1091 3284 1253 3349 recedere.
1300 3282 1392 3359 Quod

65 3374 215 3458 sequitur
238 3394 281 3437 ex
303 3377 423 3438 natura
446 3371 589 3455 suscepti
612 3372 765 3440 muneris.
813 3374 891 3438 Cum
916 3374 1002 3438 enim
1031 3373 1104 3439 ideo
1128 3372 1325 3438 constitutus
1348 3371 1393 3436 sit

66 3472 96 3533 et
129 3485 173 3529 ex
204 3461 330 3527 iustitia
361 3462 393 3526 id
423 3482 523 3543 agere
553 3462 688 3538 debeat,
720 3465 756 3526 ut
785 3462 975 3545 parochiani
1005 3463 1184 3527 mediorum
1214 3482 1234 3525 a
1264 3460 1392 3525 Christo

10 3623 14 3639 ,
65 3554 306 3628 institutorum,
331 3550 373 3616 ad
396 3572 479 3633 quae
503 3572 561 3634 per
584 3550 781 3633 baptismum
806 3558 841 3617 et
863 3551 938 3616 fidei
961 3572 1060 3616 verae
1082 3550 1319 3634 professionem
1341 3549 1393 3614 ius

66 3642 320 3726 acquisiverunt,
333 3639 452 3723 reipsa
467 3639 645 3723 participes
658 3640 811 3716 evadant,
828 3640 925 3706 debet
940 3640 1005 3705 illis
1016 3640 1158 3705 maxime
1174 3644 1243 3704 tum
1260 3645 1392 3722 praesto

10 3728 11 3738 ’
66 3754 135 3798 esse
161 3730 292 3813 quando
316 3729 430 3794 mediis
453 3729 569 3794 salutis
592 3729 735 3793 maxime
758 3729 920 3810 indigent,
944 3730 964 3796 i.
990 3751 1017 3795 e.
1043 3731 1075 3795 in
1100 3729 1242 3812 periculo
1266 3728 1391 3805 mortis,

65 3819 261 3906 praesertim
272 3819 300 3884 si
311 3818 488 3903 periculum
501 3818 580 3883 illud
593 3839 652 3901 per
662 3818 885 3899 contagiosum
897 3819 1044 3883 morbum
1056 3819 1199 3884 evaserit
1211 3838 1392 3884 commune.

10 3867 17 3967 l
154 3908 226 3986 Quo
258 3929 335 3972 vero
366 3907 470 3972 omnis
500 3907 660 3972 dubitatio
691 3908 843 3984 tollatur,
874 3907 1030 3972 habemus
1062 3909 1226 3973 decretum
1252 3907 1284 3973 S.
1309 3907 1392 3972 Con·

65 3997 269 4083 gregationis
292 3996 423 4062 Concilii
455 3997 485 4061 d.
511 3997 540 4061 d.
567 4000 595 4061 6.
621 3998 698 4062 Dec.
727 3999 827 4075 1576,
858 3996 956 4061 immo
981 3998 1094 4062 eodem
1122 4001 1268 4081 tempore
1292 3996 1393 4079 ipsius

66 4088 184 4156 summi
209 4086 371 4171 pontificis
400 4086 564 4152 decretum
592 4086 677 4167 quod
701 4085 811 4151 videre
836 4087 913 4152 licet
938 4088 1023 4170 apud
1050 4088 1081 4153 S.
1099 4088 1214 4171 Alph.
1232 4087 1289 4164 Vl,
1317 4088 1390 4162 233,

10 4229 11 4233 ,
65 4177 113 4244 his
143 4175 273 4242 verbis:
313 4175 546 4252 ,sanctitatem
579 4197 671 4240 suam
705 4176 888 4241 decrevisse
919 4177 1078 4260 parochos
1111 4182 1257 4260 tempore
1290 4174 1392 4257 pestis

67 4267 197 4333 omnino
220 4264 326 4332 teneri
342 4264 485 4329 residere
502 4265 535 4329 in
551 4264 618 4329 suis
635 4264 789 4340 ecclesiis,
814 4287 909 4347 posse
925 4272 1035 4332 tamen
1052 4288 1111 4350 per
1127 4266 1224 4331 alium
1240 4265 1391 4329 idoneum

67 4361 255 4423 ministrare
279 4357 484 4419 sacramenta
508 4353 663 4436 baptismi
687 4358 719 4418 et
742 4354 979 4436 paenitentiae;
1005 4360 1039 4420 et
1062 4356 1089 4419 si
1114 4377 1176 4420 non
1199 4352 1390 4429 resederint,

10 4463 20 4551 3
68 4450 182 4513 contra
198 4466 256 4510 eos
272 4443 509 4526 procedendum
526 4464 608 4519 esse,
633 4446 767 4507 servata
790 4442 897 4507 forma
912 4444 1094 4508 Tridentini
1118 4465 1196 4508 sess.
1215 4447 1267 4519 23,
1292 4463 1319 4508 c.
1340 4444 1386 4506 l.“

10 2530 20 2575 i

10 3274 18 3313 i

153 4569 209 4634 An
242 4586 433 4643 Quansmuu
467 4569 504 4630 3¹⁰
538 4566 575 4631 R.
613 4568 640 4630 1.
694 4564 885 4631 Timendum
921 4572 972 4632 est
1006 4589 1047 4632 ne
1082 4567 1187 4632 Titius
1222 4586 1390 4631 excessum
1402 4572 1434 4623 30

69 4658 220 4725 vitiosum
245 4656 362 4721 adesse
378 4660 495 4731 sumat,
522 4654 574 4719 ubi
599 4659 739 4720 nonest.
776 4655 870 4733 Sane,
896 4657 922 4720 si
947 4656 1094 4738 quisunt
1118 4655 1257 4737 quisine
1281 4653 1391 4719 debita
