<?xml version="1.0" encoding="UTF-8"?>
<!DOCTYPE html PUBLIC "-//W3C//DTD XHTML 1.0 Transitional//EN"
    "http://www.w3.org/TR/xhtml1/DTD/xhtml1-transitional.dtd">
<html xmlns="http://www.w3.org/1999/xhtml" xml:lang="en" lang="en">
 <head>
  <title>
</title>
<meta http-equiv="Content-Type" content="text/html;charset=utf-8" />
  <meta name='ocr-system' content='tesseract 3.04.00' />
  <meta name='ocr-capabilities' content='ocr_page ocr_carea ocr_par ocr_line ocrx_word'/>
</head>
<body>
  <div class='ocr_page' id='page_1' title='image "./casusconscienti00lehmgoog_0503.png"; bbox 0 0 3044 5174; ppageno 0'>
   <div class='ocr_carea' id='block_1_1' title="bbox 402 268 1390 340">
    <p class='ocr_par' dir='ltr' id='par_1_1' title="bbox 402 268 1390 340">
     <span class='ocr_line' id='line_1_1' title="bbox 402 268 1390 340; baseline 0.004 -15"><span class='ocrx_word' id='word_1_1' title='bbox 402 269 605 325; x_wconf 75' lang='lat' dir='ltr'><strong>Matrimonium</strong></span> <span class='ocrx_word' id='word_1_2' title='bbox 624 269 829 339; x_wconf 79' lang='lat' dir='ltr'><strong>praecedentia:</strong></span> <span class='ocrx_word' id='word_1_3' title='bbox 849 302 883 312; x_wconf 97' lang='lat'>-</span> <span class='ocrx_word' id='word_1_4' title='bbox 902 268 1052 340; x_wconf 87' lang='lat' dir='ltr'><strong>Sponsalia.</strong></span> <span class='ocrx_word' id='word_1_5' title='bbox 1325 275 1390 339; x_wconf 88' lang='grc'><strong>489</strong></span> 
     </span>
    </p>
   </div>
   <div class='ocr_carea' id='block_1_2' title="bbox 56 444 1391 2228">
    <p class='ocr_par' dir='ltr' id='par_1_2' title="bbox 56 444 1391 1603">
     <span class='ocr_line' id='line_1_2' title="bbox 149 444 1391 530; baseline -0.002 -16"><span class='ocrx_word' id='word_1_6' title='bbox 149 447 242 526; x_wconf 85' lang='lat' dir='ltr'><strong>Quae</strong></span> <span class='ocrx_word' id='word_1_7' title='bbox 265 447 415 513; x_wconf 89' lang='lat' dir='ltr'><strong>doctrina</strong></span> <span class='ocrx_word' id='word_1_8' title='bbox 438 447 620 530; x_wconf 88' lang='lat' dir='ltr'><strong>completur</strong></span> <span class='ocrx_word' id='word_1_9' title='bbox 643 447 664 513; x_wconf 96' lang='lat' dir='ltr'><strong>l.</strong></span> <span class='ocrx_word' id='word_1_10' title='bbox 689 467 716 511; x_wconf 90' lang='lat' dir='ltr'><strong>c.</strong></span> <span class='ocrx_word' id='word_1_11' title='bbox 742 466 771 511; x_wconf 93' lang='lat' dir='ltr'><strong>n.</strong></span> <span class='ocrx_word' id='word_1_12' title='bbox 798 448 879 510; x_wconf 83' lang='lat'>865:</span> <span class='ocrx_word' id='word_1_13' title='bbox 917 444 1108 522; x_wconf 78' lang='lat' dir='ltr'>„Quaeritur</span> <span class='ocrx_word' id='word_1_14' title='bbox 1132 468 1174 512; x_wconf 91' lang='lat' dir='ltr'><strong>an</strong></span> <span class='ocrx_word' id='word_1_15' title='bbox 1197 468 1276 530; x_wconf 91' lang='lat' dir='ltr'><strong>pars</strong></span> <span class='ocrx_word' id='word_1_16' title='bbox 1299 447 1391 512; x_wconf 91' lang='lat' dir='ltr'><strong>labo·</strong></span> 
     </span>
     <span class='ocr_line' id='line_1_3' title="bbox 56 534 1391 618; baseline -0.002 -13"><span class='ocrx_word' id='word_1_17' title='bbox 56 561 138 605; x_wconf 89' lang='lat' dir='ltr'><strong>rans</strong></span> <span class='ocrx_word' id='word_1_18' title='bbox 163 537 294 605; x_wconf 83' lang='lat' dir='ltr'><strong>defectu</strong></span> <span class='ocrx_word' id='word_1_19' title='bbox 318 536 447 602; x_wconf 86' lang='lat' dir='ltr'><strong>occulto</strong></span> <span class='ocrx_word' id='word_1_20' title='bbox 470 535 645 601; x_wconf 88' lang='lat' dir='ltr'><strong>sufficienti</strong></span> <span class='ocrx_word' id='word_1_21' title='bbox 677 535 719 600; x_wconf 93' lang='lat' dir='ltr'><strong>ad</strong></span> <span class='ocrx_word' id='word_1_22' title='bbox 744 534 903 599; x_wconf 89' lang='lat' dir='ltr'><strong>solvenda</strong></span> <span class='ocrx_word' id='word_1_23' title='bbox 925 535 1092 618; x_wconf 80' lang='lat' dir='ltr'>sponsalia</span> <span class='ocrx_word' id='word_1_24' title='bbox 1122 540 1277 601; x_wconf 87' lang='lat' dir='ltr'><strong>teneatur</strong></span> <span class='ocrx_word' id='word_1_25' title='bbox 1300 536 1391 602; x_wconf 90' lang='lat' dir='ltr'><strong>illum</strong></span> 
     </span>
     <span class='ocr_line' id='line_1_4' title="bbox 56 624 1391 708; baseline -0.002 -14"><span class='ocrx_word' id='word_1_26' title='bbox 56 627 278 694; x_wconf 83' lang='lat' dir='ltr'><strong>manifestare</strong></span> <span class='ocrx_word' id='word_1_27' title='bbox 313 631 391 691; x_wconf 88' lang='lat' dir='ltr'><strong>ante</strong></span> <span class='ocrx_word' id='word_1_28' title='bbox 425 624 610 708; x_wconf 79' lang='lat' dir='ltr'><strong>sponsalia,</strong></span> <span class='ocrx_word' id='word_1_29' title='bbox 644 625 698 689; x_wconf 84' lang='lat' dir='ltr'><strong>vel</strong></span> <span class='ocrx_word' id='word_1_30' title='bbox 728 624 768 688; x_wconf 87' lang='lat' dir='ltr'><strong>iis</strong></span> <span class='ocrx_word' id='word_1_31' title='bbox 803 624 981 690; x_wconf 88' lang='lat' dir='ltr'><strong>contractis</strong></span> <span class='ocrx_word' id='word_1_32' title='bbox 1013 630 1091 690; x_wconf 90' lang='lat' dir='ltr'><strong>ante</strong></span> <span class='ocrx_word' id='word_1_33' title='bbox 1122 625 1391 691; x_wconf 78' lang='lat' dir='ltr'><strong>matrimonium?</strong></span> 
     </span>
     <span class='ocr_line' id='line_1_5' title="bbox 57 713 1391 799; baseline -0.001 -16"><span class='ocrx_word' id='word_1_34' title='bbox 57 769 64 783; x_wconf 93' lang='lat'><strong>.</strong></span> <span class='ocrx_word' id='word_1_35' title='bbox 85 770 93 786; x_wconf 90' lang='lat'><strong>.</strong></span> <span class='ocrx_word' id='word_1_36' title='bbox 113 769 121 784; x_wconf 92' lang='lat'><strong>.</strong></span> <span class='ocrx_word' id='word_1_37' title='bbox 140 717 175 782; x_wconf 86' lang='lat' dir='ltr'><strong>Si</strong></span> <span class='ocrx_word' id='word_1_38' title='bbox 198 715 348 782; x_wconf 86' lang='lat' dir='ltr'><strong>defectus</strong></span> <span class='ocrx_word' id='word_1_39' title='bbox 371 735 435 779; x_wconf 93' lang='lat' dir='ltr'><strong>non</strong></span> <span class='ocrx_word' id='word_1_40' title='bbox 452 714 606 780; x_wconf 89' lang='lat' dir='ltr'><strong>redderet</strong></span> <span class='ocrx_word' id='word_1_41' title='bbox 621 714 753 797; x_wconf 88' lang='lat' dir='ltr'><strong>nuptias</strong></span> <span class='ocrx_word' id='word_1_42' title='bbox 769 713 896 791; x_wconf 83' lang='lat' dir='ltr'><strong>noxias,</strong></span> <span class='ocrx_word' id='word_1_43' title='bbox 921 715 979 778; x_wconf 90' lang='lat' dir='ltr'><strong>sed</strong></span> <span class='ocrx_word' id='word_1_44' title='bbox 994 718 1123 779; x_wconf 88' lang='lat' dir='ltr'><strong>tantum</strong></span> <span class='ocrx_word' id='word_1_45' title='bbox 1139 717 1246 780; x_wconf 90' lang='lat' dir='ltr'><strong>minus</strong></span> <span class='ocrx_word' id='word_1_46' title='bbox 1263 717 1391 799; x_wconf 91' lang='lat' dir='ltr'><strong>appeti·</strong></span> 
     </span>
     <span class='ocr_line' id='line_1_6' title="bbox 58 803 1390 888; baseline -0.002 -15"><span class='ocrx_word' id='word_1_47' title='bbox 58 807 162 883; x_wconf 89' lang='lat' dir='ltr'><strong>biles,</strong></span> <span class='ocrx_word' id='word_1_48' title='bbox 186 825 303 888; x_wconf 80' lang='lat' dir='ltr'><strong>nempe</strong></span> <span class='ocrx_word' id='word_1_49' title='bbox 327 804 355 869; x_wconf 89' lang='lat' dir='ltr'><strong>si</strong></span> <span class='ocrx_word' id='word_1_50' title='bbox 378 825 500 887; x_wconf 89' lang='lat' dir='ltr'><strong>sponsa</strong></span> <span class='ocrx_word' id='word_1_51' title='bbox 523 807 612 868; x_wconf 90' lang='lat' dir='ltr'><strong>esset</strong></span> <span class='ocrx_word' id='word_1_52' title='bbox 635 823 776 886; x_wconf 81' lang='lat' dir='ltr'><strong>pauper,</strong></span> <span class='ocrx_word' id='word_1_53' title='bbox 808 823 893 885; x_wconf 91' lang='lat' dir='ltr'><strong>quas</strong></span> <span class='ocrx_word' id='word_1_54' title='bbox 916 806 1090 886; x_wconf 88' lang='lat' dir='ltr'><strong>reputatur</strong></span> <span class='ocrx_word' id='word_1_55' title='bbox 1113 803 1255 870; x_wconf 88' lang='lat' dir='ltr'><strong>dives..</strong></span> <span class='ocrx_word' id='word_1_56' title='bbox 1275 855 1293 881; x_wconf 87' lang='lat'><strong>.,</strong></span> <span class='ocrx_word' id='word_1_57' title='bbox 1319 826 1390 870; x_wconf 91' lang='lat' dir='ltr'><strong>cor·</strong></span> 
     </span>
     <span class='ocr_line' id='line_1_7' title="bbox 57 890 1390 980; baseline 0.001 -21"><span class='ocrx_word' id='word_1_58' title='bbox 57 900 170 980; x_wconf 90' lang='lat' dir='ltr'><strong>rupta,</strong></span> <span class='ocrx_word' id='word_1_59' title='bbox 195 914 279 977; x_wconf 89' lang='lat' dir='ltr'><strong>quae</strong></span> <span class='ocrx_word' id='word_1_60' title='bbox 294 893 405 975; x_wconf 85' lang='lat' dir='ltr'><strong>virgo:</strong></span> <span class='ocrx_word' id='word_1_61' title='bbox 430 898 519 968; x_wconf 91' lang='lat' dir='ltr'><strong>tunc,</strong></span> <span class='ocrx_word' id='word_1_62' title='bbox 544 902 614 958; x_wconf 91' lang='lat' dir='ltr'><strong>esto</strong></span> <span class='ocrx_word' id='word_1_63' title='bbox 638 892 711 975; x_wconf 89' lang='lat' dir='ltr'><strong>ipsa</strong></span> <span class='ocrx_word' id='word_1_64' title='bbox 734 912 799 956; x_wconf 93' lang='lat' dir='ltr'><strong>non</strong></span> <span class='ocrx_word' id='word_1_65' title='bbox 822 890 927 975; x_wconf 82' lang='lat' dir='ltr'><strong>possit</strong></span> <span class='ocrx_word' id='word_1_66' title='bbox 943 892 1093 977; x_wconf 84' lang='lat' dir='ltr'><strong>decipere</strong></span> <span class='ocrx_word' id='word_1_67' title='bbox 1109 893 1215 957; x_wconf 89' lang='lat' dir='ltr'><strong>virum</strong></span> <span class='ocrx_word' id='word_1_68' title='bbox 1238 895 1390 976; x_wconf 86' lang='lat' dir='ltr'><strong>lingendo</strong></span> 
     </span>
     <span class='ocr_line' id='line_1_8' title="bbox 56 981 1390 1058; baseline -0.003 -7"><span class='ocrx_word' id='word_1_69' title='bbox 56 1007 96 1051; x_wconf 88' lang='lat' dir='ltr'><strong>se</strong></span> <span class='ocrx_word' id='word_1_70' title='bbox 128 986 305 1051; x_wconf 89' lang='lat' dir='ltr'><strong>immunem</strong></span> <span class='ocrx_word' id='word_1_71' title='bbox 337 1004 358 1048; x_wconf 92' lang='lat' dir='ltr'><strong>a</strong></span> <span class='ocrx_word' id='word_1_72' title='bbox 389 981 449 1049; x_wconf 92' lang='lat' dir='ltr'><strong>tali</strong></span> <span class='ocrx_word' id='word_1_73' title='bbox 472 982 621 1058; x_wconf 89' lang='lat' dir='ltr'><strong>defectu,</strong></span> <span class='ocrx_word' id='word_1_74' title='bbox 655 989 766 1047; x_wconf 89' lang='lat' dir='ltr'><strong>tamen</strong></span> <span class='ocrx_word' id='word_1_75' title='bbox 797 1001 863 1045; x_wconf 93' lang='lat' dir='ltr'><strong>non</strong></span> <span class='ocrx_word' id='word_1_76' title='bbox 893 985 1027 1046; x_wconf 88' lang='lat' dir='ltr'><strong>tenetur</strong></span> <span class='ocrx_word' id='word_1_77' title='bbox 1057 981 1221 1047; x_wconf 89' lang='lat' dir='ltr'><strong>defectum</strong></span> <span class='ocrx_word' id='word_1_78' title='bbox 1252 983 1390 1048; x_wconf 88' lang='lat' dir='ltr'><strong>manifs-</strong></span> 
     </span>
     <span class='ocr_line' id='line_1_9' title="bbox 57 1069 1390 1154; baseline -0.002 -15"><span class='ocrx_word' id='word_1_79' title='bbox 57 1079 163 1140; x_wconf 89' lang='lat' dir='ltr'><strong>stare.</strong></span> <span class='ocrx_word' id='word_1_80' title='bbox 181 1125 188 1140; x_wconf 90' lang='lat'><strong>.</strong></span> <span class='ocrx_word' id='word_1_81' title='bbox 207 1126 241 1141; x_wconf 89' lang='lat'><strong>..</strong></span> <span class='ocrx_word' id='word_1_82' title='bbox 287 1071 383 1138; x_wconf 90' lang='lat' dir='ltr'><strong>Unde</strong></span> <span class='ocrx_word' id='word_1_83' title='bbox 407 1071 520 1137; x_wconf 90' lang='lat' dir='ltr'><strong>dicunt</strong></span> <span class='ocrx_word' id='word_1_84' title='bbox 542 1069 685 1154; x_wconf 86' lang='lat' dir='ltr'><strong>praefati</strong></span> <span class='ocrx_word' id='word_1_85' title='bbox 709 1074 879 1148; x_wconf 89' lang='lat' dir='ltr'><strong>auctores,</strong></span> <span class='ocrx_word' id='word_1_86' title='bbox 910 1071 996 1152; x_wconf 88' lang='lat' dir='ltr'><strong>quod</strong></span> <span class='ocrx_word' id='word_1_87' title='bbox 1019 1092 1141 1154; x_wconf 91' lang='lat' dir='ltr'><strong>sponsa</strong></span> <span class='ocrx_word' id='word_1_88' title='bbox 1164 1072 1205 1137; x_wconf 90' lang='lat' dir='ltr'><strong>ab</strong></span> <span class='ocrx_word' id='word_1_89' title='bbox 1230 1071 1293 1137; x_wconf 89' lang='lat' dir='ltr'><strong>alio</strong></span> <span class='ocrx_word' id='word_1_90' title='bbox 1318 1093 1390 1138; x_wconf 92' lang='lat' dir='ltr'><strong>cor·</strong></span> 
     </span>
     <span class='ocr_line' id='line_1_10' title="bbox 56 1159 1389 1247; baseline -0.001 -19"><span class='ocrx_word' id='word_1_91' title='bbox 56 1167 170 1247; x_wconf 87' lang='lat' dir='ltr'><strong>rupta,</strong></span> <span class='ocrx_word' id='word_1_92' title='bbox 194 1161 326 1231; x_wconf 89' lang='lat' dir='ltr'><strong>etiamsi</strong></span> <span class='ocrx_word' id='word_1_93' title='bbox 348 1161 609 1243; x_wconf 86' lang='lat' dir='ltr'><strong>interrogaretur</strong></span> <span class='ocrx_word' id='word_1_94' title='bbox 633 1180 653 1224; x_wconf 91' lang='lat' dir='ltr'><strong>a</strong></span> <span class='ocrx_word' id='word_1_95' title='bbox 676 1180 796 1243; x_wconf 91' lang='lat' dir='ltr'><strong>sponso</strong></span> <span class='ocrx_word' id='word_1_96' title='bbox 819 1181 862 1224; x_wconf 91' lang='lat' dir='ltr'><strong>an</strong></span> <span class='ocrx_word' id='word_1_97' title='bbox 886 1159 987 1225; x_wconf 82' lang='lat' dir='ltr'><strong>fuerit</strong></span> <span class='ocrx_word' id='word_1_98' title='bbox 1009 1159 1051 1225; x_wconf 92' lang='lat' dir='ltr'><strong>ab</strong></span> <span class='ocrx_word' id='word_1_99' title='bbox 1076 1159 1140 1225; x_wconf 92' lang='lat' dir='ltr'><strong>alio</strong></span> <span class='ocrx_word' id='word_1_100' title='bbox 1164 1161 1307 1243; x_wconf 86' lang='lat' dir='ltr'><strong>cognita,</strong></span> <span class='ocrx_word' id='word_1_101' title='bbox 1331 1184 1389 1246; x_wconf 90' lang='lat' dir='ltr'><strong>po·</strong></span> 
     </span>
     <span class='ocr_line' id='line_1_11' title="bbox 57 1248 1388 1333; baseline -0.002 -14"><span class='ocrx_word' id='word_1_102' title='bbox 57 1251 142 1319; x_wconf 90' lang='lat' dir='ltr'><strong>terit</strong></span> <span class='ocrx_word' id='word_1_103' title='bbox 172 1249 378 1316; x_wconf 90' lang='lat' dir='ltr'><strong>dissimulare</strong></span> <span class='ocrx_word' id='word_1_104' title='bbox 409 1254 443 1315; x_wconf 89' lang='lat' dir='ltr'><strong>et</strong></span> <span class='ocrx_word' id='word_1_105' title='bbox 472 1270 596 1331; x_wconf 85' lang='lat' dir='ltr'><strong>negare</strong></span> <span class='ocrx_word' id='word_1_106' title='bbox 627 1270 686 1332; x_wconf 90' lang='lat' dir='ltr'><strong>per</strong></span> <span class='ocrx_word' id='word_1_107' title='bbox 717 1248 959 1314; x_wconf 83' lang='lat' dir='ltr'><strong>restrictionem</strong></span> <span class='ocrx_word' id='word_1_108' title='bbox 991 1270 1056 1314; x_wconf 93' lang='lat' dir='ltr'><strong>non</strong></span> <span class='ocrx_word' id='word_1_109' title='bbox 1088 1271 1169 1333; x_wconf 90' lang='lat' dir='ltr'><strong>pure</strong></span> <span class='ocrx_word' id='word_1_110' title='bbox 1201 1251 1388 1328; x_wconf 87' lang='lat' dir='ltr'><strong>mentalem,</strong></span> 
     </span>
     <span class='ocr_line' id='line_1_12' title="bbox 58 1337 1389 1423; baseline -0.003 -14"><span class='ocrx_word' id='word_1_111' title='bbox 58 1339 296 1423; x_wconf 87' lang='lat' dir='ltr'><strong>...additque</strong></span> <span class='ocrx_word' id='word_1_112' title='bbox 311 1340 424 1406; x_wconf 83' lang='lat' dir='ltr'><strong>Diana</strong></span> <span class='ocrx_word' id='word_1_113' title='bbox 448 1360 545 1423; x_wconf 89' lang='lat' dir='ltr'><strong>posse</strong></span> <span class='ocrx_word' id='word_1_114' title='bbox 567 1337 657 1404; x_wconf 89' lang='lat' dir='ltr'><strong>illam</strong></span> <span class='ocrx_word' id='word_1_115' title='bbox 681 1337 751 1403; x_wconf 91' lang='lat' dir='ltr'><strong>sine</strong></span> <span class='ocrx_word' id='word_1_116' title='bbox 766 1342 912 1421; x_wconf 87' lang='lat' dir='ltr'><strong>peccate,</strong></span> <span class='ocrx_word' id='word_1_117' title='bbox 938 1341 996 1405; x_wconf 89' lang='lat' dir='ltr'><strong>aut</strong></span> <span class='ocrx_word' id='word_1_118' title='bbox 1012 1338 1130 1404; x_wconf 90' lang='lat' dir='ltr'><strong>saltem</strong></span> <span class='ocrx_word' id='word_1_119' title='bbox 1154 1339 1224 1404; x_wconf 91' lang='lat' dir='ltr'><strong>sine</strong></span> <span class='ocrx_word' id='word_1_120' title='bbox 1247 1341 1389 1418; x_wconf 86' lang='lat' dir='ltr'><strong>mortali,</strong></span> 
     </span>
     <span class='ocr_line' id='line_1_13' title="bbox 57 1426 1388 1513; baseline -0.001 -17"><span class='ocrx_word' id='word_1_121' title='bbox 57 1428 110 1497; x_wconf 90' lang='lat' dir='ltr'><strong>uti</strong></span> <span class='ocrx_word' id='word_1_122' title='bbox 134 1430 243 1512; x_wconf 89' lang='lat' dir='ltr'><strong>aliquo</strong></span> <span class='ocrx_word' id='word_1_123' title='bbox 268 1428 417 1507; x_wconf 86' lang='lat' dir='ltr'><strong>artificio,</strong></span> <span class='ocrx_word' id='word_1_124' title='bbox 443 1448 506 1511; x_wconf 93' lang='lat' dir='ltr'><strong>quo</strong></span> <span class='ocrx_word' id='word_1_125' title='bbox 530 1427 688 1512; x_wconf 88' lang='lat' dir='ltr'><strong>impediat</strong></span> <span class='ocrx_word' id='word_1_126' title='bbox 712 1448 753 1492; x_wconf 93' lang='lat' dir='ltr'><strong>ne</strong></span> <span class='ocrx_word' id='word_1_127' title='bbox 769 1426 821 1492; x_wconf 92' lang='lat' dir='ltr'><strong>vir</strong></span> <span class='ocrx_word' id='word_1_128' title='bbox 844 1427 1068 1510; x_wconf 89' lang='lat' dir='ltr'><strong>deprehendat</strong></span> <span class='ocrx_word' id='word_1_129' title='bbox 1093 1448 1166 1493; x_wconf 89' lang='lat' dir='ltr'><strong>esse</strong></span> <span class='ocrx_word' id='word_1_130' title='bbox 1190 1433 1388 1513; x_wconf 85' lang='lat' dir='ltr'><strong>corruptam.</strong></span> 
     </span>
     <span class='ocr_line' id='line_1_14' title="bbox 57 1519 480 1603; baseline -0.005 -19"><span class='ocrx_word' id='word_1_131' title='bbox 57 1519 240 1603; x_wconf 82' lang='lat' dir='ltr'><strong>Excipiunt</strong></span> <span class='ocrx_word' id='word_1_132' title='bbox 262 1523 373 1586; x_wconf 89' lang='lat' dir='ltr'><strong>tamen</strong></span> <span class='ocrx_word' id='word_1_133' title='bbox 397 1520 480 1584; x_wconf 80' lang='lat' dir='ltr'><strong>etc.“</strong></span> 
     </span>
    </p>

    <p class='ocr_par' dir='ltr' id='par_1_3' title="bbox 56 1605 1390 2228">
     <span class='ocr_line' id='line_1_15' title="bbox 150 1605 1388 1692; baseline -0.003 -17"><span class='ocrx_word' id='word_1_134' title='bbox 150 1608 246 1675; x_wconf 90' lang='lat' dir='ltr'><strong>Unde</strong></span> <span class='ocrx_word' id='word_1_135' title='bbox 268 1610 373 1692; x_wconf 85' lang='lat' dir='ltr'><strong>patet,</strong></span> <span class='ocrx_word' id='word_1_136' title='bbox 399 1609 604 1672; x_wconf 76' lang='lat' dir='ltr'><strong>conrmuniter</strong></span> <span class='ocrx_word' id='word_1_137' title='bbox 627 1606 789 1691; x_wconf 79' lang='lat' dir='ltr'><strong>loquendo,</strong></span> <span class='ocrx_word' id='word_1_138' title='bbox 815 1609 967 1670; x_wconf 87' lang='lat' dir='ltr'><strong>auctores</strong></span> <span class='ocrx_word' id='word_1_139' title='bbox 991 1626 1056 1669; x_wconf 91' lang='lat' dir='ltr'><strong>non</strong></span> <span class='ocrx_word' id='word_1_140' title='bbox 1079 1605 1200 1670; x_wconf 86' lang='lat' dir='ltr'><strong>habere</strong></span> <span class='ocrx_word' id='word_1_141' title='bbox 1224 1606 1315 1672; x_wconf 85' lang='lat' dir='ltr'><strong>illurn</strong></span> <span class='ocrx_word' id='word_1_142' title='bbox 1339 1607 1388 1672; x_wconf 90' lang='lat' dir='ltr'><strong>in-</strong></span> 
     </span>
     <span class='ocr_line' id='line_1_16' title="bbox 56 1693 1390 1778; baseline -0.001 -16"><span class='ocrx_word' id='word_1_143' title='bbox 56 1697 178 1763; x_wconf 88' lang='lat' dir='ltr'><strong>iuriam</strong></span> <span class='ocrx_word' id='word_1_144' title='bbox 202 1718 261 1763; x_wconf 90' lang='lat' dir='ltr'><strong>seu</strong></span> <span class='ocrx_word' id='word_1_145' title='bbox 284 1695 479 1762; x_wconf 88' lang='lat' dir='ltr'><strong>iniustitiam</strong></span> <span class='ocrx_word' id='word_1_146' title='bbox 503 1716 651 1778; x_wconf 86' lang='lat' dir='ltr'><strong>gravem,</strong></span> <span class='ocrx_word' id='word_1_147' title='bbox 676 1693 702 1759; x_wconf 90' lang='lat' dir='ltr'><strong>si</strong></span> <span class='ocrx_word' id='word_1_148' title='bbox 720 1715 860 1777; x_wconf 91' lang='lat' dir='ltr'><strong>sponsus</strong></span> <span class='ocrx_word' id='word_1_149' title='bbox 876 1693 1017 1778; x_wconf 90' lang='lat' dir='ltr'><strong>accipiat</strong></span> <span class='ocrx_word' id='word_1_150' title='bbox 1032 1695 1175 1778; x_wconf 92' lang='lat' dir='ltr'><strong>puellam</strong></span> <span class='ocrx_word' id='word_1_151' title='bbox 1201 1701 1390 1778; x_wconf 87' lang='lat' dir='ltr'><strong>corruptam</strong></span> 
     </span>
     <span class='ocr_line' id='line_1_17' title="bbox 58 1783 1387 1870; baseline -0.002 -18"><span class='ocrx_word' id='word_1_152' title='bbox 58 1808 157 1868; x_wconf 90' lang='lat' dir='ltr'><strong>quarn</strong></span> <span class='ocrx_word' id='word_1_153' title='bbox 181 1785 322 1870; x_wconf 91' lang='lat' dir='ltr'><strong>putabat</strong></span> <span class='ocrx_word' id='word_1_154' title='bbox 337 1785 498 1868; x_wconf 88' lang='lat' dir='ltr'><strong>virginem</strong></span> <span class='ocrx_word' id='word_1_155' title='bbox 523 1788 557 1851; x_wconf 90' lang='lat' dir='ltr'><strong>et</strong></span> <span class='ocrx_word' id='word_1_156' title='bbox 580 1805 678 1867; x_wconf 91' lang='lat' dir='ltr'><strong>quam</strong></span> <span class='ocrx_word' id='word_1_157' title='bbox 695 1784 745 1847; x_wconf 90' lang='lat' dir='ltr'><strong>vel</strong></span> <span class='ocrx_word' id='word_1_158' title='bbox 764 1783 821 1847; x_wconf 84' lang='lat' dir='ltr'><strong>vix</strong></span> <span class='ocrx_word' id='word_1_159' title='bbox 838 1783 1028 1865; x_wconf 88' lang='lat' dir='ltr'><strong>cogniturus</strong></span> <span class='ocrx_word' id='word_1_160' title='bbox 1051 1783 1095 1849; x_wconf 89' lang='lat' dir='ltr'><strong>sit</strong></span> <span class='ocrx_word' id='word_1_161' title='bbox 1111 1805 1183 1848; x_wconf 90' lang='lat' dir='ltr'><strong>osse</strong></span> <span class='ocrx_word' id='word_1_162' title='bbox 1200 1791 1387 1868; x_wconf 89' lang='lat' dir='ltr'><strong>corruptam</strong></span> 
     </span>
     <span class='ocr_line' id='line_1_18' title="bbox 58 1872 1390 1958; baseline -0.002 -17"><span class='ocrx_word' id='word_1_163' title='bbox 58 1876 113 1941; x_wconf 85' lang='lat' dir='ltr'><strong>vel</strong></span> <span class='ocrx_word' id='word_1_164' title='bbox 136 1896 253 1958; x_wconf 87' lang='lat' dir='ltr'><strong>quam,</strong></span> <span class='ocrx_word' id='word_1_165' title='bbox 284 1875 312 1940; x_wconf 90' lang='lat' dir='ltr'><strong>si</strong></span> <span class='ocrx_word' id='word_1_166' title='bbox 336 1878 524 1958; x_wconf 89' lang='lat' dir='ltr'><strong>corruptam</strong></span> <span class='ocrx_word' id='word_1_167' title='bbox 550 1872 759 1955; x_wconf 87' lang='lat' dir='ltr'><strong>cognoverit,</strong></span> <span class='ocrx_word' id='word_1_168' title='bbox 783 1893 849 1936; x_wconf 92' lang='lat' dir='ltr'><strong>non</strong></span> <span class='ocrx_word' id='word_1_169' title='bbox 872 1873 967 1955; x_wconf 84' lang='lat' dir='ltr'><strong>gravi</strong></span> <span class='ocrx_word' id='word_1_170' title='bbox 993 1873 1066 1938; x_wconf 94' lang='lat' dir='ltr'><strong>odio</strong></span> <span class='ocrx_word' id='word_1_171' title='bbox 1090 1878 1322 1956; x_wconf 84' lang='lat' dir='ltr'><strong>prosecuturus</strong></span> <span class='ocrx_word' id='word_1_172' title='bbox 1346 1875 1390 1939; x_wconf 93' lang='lat' dir='ltr'><strong>sit</strong></span> 
     </span>
     <span class='ocr_line' id='line_1_19' title="bbox 56 1961 1389 2048; baseline -0.002 -17"><span class='ocrx_word' id='word_1_173' title='bbox 56 1986 165 2047; x_wconf 90' lang='lat' dir='ltr'><strong>neque</strong></span> <span class='ocrx_word' id='word_1_174' title='bbox 195 1963 230 2029; x_wconf 92' lang='lat' dir='ltr'><strong>in</strong></span> <span class='ocrx_word' id='word_1_175' title='bbox 259 1965 355 2048; x_wconf 81' lang='lat' dir='ltr'><strong>gravi</strong></span> <span class='ocrx_word' id='word_1_176' title='bbox 387 1962 548 2028; x_wconf 89' lang='lat' dir='ltr'><strong>discordia</strong></span> <span class='ocrx_word' id='word_1_177' title='bbox 578 1985 650 2028; x_wconf 90' lang='lat' dir='ltr'><strong>cum</strong></span> <span class='ocrx_word' id='word_1_178' title='bbox 682 1983 722 2027; x_wconf 87' lang='lat' dir='ltr'><strong>ea</strong></span> <span class='ocrx_word' id='word_1_179' title='bbox 753 1961 909 2028; x_wconf 89' lang='lat' dir='ltr'><strong>victurus.</strong></span> <span class='ocrx_word' id='word_1_180' title='bbox 957 1962 1022 2027; x_wconf 86' lang='lat' dir='ltr'><strong>Sed</strong></span> <span class='ocrx_word' id='word_1_181' title='bbox 1044 1961 1072 2027; x_wconf 93' lang='lat' dir='ltr'><strong>si</strong></span> <span class='ocrx_word' id='word_1_182' title='bbox 1102 1962 1184 2027; x_wconf 90' lang='lat' dir='ltr'><strong>haec</strong></span> <span class='ocrx_word' id='word_1_183' title='bbox 1208 1984 1288 2028; x_wconf 90' lang='lat' dir='ltr'><strong>vera</strong></span> <span class='ocrx_word' id='word_1_184' title='bbox 1311 1967 1389 2029; x_wconf 87' lang='lat' dir='ltr'><strong>sunt</strong></span> 
     </span>
     <span class='ocr_line' id='line_1_20' title="bbox 57 2051 1389 2138; baseline -0.002 -19"><span class='ocrx_word' id='word_1_185' title='bbox 57 2056 110 2120; x_wconf 89' lang='lat' dir='ltr'><strong>vel</strong></span> <span class='ocrx_word' id='word_1_186' title='bbox 135 2054 257 2120; x_wconf 88' lang='lat' dir='ltr'><strong>saltem</strong></span> <span class='ocrx_word' id='word_1_187' title='bbox 281 2052 472 2138; x_wconf 87' lang='lat' dir='ltr'><strong>probabilia,</strong></span> <span class='ocrx_word' id='word_1_188' title='bbox 498 2052 666 2138; x_wconf 88' lang='lat' dir='ltr'><strong>probabile</strong></span> <span class='ocrx_word' id='word_1_189' title='bbox 690 2055 742 2116; x_wconf 91' lang='lat' dir='ltr'><strong>est</strong></span> <span class='ocrx_word' id='word_1_190' title='bbox 765 2072 929 2134; x_wconf 85' lang='lat' dir='ltr'><strong>sponsam,</strong></span> <span class='ocrx_word' id='word_1_191' title='bbox 955 2051 1055 2116; x_wconf 90' lang='lat' dir='ltr'><strong>etiam</strong></span> <span class='ocrx_word' id='word_1_192' title='bbox 1073 2051 1290 2117; x_wconf 90' lang='lat' dir='ltr'><strong>fornicatione</strong></span> <span class='ocrx_word' id='word_1_193' title='bbox 1313 2057 1389 2135; x_wconf 90' lang='lat' dir='ltr'><strong>post</strong></span> 
     </span>
     <span class='ocr_line' id='line_1_21' title="bbox 57 2140 1388 2228; baseline -0.001 -20"><span class='ocrx_word' id='word_1_194' title='bbox 57 2143 227 2228; x_wconf 82' lang='lat' dir='ltr'><strong>sponsalia</strong></span> <span class='ocrx_word' id='word_1_195' title='bbox 256 2142 400 2208; x_wconf 88' lang='lat' dir='ltr'><strong>admissa</strong></span> <span class='ocrx_word' id='word_1_196' title='bbox 430 2163 494 2206; x_wconf 89' lang='lat' dir='ltr'><strong>non</strong></span> <span class='ocrx_word' id='word_1_197' title='bbox 525 2143 720 2206; x_wconf 91' lang='lat' dir='ltr'><strong>contrahere</strong></span> <span class='ocrx_word' id='word_1_198' title='bbox 744 2140 904 2205; x_wconf 91' lang='lat' dir='ltr'><strong>malitiam</strong></span> <span class='ocrx_word' id='word_1_199' title='bbox 925 2144 1036 2225; x_wconf 73' lang='lat' dir='ltr'><strong>procia</strong></span> <span class='ocrx_word' id='word_1_200' title='bbox 1067 2140 1248 2206; x_wconf 90' lang='lat' dir='ltr'><strong>iniustitiae</strong></span> <span class='ocrx_word' id='word_1_201' title='bbox 1272 2146 1388 2207; x_wconf 88' lang='lat' dir='ltr'><strong>contra</strong></span> 
     </span>
    </p>
   </div>
   <div class='ocr_carea' id='block_1_3' title="bbox 56 2254 224 2318">
    <p class='ocr_par' dir='ltr' id='par_1_4' title="bbox 56 2254 224 2318">
     <span class='ocr_line' id='line_1_22' title="bbox 56 2254 224 2318; baseline 0.006 -20"><span class='ocrx_word' id='word_1_202' title='bbox 56 2254 224 2318; x_wconf 90' lang='lat' dir='ltr'><strong>sponsum.</strong></span> 
     </span>
    </p>
   </div>
   <div class='ocr_carea' id='block_1_4' title="bbox 194 2420 1251 2504">
    <p class='ocr_par' dir='ltr' id='par_1_5' title="bbox 194 2420 1251 2504">
     <span class='ocr_line' id='line_1_23' title="bbox 194 2420 1251 2504; baseline -0.004 -13"><span class='ocrx_word' id='word_1_203' title='bbox 194 2423 433 2492; x_wconf 81' lang='lat' dir='ltr'><strong>DISSlllNSUS</strong></span> <span class='ocrx_word' id='word_1_204' title='bbox 457 2421 705 2489; x_wconf 83' lang='lat' dir='ltr'>PARENTUM</span> <span class='ocrx_word' id='word_1_205' title='bbox 729 2420 906 2487; x_wconf 80' lang='lat' dir='ltr'><strong>CONTRA</strong></span> <span class='ocrx_word' id='word_1_206' title='bbox 931 2420 1174 2488; x_wconf 84' lang='lat' dir='ltr'>SPONSALIA</span> <span class='ocrx_word' id='word_1_207' title='bbox 1198 2422 1251 2504; x_wconf 83' lang='lat'><strong>(1).</strong></span> 
     </span>
    </p>
   </div>
   <div class='ocr_carea' id='block_1_5' title="bbox 618 2571 825 2646">
    <p class='ocr_par' dir='ltr' id='par_1_6' title="bbox 618 2571 825 2646">
     <span class='ocr_line' id='line_1_24' title="bbox 618 2571 825 2646; baseline -0.024 -11"><span class='ocrx_word' id='word_1_208' title='bbox 618 2571 728 2637; x_wconf 80' lang='lat' dir='ltr'><strong>Casus.</strong></span> <span class='ocrx_word' id='word_1_209' title='bbox 748 2577 825 2646; x_wconf 80' lang='lat'><strong>(248)</strong></span> 
     </span>
    </p>
   </div>
   <div class='ocr_carea' id='block_1_6' title="bbox 55 2711 1389 3272">
    <p class='ocr_par' dir='ltr' id='par_1_7' title="bbox 55 2711 1389 3272">
     <span class='ocr_line' id='line_1_25' title="bbox 148 2711 1388 2788; baseline -0.002 -16"><span class='ocrx_word' id='word_1_210' title='bbox 148 2712 293 2774; x_wconf 86' lang='lat' dir='ltr'><strong>Godclius</strong></span> <span class='ocrx_word' id='word_1_211' title='bbox 314 2717 345 2771; x_wconf 91' lang='lat' dir='ltr'><strong>et</strong></span> <span class='ocrx_word' id='word_1_212' title='bbox 365 2711 502 2788; x_wconf 81' lang='lat' dir='ltr'><strong>Crispina</strong></span> <span class='ocrx_word' id='word_1_213' title='bbox 523 2711 581 2770; x_wconf 90' lang='lat' dir='ltr'><strong>sibi</strong></span> <span class='ocrx_word' id='word_1_214' title='bbox 601 2716 703 2770; x_wconf 91' lang='lat' dir='ltr'><strong>mutuo</strong></span> <span class='ocrx_word' id='word_1_215' title='bbox 724 2711 942 2770; x_wconf 89' lang='lat' dir='ltr'><strong>matrimonium</strong></span> <span class='ocrx_word' id='word_1_216' title='bbox 962 2712 1176 2788; x_wconf 91' lang='lat' dir='ltr'><strong>promiserunt:</strong></span> <span class='ocrx_word' id='word_1_217' title='bbox 1199 2731 1256 2786; x_wconf 92' lang='lat' dir='ltr'><strong>quo</strong></span> <span class='ocrx_word' id='word_1_218' title='bbox 1277 2711 1388 2782; x_wconf 91' lang='lat' dir='ltr'><strong>audito,</strong></span> 
     </span>
     <span class='ocr_line' id='line_1_26' title="bbox 55 2791 1389 2868; baseline -0.004 -14"><span class='ocrx_word' id='word_1_219' title='bbox 55 2804 153 2854; x_wconf 90' lang='lat' dir='ltr'><strong>mater</strong></span> <span class='ocrx_word' id='word_1_220' title='bbox 176 2792 308 2864; x_wconf 91' lang='lat' dir='ltr'><strong>Godclii,</strong></span> <span class='ocrx_word' id='word_1_221' title='bbox 338 2812 412 2868; x_wconf 88' lang='lat' dir='ltr'><strong>quae</strong></span> <span class='ocrx_word' id='word_1_222' title='bbox 434 2791 588 2868; x_wconf 76' lang='lat' dir='ltr'><strong>Crispinus</strong></span> <span class='ocrx_word' id='word_1_223' title='bbox 616 2791 743 2850; x_wconf 88' lang='lat' dir='ltr'><strong>indolem</strong></span> <span class='ocrx_word' id='word_1_224' title='bbox 771 2793 849 2850; x_wconf 89' lang='lat' dir='ltr'><strong>ferrs</strong></span> <span class='ocrx_word' id='word_1_225' title='bbox 877 2812 936 2851; x_wconf 90' lang='lat' dir='ltr'><strong>non</strong></span> <span class='ocrx_word' id='word_1_226' title='bbox 964 2796 1098 2868; x_wconf 90' lang='lat' dir='ltr'><strong>poterat,</strong></span> <span class='ocrx_word' id='word_1_227' title='bbox 1127 2792 1245 2850; x_wconf 90' lang='lat' dir='ltr'><strong>omuino</strong></span> <span class='ocrx_word' id='word_1_228' title='bbox 1275 2796 1389 2850; x_wconf 91' lang='lat' dir='ltr'><strong>contra·</strong></span> 
     </span>
     <span class='ocr_line' id='line_1_27' title="bbox 57 2871 1388 2950; baseline -0.004 -16"><span class='ocrx_word' id='word_1_229' title='bbox 57 2875 133 2935; x_wconf 86' lang='lat' dir='ltr'><strong>dixit</strong></span> <span class='ocrx_word' id='word_1_230' title='bbox 155 2893 247 2950; x_wconf 90' lang='lat' dir='ltr'><strong>seque</strong></span> <span class='ocrx_word' id='word_1_231' title='bbox 268 2874 312 2932; x_wconf 90' lang='lat' dir='ltr'><strong>ait</strong></span> <span class='ocrx_word' id='word_1_232' title='bbox 332 2892 390 2932; x_wconf 91' lang='lat' dir='ltr'><strong>uon</strong></span> <span class='ocrx_word' id='word_1_233' title='bbox 413 2872 539 2948; x_wconf 91' lang='lat' dir='ltr'><strong>amplius</strong></span> <span class='ocrx_word' id='word_1_234' title='bbox 561 2872 643 2930; x_wconf 89' lang='lat' dir='ltr'><strong>illum</strong></span> <span class='ocrx_word' id='word_1_235' title='bbox 664 2872 832 2930; x_wconf 87' lang='lat' dir='ltr'><strong>habituram</strong></span> <span class='ocrx_word' id='word_1_236' title='bbox 861 2891 914 2948; x_wconf 90' lang='lat' dir='ltr'><strong>pro</strong></span> <span class='ocrx_word' id='word_1_237' title='bbox 935 2872 1013 2943; x_wconf 90' lang='lat' dir='ltr'><strong>filio,</strong></span> <span class='ocrx_word' id='word_1_238' title='bbox 1043 2872 1069 2931; x_wconf 93' lang='lat' dir='ltr'><strong>si</strong></span> <span class='ocrx_word' id='word_1_239' title='bbox 1096 2871 1153 2930; x_wconf 92' lang='lat' dir='ltr'><strong>hoc</strong></span> <span class='ocrx_word' id='word_1_240' title='bbox 1181 2872 1262 2930; x_wconf 89' lang='lat' dir='ltr'><strong>ineat</strong></span> <span class='ocrx_word' id='word_1_241' title='bbox 1290 2871 1388 2930; x_wconf 89' lang='lat' dir='ltr'><strong>mutri-</strong></span> 
     </span>
     <span class='ocr_line' id='line_1_28' title="bbox 55 2951 1389 3029; baseline -0.004 -15"><span class='ocrx_word' id='word_1_242' title='bbox 55 2955 196 3015; x_wconf 90' lang='lat' dir='ltr'><strong>monium.</strong></span> <span class='ocrx_word' id='word_1_243' title='bbox 239 2952 336 3023; x_wconf 82' lang='lat' dir='ltr'><strong>Quare</strong></span> <span class='ocrx_word' id='word_1_244' title='bbox 358 2952 513 3029; x_wconf 78' lang='lat' dir='ltr'><strong>Crispinus</strong></span> <span class='ocrx_word' id='word_1_245' title='bbox 534 2952 627 3011; x_wconf 88' lang='lat' dir='ltr'><strong>mittit</strong></span> <span class='ocrx_word' id='word_1_246' title='bbox 647 2952 808 3028; x_wconf 90' lang='lat' dir='ltr'><strong>repudium.</strong></span> <span class='ocrx_word' id='word_1_247' title='bbox 844 2951 901 3010; x_wconf 88' lang='lat' dir='ltr'><strong>Sed</strong></span> <span class='ocrx_word' id='word_1_248' title='bbox 923 2951 1069 3028; x_wconf 88' lang='lat' dir='ltr'><strong>Crispina,</strong></span> <span class='ocrx_word' id='word_1_249' title='bbox 1091 2971 1167 3026; x_wconf 88' lang='lat' dir='ltr'><strong>quae</strong></span> <span class='ocrx_word' id='word_1_250' title='bbox 1188 2952 1321 3027; x_wconf 90' lang='lat' dir='ltr'><strong>corporis</strong></span> <span class='ocrx_word' id='word_1_251' title='bbox 1343 2951 1389 3009; x_wconf 90' lang='lat' dir='ltr'><strong>sui</strong></span> 
     </span>
     <span class='ocr_line' id='line_1_29' title="bbox 56 3031 1387 3108; baseline -0.005 -13"><span class='ocrx_word' id='word_1_252' title='bbox 56 3055 144 3096; x_wconf 87' lang='lat' dir='ltr'><strong>usum</strong></span> <span class='ocrx_word' id='word_1_253' title='bbox 165 3034 292 3094; x_wconf 81' lang='lat' dir='ltr'><strong>Godoiio</strong></span> <span class='ocrx_word' id='word_1_254' title='bbox 313 3037 512 3104; x_wconf 85' lang='lat' dir='ltr'><strong>concesserat,</strong></span> <span class='ocrx_word' id='word_1_255' title='bbox 534 3052 568 3092; x_wconf 88' lang='lat' dir='ltr'><strong>se</strong></span> <span class='ocrx_word' id='word_1_256' title='bbox 589 3034 626 3091; x_wconf 90' lang='lat' dir='ltr'><strong>ab</strong></span> <span class='ocrx_word' id='word_1_257' title='bbox 648 3032 713 3108; x_wconf 90' lang='lat' dir='ltr'><strong>ipso</strong></span> <span class='ocrx_word' id='word_1_258' title='bbox 729 3032 902 3107; x_wconf 85' lang='lat' dir='ltr'><strong>concepisse</strong></span> <span class='ocrx_word' id='word_1_259' title='bbox 918 3031 1070 3090; x_wconf 91' lang='lat' dir='ltr'><strong>contendit</strong></span> <span class='ocrx_word' id='word_1_260' title='bbox 1090 3051 1184 3107; x_wconf 90' lang='lat' dir='ltr'><strong>noque</strong></span> <span class='ocrx_word' id='word_1_261' title='bbox 1206 3032 1387 3107; x_wconf 90' lang='lat' dir='ltr'><strong>sponsalium</strong></span> 
     </span>
     <span class='ocr_line' id='line_1_30' title="bbox 55 3111 1387 3188; baseline -0.005 -12"><span class='ocrx_word' id='word_1_262' title='bbox 55 3115 269 3176; x_wconf 86' lang='lat' dir='ltr'><strong>rescissionem</strong></span> <span class='ocrx_word' id='word_1_263' title='bbox 288 3115 355 3172; x_wconf 85' lang='lat' dir='ltr'><strong>vult</strong></span> <span class='ocrx_word' id='word_1_264' title='bbox 375 3113 538 3172; x_wconf 88' lang='lat' dir='ltr'><strong>admittere.</strong></span> <span class='ocrx_word' id='word_1_265' title='bbox 582 3113 724 3172; x_wconf 86' lang='lat' dir='ltr'><strong>Godolius</strong></span> <span class='ocrx_word' id='word_1_266' title='bbox 745 3112 852 3187; x_wconf 85' lang='lat' dir='ltr'><strong>igitur,</strong></span> <span class='ocrx_word' id='word_1_267' title='bbox 874 3112 952 3171; x_wconf 89' lang='lat' dir='ltr'><strong>inter</strong></span> <span class='ocrx_word' id='word_1_268' title='bbox 973 3113 1110 3170; x_wconf 88' lang='lat' dir='ltr'><strong>malleum</strong></span> <span class='ocrx_word' id='word_1_269' title='bbox 1131 3118 1162 3170; x_wconf 92' lang='lat' dir='ltr'><strong>et</strong></span> <span class='ocrx_word' id='word_1_270' title='bbox 1182 3111 1318 3170; x_wconf 90' lang='lat' dir='ltr'><strong>incudem</strong></span> <span class='ocrx_word' id='word_1_271' title='bbox 1339 3131 1387 3188; x_wconf 89' lang='lat' dir='ltr'><strong>po·</strong></span> 
     </span>
     <span class='ocr_line' id='line_1_31' title="bbox 55 3192 952 3272; baseline -0.007 -16"><span class='ocrx_word' id='word_1_272' title='bbox 55 3198 144 3265; x_wconf 86' lang='lat' dir='ltr'><strong>sitne,</strong></span> <span class='ocrx_word' id='word_1_273' title='bbox 165 3194 320 3272; x_wconf 83' lang='lat' dir='ltr'><strong>quaerite</strong></span> <span class='ocrx_word' id='word_1_274' title='bbox 342 3193 525 3254; x_wconf 87' lang='lat' dir='ltr'><strong>confessario</strong></span> <span class='ocrx_word' id='word_1_275' title='bbox 547 3193 614 3269; x_wconf 92' lang='lat' dir='ltr'><strong>quid</strong></span> <span class='ocrx_word' id='word_1_276' title='bbox 636 3193 694 3252; x_wconf 90' lang='lat' dir='ltr'><strong>sibi</strong></span> <span class='ocrx_word' id='word_1_277' title='bbox 715 3193 756 3251; x_wconf 88' lang='lat' dir='ltr'><strong>sit</strong></span> <span class='ocrx_word' id='word_1_278' title='bbox 776 3192 952 3251; x_wconf 86' lang='lat' dir='ltr'><strong>faciendum.</strong></span> 
     </span>
    </p>
   </div>
   <div class='ocr_carea' id='block_1_7' title="bbox 56 3305 1207 3384">
    <p class='ocr_par' dir='ltr' id='par_1_8' title="bbox 56 3305 1207 3384">
     <span class='ocr_line' id='line_1_32' title="bbox 56 3305 1207 3384; baseline -0.003 -14"><span class='ocrx_word' id='word_1_279' title='bbox 56 3309 237 3381; x_wconf 76' lang='lat' dir='ltr'><strong>Qunnnrrnn</strong></span> <span class='ocrx_word' id='word_1_280' title='bbox 259 3310 288 3366; x_wconf 82' lang='grc' dir='ltr'><strong>1ο</strong></span> <span class='ocrx_word' id='word_1_281' title='bbox 309 3308 428 3384; x_wconf 88' lang='lat' dir='ltr'><strong>quinam</strong></span> <span class='ocrx_word' id='word_1_282' title='bbox 450 3307 605 3367; x_wconf 90' lang='lat' dir='ltr'><strong>dissensus</strong></span> <span class='ocrx_word' id='word_1_283' title='bbox 626 3311 783 3384; x_wconf 90' lang='lat' dir='ltr'><strong>parentum</strong></span> <span class='ocrx_word' id='word_1_284' title='bbox 804 3308 869 3366; x_wconf 89' lang='lat' dir='ltr'><strong>iure</strong></span> <span class='ocrx_word' id='word_1_285' title='bbox 890 3308 989 3366; x_wconf 91' lang='lat' dir='ltr'><strong>obstet</strong></span> <span class='ocrx_word' id='word_1_286' title='bbox 1010 3305 1207 3383; x_wconf 90' lang='lat' dir='ltr'><strong>sponsalibus.</strong></span> 
     </span>
    </p>
   </div>
   <div class='ocr_carea' id='block_1_8' title="bbox 260 3395 1388 3537">
    <p class='ocr_par' dir='ltr' id='par_1_9' title="bbox 260 3395 1388 3537">
     <span class='ocr_line' id='line_1_33' title="bbox 260 3395 1388 3491; baseline 0 -36"><span class='ocrx_word' id='word_1_287' title='bbox 260 3398 291 3455; x_wconf 79' lang='lat'><strong>2⁰</strong></span> <span class='ocrx_word' id='word_1_288' title='bbox 310 3418 380 3457; x_wconf 90' lang='lat' dir='ltr'><strong>num</strong></span> <span class='ocrx_word' id='word_1_289' title='bbox 393 3397 498 3491; x_wconf 31' lang='lat' dir='ltr'><strong>,possit</strong></span> <span class='ocrx_word' id='word_1_290' title='bbox 518 3397 565 3489; x_wconf 83' lang='lat' dir='ltr'><strong>vel</strong></span> <span class='ocrx_word' id='word_1_291' title='bbox 586 3397 701 3489; x_wconf 63' lang='lat' dir='ltr'><strong>⁸debeat</strong></span> <span class='ocrx_word' id='word_1_292' title='bbox 722 3396 864 3455; x_wconf 87' lang='lat' dir='ltr'><strong>Godclius</strong></span> <span class='ocrx_word' id='word_1_293' title='bbox 893 3402 997 3455; x_wconf 88' lang='lat' dir='ltr'><strong>contra</strong></span> <span class='ocrx_word' id='word_1_294' title='bbox 1017 3395 1201 3454; x_wconf 85' lang='lat' dir='ltr'><strong>voluntatem</strong></span> <span class='ocrx_word' id='word_1_295' title='bbox 1232 3402 1388 3471; x_wconf 89' lang='lat' dir='ltr'><strong>parentum</strong></span> 
     </span>
     <span class='ocr_line' id='line_1_34' title="bbox 312 3485 635 3537; baseline -0.003 -1"><span class='ocrx_word' id='word_1_296' title='bbox 312 3485 531 3537; x_wconf 85' lang='lat' dir='ltr'><strong>matrimonium</strong></span> <span class='ocrx_word' id='word_1_297' title='bbox 552 3497 635 3536; x_wconf 87' lang='lat' dir='ltr'><strong>imre.</strong></span> 
     </span>
    </p>
   </div>
   <div class='ocr_carea' id='block_1_9' title="bbox 657 3615 793 3728">
    <p class='ocr_par' dir='ltr' id='par_1_10' title="bbox 657 3615 793 3728">
     <span class='ocr_line' id='line_1_35' title="bbox 657 3615 793 3728; baseline -0.015 0"><span class='ocrx_word' id='word_1_298' title='bbox 657 3615 793 3728; x_wconf 70' lang='lat' dir='ltr'><strong>sunta.</strong></span> 
     </span>
    </p>
   </div>
   <div class='ocr_carea' id='block_1_10' title="bbox 55 3805 1450 4246">
    <p class='ocr_par' dir='ltr' id='par_1_11' title="bbox 55 3805 1450 4246">
     <span class='ocr_line' id='line_1_36' title="bbox 146 3805 1450 3889; baseline -0.001 -18"><span class='ocrx_word' id='word_1_299' title='bbox 146 3806 201 3871; x_wconf 86' lang='lat' dir='ltr'><strong>An</strong></span> <span class='ocrx_word' id='word_1_300' title='bbox 225 3826 416 3882; x_wconf 61' lang='lat' dir='ltr'><strong>andnemun</strong></span> <span class='ocrx_word' id='word_1_301' title='bbox 443 3809 479 3871; x_wconf 76' lang='lat'>1¹¹²</span> <span class='ocrx_word' id='word_1_302' title='bbox 503 3806 542 3871; x_wconf 78' lang='lat' dir='ltr'><strong>R.</strong></span> <span class='ocrx_word' id='word_1_303' title='bbox 570 3811 597 3873; x_wconf 88' lang='lat'><strong>1.</strong></span> <span class='ocrx_word' id='word_1_304' title='bbox 645 3806 823 3871; x_wconf 87' lang='lat' dir='ltr'><strong>Parentum</strong></span> <span class='ocrx_word' id='word_1_305' title='bbox 855 3806 1021 3871; x_wconf 91' lang='lat' dir='ltr'><strong>dissensus</strong></span> <span class='ocrx_word' id='word_1_306' title='bbox 1051 3811 1162 3889; x_wconf 89' lang='lat' dir='ltr'><strong>potest</strong></span> <span class='ocrx_word' id='word_1_307' title='bbox 1187 3827 1260 3871; x_wconf 87' lang='lat' dir='ltr'><strong>esse</strong></span> <span class='ocrx_word' id='word_1_308' title='bbox 1282 3805 1388 3873; x_wconf 91' lang='lat' dir='ltr'><strong>iustus</strong></span> <span class='ocrx_word' id='word_1_309' title='bbox 1398 3823 1450 3878; x_wconf 82' lang='lat'><strong>852</strong></span> 
     </span>
     <span class='ocr_line' id='line_1_37' title="bbox 56 3894 1387 3977; baseline -0.005 -11"><span class='ocrx_word' id='word_1_310' title='bbox 56 3901 116 3967; x_wconf 82' lang='lat' dir='ltr'><strong>aut</strong></span> <span class='ocrx_word' id='word_1_311' title='bbox 140 3896 291 3963; x_wconf 89' lang='lat' dir='ltr'><strong>iniustus.</strong></span> <span class='ocrx_word' id='word_1_312' title='bbox 338 3895 398 3960; x_wconf 88' lang='lat' dir='ltr'><strong>llle</strong></span> <span class='ocrx_word' id='word_1_313' title='bbox 422 3895 588 3960; x_wconf 91' lang='lat' dir='ltr'><strong>dissensus</strong></span> <span class='ocrx_word' id='word_1_314' title='bbox 611 3895 733 3973; x_wconf 90' lang='lat' dir='ltr'><strong>iustus,</strong></span> <span class='ocrx_word' id='word_1_315' title='bbox 765 3894 819 3977; x_wconf 90' lang='lat' dir='ltr'><strong>qui</strong></span> <span class='ocrx_word' id='word_1_316' title='bbox 849 3894 881 3959; x_wconf 94' lang='lat' dir='ltr'><strong>in</strong></span> <span class='ocrx_word' id='word_1_317' title='bbox 913 3901 981 3962; x_wconf 89' lang='lat' dir='ltr'><strong>tarn</strong></span> <span class='ocrx_word' id='word_1_318' title='bbox 1013 3896 1108 3977; x_wconf 75' lang='lat' dir='ltr'><strong>graii</strong></span> <span class='ocrx_word' id='word_1_319' title='bbox 1139 3895 1255 3960; x_wconf 88' lang='lat' dir='ltr'><strong>nititur</strong></span> <span class='ocrx_word' id='word_1_320' title='bbox 1278 3916 1387 3972; x_wconf 87' lang='lat' dir='ltr'><strong>causa,</strong></span> 
     </span>
     <span class='ocr_line' id='line_1_38' title="bbox 56 3984 1387 4069; baseline -0.003 -17"><span class='ocrx_word' id='word_1_321' title='bbox 56 3991 94 4052; x_wconf 90' lang='lat' dir='ltr'><strong>ut</strong></span> <span class='ocrx_word' id='word_1_322' title='bbox 125 3989 260 4069; x_wconf 90' lang='lat' dir='ltr'><strong>propter</strong></span> <span class='ocrx_word' id='word_1_323' title='bbox 290 3985 487 4050; x_wconf 85' lang='lat' dir='ltr'><strong>matrimonii</strong></span> <span class='ocrx_word' id='word_1_324' title='bbox 512 3984 825 4049; x_wconf 89' lang='lat' dir='ltr'><strong>disconvenientiam</strong></span> <span class='ocrx_word' id='word_1_325' title='bbox 850 3990 1006 4068; x_wconf 89' lang='lat' dir='ltr'><strong>parentes</strong></span> <span class='ocrx_word' id='word_1_326' title='bbox 1029 4005 1214 4069; x_wconf 84' lang='lat' dir='ltr'><strong>repugnare</strong></span> <span class='ocrx_word' id='word_1_327' title='bbox 1246 3984 1387 4063; x_wconf 79' lang='lat' dir='ltr'><strong>debeant,</strong></span> 
     </span>
     <span class='ocr_line' id='line_1_39' title="bbox 55 4073 1389 4158; baseline -0.004 -16"><span class='ocrx_word' id='word_1_328' title='bbox 55 4076 105 4142; x_wconf 87' lang='lat' dir='ltr'><strong>ita</strong></span> <span class='ocrx_word' id='word_1_329' title='bbox 129 4076 241 4141; x_wconf 89' lang='lat' dir='ltr'><strong>obstat</strong></span> <span class='ocrx_word' id='word_1_330' title='bbox 264 4074 470 4158; x_wconf 90' lang='lat' dir='ltr'><strong>sponsalibus</strong></span> <span class='ocrx_word' id='word_1_331' title='bbox 494 4077 530 4139; x_wconf 93' lang='lat' dir='ltr'><strong>ut</strong></span> <span class='ocrx_word' id='word_1_332' title='bbox 547 4074 656 4139; x_wconf 90' lang='lat' dir='ltr'><strong>valida</strong></span> <span class='ocrx_word' id='word_1_333' title='bbox 680 4095 744 4138; x_wconf 90' lang='lat' dir='ltr'><strong>non</strong></span> <span class='ocrx_word' id='word_1_334' title='bbox 768 4074 921 4140; x_wconf 90' lang='lat' dir='ltr'><strong>evadant.</strong></span> <span class='ocrx_word' id='word_1_335' title='bbox 953 4074 1039 4139; x_wconf 89' lang='lat' dir='ltr'><strong>Nam</strong></span> <span class='ocrx_word' id='word_1_336' title='bbox 1063 4075 1097 4138; x_wconf 92' lang='lat' dir='ltr'><strong>in</strong></span> <span class='ocrx_word' id='word_1_337' title='bbox 1120 4095 1158 4138; x_wconf 92' lang='lat' dir='ltr'><strong>eo</strong></span> <span class='ocrx_word' id='word_1_338' title='bbox 1180 4094 1258 4137; x_wconf 90' lang='lat' dir='ltr'><strong>casu</strong></span> <span class='ocrx_word' id='word_1_339' title='bbox 1275 4073 1389 4139; x_wconf 84' lang='lat' dir='ltr'><strong>inatri-</strong></span> 
     </span>
     <span class='ocr_line' id='line_1_40' title="bbox 57 4162 1298 4246; baseline -0.001 -18"><span class='ocrx_word' id='word_1_340' title='bbox 57 4164 203 4229; x_wconf 88' lang='lat' dir='ltr'><strong>monium</strong></span> <span class='ocrx_word' id='word_1_341' title='bbox 224 4163 305 4229; x_wconf 93' lang='lat' dir='ltr'><strong>illud</strong></span> <span class='ocrx_word' id='word_1_342' title='bbox 328 4163 394 4228; x_wconf 90' lang='lat' dir='ltr'><strong>filio</strong></span> <span class='ocrx_word' id='word_1_343' title='bbox 419 4168 470 4229; x_wconf 92' lang='lat' dir='ltr'><strong>est</strong></span> <span class='ocrx_word' id='word_1_344' title='bbox 493 4163 653 4242; x_wconf 90' lang='lat' dir='ltr'><strong>illicitum,</strong></span> <span class='ocrx_word' id='word_1_345' title='bbox 677 4184 716 4227; x_wconf 91' lang='lat' dir='ltr'><strong>ac</strong></span> <span class='ocrx_word' id='word_1_346' title='bbox 739 4162 832 4246; x_wconf 89' lang='lat' dir='ltr'><strong>proin</strong></span> <span class='ocrx_word' id='word_1_347' title='bbox 857 4163 926 4228; x_wconf 91' lang='lat' dir='ltr'><strong>eius</strong></span> <span class='ocrx_word' id='word_1_348' title='bbox 950 4162 1120 4246; x_wconf 88' lang='lat' dir='ltr'><strong>promissio</strong></span> <span class='ocrx_word' id='word_1_349' title='bbox 1144 4162 1298 4227; x_wconf 88' lang='lat' dir='ltr'><strong>invalida.</strong></span> 
     </span>
    </p>
   </div>
   <div class='ocr_carea' id='block_1_11' title="bbox 55 4268 1389 4695">
    <p class='ocr_par' dir='ltr' id='par_1_12' title="bbox 55 4268 1389 4695">
     <span class='ocr_line' id='line_1_41' title="bbox 147 4268 1389 4351; baseline -0.002 -16"><span class='ocrx_word' id='word_1_350' title='bbox 147 4270 187 4338; x_wconf 89' lang='lat' dir='ltr'><strong>R.</strong></span> <span class='ocrx_word' id='word_1_351' title='bbox 212 4273 243 4338; x_wconf 84' lang='lat'><strong>2.</strong></span> <span class='ocrx_word' id='word_1_352' title='bbox 289 4271 405 4337; x_wconf 88' lang='lat' dir='ltr'><strong>Potest</strong></span> <span class='ocrx_word' id='word_1_353' title='bbox 428 4270 588 4336; x_wconf 86' lang='lat' dir='ltr'><strong>exsistere</strong></span> <span class='ocrx_word' id='word_1_354' title='bbox 613 4270 779 4335; x_wconf 90' lang='lat' dir='ltr'><strong>dissensus</strong></span> <span class='ocrx_word' id='word_1_355' title='bbox 801 4270 908 4336; x_wconf 87' lang='lat' dir='ltr'><strong>iustus</strong></span> <span class='ocrx_word' id='word_1_356' title='bbox 932 4270 1079 4351; x_wconf 91' lang='lat' dir='ltr'><strong>quidem,</strong></span> <span class='ocrx_word' id='word_1_357' title='bbox 1111 4290 1175 4334; x_wconf 92' lang='lat' dir='ltr'><strong>uon</strong></span> <span class='ocrx_word' id='word_1_358' title='bbox 1206 4273 1317 4333; x_wconf 88' lang='lat' dir='ltr'><strong>tamen</strong></span> <span class='ocrx_word' id='word_1_359' title='bbox 1341 4268 1389 4335; x_wconf 91' lang='lat' dir='ltr'><strong>ita</strong></span> 
     </span>
     <span class='ocr_line' id='line_1_42' title="bbox 56 4357 1389 4444; baseline -0.004 -17"><span class='ocrx_word' id='word_1_360' title='bbox 56 4364 94 4427; x_wconf 91' lang='lat' dir='ltr'><strong>ut</strong></span> <span class='ocrx_word' id='word_1_361' title='bbox 118 4364 273 4443; x_wconf 86' lang='lat' dir='ltr'><strong>parentes</strong></span> <span class='ocrx_word' id='word_1_362' title='bbox 302 4380 375 4424; x_wconf 90' lang='lat' dir='ltr'><strong>sese</strong></span> <span class='ocrx_word' id='word_1_363' title='bbox 399 4380 562 4444; x_wconf 89' lang='lat' dir='ltr'><strong>opponere</strong></span> <span class='ocrx_word' id='word_1_364' title='bbox 592 4363 784 4437; x_wconf 90' lang='lat' dir='ltr'><strong>teneantur,</strong></span> <span class='ocrx_word' id='word_1_365' title='bbox 818 4359 876 4423; x_wconf 89' lang='lat' dir='ltr'><strong>sed</strong></span> <span class='ocrx_word' id='word_1_366' title='bbox 906 4359 954 4423; x_wconf 91' lang='lat' dir='ltr'><strong>ita</strong></span> <span class='ocrx_word' id='word_1_367' title='bbox 984 4364 1021 4425; x_wconf 90' lang='lat' dir='ltr'><strong>ut</strong></span> <span class='ocrx_word' id='word_1_368' title='bbox 1050 4358 1121 4423; x_wconf 88' lang='lat' dir='ltr'><strong>iure</strong></span> <span class='ocrx_word' id='word_1_369' title='bbox 1144 4357 1281 4440; x_wconf 89' lang='lat' dir='ltr'><strong>possint.</strong></span> <span class='ocrx_word' id='word_1_370' title='bbox 1329 4357 1389 4434; x_wconf 84' lang='lat' dir='ltr'><strong>Qui</strong></span> 
     </span>
     <span class='ocr_line' id='line_1_43' title="bbox 57 4447 1389 4532; baseline -0.003 -16"><span class='ocrx_word' id='word_1_371' title='bbox 57 4449 234 4527; x_wconf 89' lang='lat' dir='ltr'><strong>dissensus,</strong></span> <span class='ocrx_word' id='word_1_372' title='bbox 258 4449 377 4514; x_wconf 88' lang='lat' dir='ltr'><strong>saltem</strong></span> <span class='ocrx_word' id='word_1_373' title='bbox 401 4449 429 4513; x_wconf 91' lang='lat' dir='ltr'><strong>si</strong></span> <span class='ocrx_word' id='word_1_374' title='bbox 454 4453 531 4515; x_wconf 90' lang='lat' dir='ltr'><strong>ante</strong></span> <span class='ocrx_word' id='word_1_375' title='bbox 554 4448 721 4532; x_wconf 87' lang='lat' dir='ltr'><strong>sponsalia</strong></span> <span class='ocrx_word' id='word_1_376' title='bbox 745 4453 842 4514; x_wconf 88' lang='lat' dir='ltr'><strong>notus</strong></span> <span class='ocrx_word' id='word_1_377' title='bbox 866 4470 929 4513; x_wconf 93' lang='lat' dir='ltr'><strong>non</strong></span> <span class='ocrx_word' id='word_1_378' title='bbox 954 4452 1015 4527; x_wconf 88' lang='lat' dir='ltr'><strong>est,</strong></span> <span class='ocrx_word' id='word_1_379' title='bbox 1040 4447 1207 4531; x_wconf 87' lang='lat' dir='ltr'><strong>sponsalia</strong></span> <span class='ocrx_word' id='word_1_380' title='bbox 1228 4468 1291 4511; x_wconf 92' lang='lat' dir='ltr'><strong>non</strong></span> <span class='ocrx_word' id='word_1_381' title='bbox 1308 4447 1389 4512; x_wconf 86' lang='lat' dir='ltr'><strong>facit</strong></span> 
     </span>
     <span class='ocr_line' id='line_1_44' title="bbox 56 4536 1389 4615; baseline -0.004 -10"><span class='ocrx_word' id='word_1_382' title='bbox 56 4560 98 4605; x_wconf 87' lang='lat' dir='ltr'><strong>ex</strong></span> <span class='ocrx_word' id='word_1_383' title='bbox 122 4559 160 4605; x_wconf 88' lang='lat' dir='ltr'><strong>se</strong></span> <span class='ocrx_word' id='word_1_384' title='bbox 182 4538 287 4615; x_wconf 85' lang='lat' dir='ltr'><strong>irrita,</strong></span> <span class='ocrx_word' id='word_1_385' title='bbox 312 4538 393 4603; x_wconf 88' lang='lat' dir='ltr'><strong>facit</strong></span> <span class='ocrx_word' id='word_1_386' title='bbox 417 4543 526 4604; x_wconf 89' lang='lat' dir='ltr'><strong>autern</strong></span> <span class='ocrx_word' id='word_1_387' title='bbox 551 4542 588 4603; x_wconf 93' lang='lat' dir='ltr'><strong>ut</strong></span> <span class='ocrx_word' id='word_1_388' title='bbox 611 4538 677 4604; x_wconf 90' lang='lat' dir='ltr'><strong>sint</strong></span> <span class='ocrx_word' id='word_1_389' title='bbox 701 4537 920 4602; x_wconf 87' lang='lat' dir='ltr'><strong>rescindibilia</strong></span> <span class='ocrx_word' id='word_1_390' title='bbox 943 4539 997 4602; x_wconf 89' lang='lat' dir='ltr'><strong>vel</strong></span> <span class='ocrx_word' id='word_1_391' title='bbox 1021 4542 1057 4603; x_wconf 92' lang='lat' dir='ltr'><strong>ut</strong></span> <span class='ocrx_word' id='word_1_392' title='bbox 1081 4537 1199 4602; x_wconf 87' lang='lat' dir='ltr'><strong>debeat</strong></span> <span class='ocrx_word' id='word_1_393' title='bbox 1222 4536 1307 4601; x_wconf 89' lang='lat' dir='ltr'><strong>filius</strong></span> <span class='ocrx_word' id='word_1_394' title='bbox 1330 4557 1389 4601; x_wconf 91' lang='lat' dir='ltr'><strong>seu</strong></span> 
     </span>
     <span class='ocr_line' id='line_1_45' title="bbox 55 4628 405 4695; baseline -0.006 0"><span class='ocrx_word' id='word_1_395' title='bbox 55 4629 124 4695; x_wconf 89' lang='lat' dir='ltr'><strong>filia</strong></span> <span class='ocrx_word' id='word_1_396' title='bbox 148 4649 188 4694; x_wconf 88' lang='lat' dir='ltr'><strong>ea</strong></span> <span class='ocrx_word' id='word_1_397' title='bbox 211 4628 405 4694; x_wconf 88' lang='lat' dir='ltr'><strong>rescindere.</strong></span> 
     </span>
    </p>
   </div>
   <div class='ocr_carea' id='block_1_12' title="bbox 0 0 1527 5174">
    <p class='ocr_par' dir='ltr' id='par_1_13' title="bbox 0 0 1527 5174">
     <span class='ocr_line' id='line_1_46' title="bbox 0 0 1527 5174; baseline 0 0"><span class='ocrx_word' id='word_1_398' title='bbox 0 0 1527 5174; x_wconf 95' lang='lat' dir='ltr'><strong> </strong></span> 
     </span>
    </p>
   </div>
  </div>
 </body>
</html>
