3044 5174
134 254 197 318 152
655 252 695 308 De
713 270 750 309 66.
769 251 942 307 eucharistia.

221 426 259 493 R.
285 429 315 493 3.
363 427 534 510 Cingulum
564 432 598 494 66
627 427 795 493 humerale
825 426 911 494 tanti
942 448 1007 493 non
1036 430 1115 492 sunt
1145 424 1302 493 momenti
1332 430 1370 494 66
1399 427 1459 492 sub

132 514 229 598 gravi
252 515 437 597 exigantur.
486 517 597 584 Potuit
626 516 728 600 igitur
751 516 904 583 Claudius
933 516 973 582 iis
1003 536 1118 583 carens
1141 514 1352 582 nibilominus
1374 517 1459 582 cele·

133 605 239 680 brare,
264 604 292 669 si
315 605 411 670 modo
434 605 572 673 honeste
595 626 632 672 se
656 606 893 690 composuerit:
917 604 1004 689 quod
1026 625 1063 671 re
1085 625 1167 671 vera
1189 604 1278 671 16616.

221 711 260 777 16.
286 715 315 778 4.
362 711 479 777 Velum
504 712 616 778 calicis
640 716 675 778 66
703 712 804 779 bursa
834 712 1013 796 corporalis
1044 711 1222 794 exiguntur
1250 731 1311 795 per
1339 731 1376 777 66
1399 713 1458 777 sub

133 800 254 866 veniali
277 804 424 877 tantum;
449 800 476 865 si
499 800 602 885 igitur
624 803 793 886 corporale
815 801 942 882 aderat,
966 801 1120 868 Claudius
1134 821 1199 866 nou
1214 801 1367 884 peccavit
1388 801 1459 866 sine

132 889 197 955 illis
221 890 423 955 ornamentis
447 890 648 957 secundariis
672 891 877 957 celebrando.

221 994 260 1064 R.
286 999 316 1062 5.
363 995 452 1061 Idem
477 996 528 1062 dic
559 997 598 1063 (16
627 1018 757 1082 mappa.
806 997 839 1064 Si
863 996 947 1063 enim
978 1016 1045 1062 una
1067 996 1187 1062 saltem
1209 1016 1330 1080 mappa
1353 997 1457 1073 adest,

133 1083 195 1150 etsi
219 1083 306 1150 forte
329 1105 393 1150 non
417 1084 608 1163 benedicta,
639 1087 751 1154 licebit
773 1107 816 1152 ex
846 1085 1001 1152 mediocri
1030 1106 1130 1152 66666
1160 1085 1344 1152 celebrare:
1375 1106 1459 1168 6666

133 1177 185 1239 666
208 1174 279 1239 6616
304 1173 436 1241 devotio
460 1174 531 1241 eius
554 1175 605 1240 cui
628 1197 732 1258 grave
756 1179 808 1241 est
831 1197 852 1241 a
875 1174 1069 1242 celebrando
1093 1174 1270 1242 abstinere.

222 1280 260 1345 R.
287 1282 317 1348 6.
363 1280 474 1347 Etiam
505 1282 611 1366 magis
641 1304 705 1348 non
736 1284 912 1348 tenebatur
942 1282 1102 1349 sollicitus
1132 1301 1205 1346 esse
1235 1281 1276 1346 de
1305 1280 1459 1365 ampullis

133 1368 200 1432 vini
225 1374 259 1436 et
283 1390 401 1523 apinae,
426 1371 454 1436 si
477 1371 574 1436 modo
598 1372 769 1439 materiam
792 1371 915 1455 ipsam,
940 1391 1077 1455 eamque
1099 1369 1282 1450 indubiam,
1306 1369 1459 1436 babuerit

133 1478 310 1524 consecran
334 1479 398 1527 am.

221 1565 260 1630 R.
288 1567 316 1631 7.
363 1565 413 1631 De
444 1565 575 1634 defectu
604 1565 746 1632 missalis
776 1565 911 1649 gravior
934 1566 1063 1648 quidem
1087 1570 1139 1633 666
1162 1565 1354 1643 difficultas
1386 1586 1457 1631 cum

134 1673 175 1717 ex
199 1674 272 1719 6666
296 1653 429 1719 missale
459 1655 520 1720 sub
550 1656 645 1738 gravi
677 1655 839 1738 exigatur.
887 1655 1010 1721 Verum
1041 1654 1069 1720 si
1092 1655 1165 1739 quis
1194 1655 1367 1722 moraliter
1390 1676 1458 1721 om·

133 1741 209 1807 nino
234 1747 344 1808 certus
368 1747 420 1809 est
443 1764 479 1809 se
503 1765 567 1809 non
591 1749 778 1811 erratorum
800 1745 1008 1824 notabiliter,
1032 1766 1098 1810 una
1121 1745 1270 1811 alterave
1292 1744 1367 1811 vice
1389 1743 1458 1810 sine

133 1832 258 1896 missali
281 1832 457 1911 celebrare,
481 1833 509 1898 si
532 1834 628 1899 modo
653 1833 695 1899 ad
710 1833 880 1900 vitandam
896 1833 1144 1901 admirationem
1160 1832 1244 1899 alius
1259 1832 1343 1899 liber
1358 1854 1459 1918 appo·

133 1925 250 1993 natur.
285 1943 350 1987 non
383 1922 522 1989 habetur
554 1942 613 2005 pro
646 1922 741 2005 gnavi
774 1923 922 2001 defectu,
958 1943 1064 2005 neque
1098 1943 1158 2007 pro
1192 1921 1252 1989 tali
1284 1922 1326 1988 ob
1362 1943 1458 2006 quem

133 2030 197 2075 non
228 2010 328 2077 116666
358 2010 541 2078 devotionis
572 2032 673 2078 66666
703 2012 877 2079 celebrare.
923 2011 954 2080 S.
980 2011 1097 2096 Alph.
1123 2011 1187 2090 VI,
1218 2013 1300 2090 390;
1335 2013 1457 2079 11666.

177 2291 477 2358 CONSECRATIO
502 2292 558 2357 ET
581 2291 846 2358 BENEDICTIO
871 2292 1107 2359 SAORORUM
1130 2291 1415 2359 UTENSILIUM.

703 2448 815 2516 Cusus.
835 2458 892 2526 (66)

223 2589 364 2649 Camillus
399 2590 547 2666 parochus
578 2589 608 2649 in
640 2590 795 2666 pervigilio
829 2589 996 2651 nativitatis
1024 2590 1141 2650 Domini
1172 2611 1190 2650 a
1218 2591 1459 2652 benefactoribus

134 2669 244 2746 accipit
268 2670 428 2746 pretiosam
456 2672 587 2729 casulam
615 2676 645 2729 et
673 2671 795 2730 calicem
822 2690 875 2746 pro
904 2671 981 2730 dono
1008 2672 1162 2744 natalitio;
1190 2672 1296 2748 quibus
1324 2691 1393 2732 eum
1414 2673 1459 2732 die

134 2751 211 2809 16666
233 2769 353 2809 usurum
375 2769 442 2809 esse
463 2755 648 2827 exspectant.
691 2750 831 2810 Camillus
858 2751 887 2810 id
909 2770 1008 2810 secum
1030 2757 1188 2827 reputans,
1219 2757 1303 2812 ratus
1323 2753 1459 2813 benefac·
1502 2796 1504 2800 -

133 2834 215 2889 66666
237 2849 323 2889 66666
345 2830 487 2889 offensum
508 2830 554 2902 iri,
577 2850 613 2889 ex
635 2836 826 2907 praesumpta
846 2831 1001 2890 uoluntate
1022 2832 1154 2908 episcopi
1175 2851 1223 2891 res
1244 2831 1312 2892 illas
1333 2833 1460 2893 donatas

133 2910 199 2987 1666
221 2910 368 2970 benedicit
387 2910 482 2986 iisque
504 2909 550 2969 die
570 2910 648 2969 festo
669 2910 787 2987 publice
807 2911 901 2971 utitur
921 2912 952 2969 in
973 2911 1108 2971 sollemni
1128 2911 1227 2972 missa.
1256 2945 1296 2989 ··.
1320 2912 1460 2972 Vicarins

134 2995 254 3130 pglsltero
277 2990 323 3049 die
345 2990 526 3050 sollemniter
554 2991 756 3050 celebraturus
778 3010 829 3050 eas
850 2996 970 3050 recusat
990 3011 1084 3068 neque
1106 2992 1195 3051 audet
1221 3012 1272 3051 eas
1293 3013 1348 3070 pro
1368 2994 1460 3054 missa

134 3090 152 3130 6
193 3071 282 3131 16666.
1029 3080 1030 3083 ’

136 3182 313 3255 1166666666
336 3186 364 3244 1ο
386 3183 434 3243 661
455 3188 603 3262 competat
622 3183 790 3244 benedictio
813 3190 843 3244 66
864 3184 1047 3244 66666666616
1069 3204 1219 3245 sacrorum
1241 3187 1422 3249 utensilium.

336 3274 366 3332 2ο
387 3279 507 3333 rectene
529 3273 625 3350 egerit
646 3273 785 3334 Camillus
807 3293 845 3334 an
867 3273 931 3334 6166
952 3274 1090 3334 vicarius.

734 3456 869 3524 Salutio.

74 3615 126 3670 263
226 3599 278 3662 An
302 3619 493 3675 ousasmun
513 3602 550 3662 1¹²¹
572 3599 611 3665 R.
631 3601 659 3665 1.
692 3598 901 3665 Consecratio
924 3620 1093 3665 sacrorum
1117 3621 1281 3680 vasorum,
1306 3601 1326 3667 1.
1352 3623 1380 3668 e.
1407 3623 1461 3666 ca·

137 3687 208 3752 licis
232 3692 266 3753 66
288 3692 445 3772 6666666,
471 3708 554 3769 6666
578 3686 764 3754 chrismatis
787 3687 939 3753 66661666
962 3689 1146 3772 perficitur,
1171 3693 1224 3756 666
1247 3689 1369 3755 ordinis
1393 3691 1461 3775 epi·

137 3777 297 3860 scopalis‚
322 3797 427 3859 neque
451 3775 621 3860 episcopus
644 3776 728 3842 hanc
752 3775 944 3842 facultatem
968 3776 1122 3860 delegare
1144 3783 1271 3862 666666;
1303 3799 1379 3845 6666
1404 3781 1461 3846 ad·

137 3865 268 3931 modum
298 3887 357 3950 pro
388 3865 643 3932 circumstantiis
673 3866 707 3931 16
739 3865 856 3948 quibus
889 3867 983 3931 deest
1012 3867 1184 3951 episcopus
1214 3866 1411 3936 missionarii
1443 3892 1462 3936 a

138 3956 170 4022 S.
202 3956 285 4021 Sede
314 3954 480 4038 accipiunt
508 3954 701 4021 facultatem
731 3955 943 4021 consecrandi
973 3956 1045 4021 oleo
1075 3959 1187 4023 tamen
1218 3962 1252 4025 66
1284 3959 1461 4026 chrismate

137 4065 197 4129 per
212 4043 397 4128 episcopum
415 4044 625 4111 consecratis.
650 4079 690 4089 -
712 4044 852 4126 Reliqua
867 4065 950 4111 vasa
965 4066 1077 4113 sacra:
1101 4046 1199 4133 pixis,
1223 4047 1335 4113 lunula
1351 4051 1462 4114 osteu-

137 4133 217 4198 sorii
239 4134 465 4201 tantummodo
488 4133 732 4200 benedicuntur.

227 4240 266 4306 R.
292 4244 322 4308 2.
369 4240 558 4307 Benedictio
581 4245 846 4324 paramentorum
870 4246 971 4324 66666
995 4241 1183 4310 utensilium
1212 4261 1398 4320 sacrorum,
1430 4243 1461 4307 in

138 4329 254 4412 quibus
278 4330 481 4395 consecratio
505 4350 569 4394 non
593 4328 780 4406 adhibetur,
811 4329 912 4396 etiam
942 4352 984 4396 ex
1015 4329 1151 4395 rubricis
1174 4329 1317 4396 Missalis
1347 4336 1382 4398 66
1405 4332 1462 4397 Ri-

139 4419 238 4485 tualis
262 4420 422 4503 episcopis
445 4420 643 4483 reservatur.
676 4417 832 4483 Attamen
852 4440 916 4484 non
934 4418 1109 4483 difficulter
1127 4418 1275 4485 obtinent
1291 4441 1312 4487 a
1328 4420 1360 4487 S.
1378 4420 1462 4487 Sede

139 4506 331 4573 facultatem
355 4508 439 4573 hanc
462 4510 661 4590 potestatem
684 4507 888 4589 presbyteris
906 4508 1095 4590 delegandi;
1120 4508 1253 4593 insuper
1276 4510 1463 4594 superiores

140 4596 338 4678 regularium
362 4597 555 4662 facultatem
578 4595 701 4661 babent
730 4595 790 4660 has
821 4618 932 4662 sacras
956 4618 1091 4683 666666
1115 4619 1176 4664 usu
1199 4620 1332 4665 suarum
1357 4602 1461 4666 66616·
