3044 5174
622 280 828 337 Sacramentum
845 282 1018 338 matrimonii

338 509 619 578 SPONSALIUM
642 511 793 579 VALOR
816 512 1008 590 EIUSQUE
1032 511 1191 579 VITIUM
1215 511 1301 594 (IV).

714 676 824 743 tasas.
843 683 920 753 (245)
1510 600 1521 820 1

245 816 343 876 Iovita
363 817 463 894 puella
484 817 664 894 perhonesta
686 837 752 877 oum
766 816 888 877 Claudio
909 817 1017 876 iuvene
1032 837 1104 876 suae
1128 815 1313 876 condicionis
1335 818 1481 894 sponsalia
1516 867 1519 874 .

154 896 230 957 iniit.
272 897 343 956 (lum
365 897 457 956 multa
478 898 537 956 iam
559 897 620 956 sint
639 903 746 975 parata
773 918 827 975 pro
848 897 1035 957 matrimonio
1057 917 1124 956 mox
1148 896 1344 969 celebrando,
1374 917 1480 974 compe-

154 977 235 1036 riunt
255 977 370 1036 Iovitae
391 982 532 1054 parentes
553 977 707 1036 Claudium
735 997 800 1037 esse
829 978 975 1037 hominem
1002 977 1199 1052 irreligiosum
1227 996 1263 1036 ac
1285 996 1400 1036 morum
1422 997 1481 1055 pra-

154 1077 266 1118 vorum.
309 1056 408 1127 Quare
434 1058 579 1117 insistunt
607 1065 640 1117 ut
660 1057 758 1117 Iovita
779 1057 901 1118 Claudio
928 1057 1087 1116 renuntiet.
1129 1057 1193 1128 Qua
1215 1057 1402 1129 reluctante,
1431 1058 1480 1135 ipsi

155 1143 276 1198 sumunt
296 1138 415 1196 arrham
438 1138 572 1213 donaque
593 1138 769 1215 sponsalitia
791 1157 865 1214 quae
886 1137 983 1197 Iovita
1003 1157 1063 1196 non
1085 1156 1181 1214 pauca
1202 1142 1373 1215 acceperat,
1397 1158 1480 1214 eaque

156 1218 255 1278 omnia
283 1217 423 1293 colligata
445 1217 566 1277 Claudio
594 1218 756 1278 remittunt.
798 1218 854 1278 Ille
881 1237 969 1290 vero,
1000 1217 1030 1276 id
1058 1217 1158 1277 terens
1184 1217 1327 1292 indigne,
1355 1220 1481 1296 postulat
1514 1246 1518 1255 ·

155 1297 254 1358 damni
274 1298 491 1375 reparationem
512 1298 693 1375 temporalis,
716 1318 781 1357 curn
803 1303 834 1357 et
853 1299 963 1357 multas
977 1297 1083 1357 1666111
1096 1317 1246 1375 expensas
1263 1317 1345 1357 nunc
1366 1298 1480 1359 inutiles
1513 1258 1518 1369 1

155 1384 195 1449 61,
216 1380 326 1455 probro
340 1378 467 1437 affectus
482 1398 499 1437 a
514 1398 626 1455 sponsa
641 1377 762 1454 eiusque
776 1379 960 1456 parentibus,
982 1378 1071 1453 longe
1086 1377 1235 1437 difficilius
1251 1378 1380 1438 similem
1402 1399 1480 1457 spon·

155 1478 218 1518 sam
241 1458 379 1537 reperiat.
1511 1484 1518 1795 Ι

155 1583 333 1654 (1611161166
355 1585 384 1642 1⁰
405 1583 482 1641 sitne
503 1582 583 1642 iusta
604 1602 696 1642 cansa
717 1603 735 1642 a
756 1581 945 1660 sponsalibus
966 1581 1132 1642 recedendi.

355 1681 385 1738 2ο
406 1684 527 1739 rectene
548 1679 665 1755 egerint
685 1680 801 1740 Iovitae
821 1685 971 1758 parentes.

353 1780 383 1837 3⁰
404 1777 473 1854 quid
495 1778 530 1836 de
552 1776 666 1837 Claudii
687 1778 815 1854 querelis
836 1777 1025 1836 iudicandum
1047 1776 1095 1837 sit.

355 1877 386 1934 4ο
407 1874 491 1951 quid,
521 1874 547 1933 si
569 1880 640 1934 ante
668 1875 820 1951 sponsalia
841 1874 940 1934 Iovita
959 1876 1009 1933 vel
1030 1874 1094 1934 eius
1117 1879 1258 1952 parentes
1281 1875 1400 1935 Claudii
1421 1895 1482 1934 con·
1512 1816 1518 1957 1

409 1955 541 2014 diciones
562 1955 765 2031 cognoverint.
1515 1964 1518 1969 '

753 2155 888 2222 Salutio.

93 2331 144 2386 337
244 2308 296 2372 An
320 2327 511 2383 Quaasrruu
539 2311 574 2370 1¹²
598 2306 636 2373 R.
658 2311 685 2373 l.
719 2307 752 2371 Si
777 2306 925 2373 defectus
949 2307 1145 2391 corporales,
1169 2306 1268 2372 immo
1291 2308 1396 2373 solius
1420 2310 1482 2373 for·

154 2403 271 2474 tunae,
305 2397 446 2462 evadere
469 2400 607 2479 possunt
631 2416 749 2462 causae
773 2395 975 2461 sufficientes
999 2417 1056 2461 cur
1080 2417 1100 2460 a
1123 2396 1347 2479 sponsalibus,
1382 2399 1482 2463 invito

155 2489 333 2570 comperte,
358 2484 512 2549 recedere
528 2485 637 2562 liceat,
661 2486 765 2550 multo
782 2483 888 2566 magis
905 2484 1053 2550 defectus
1070 2506 1191 2567 graves
1207 2486 1350 2552 morales
1367 2507 1483 2552 causae

154 2596 227 2641 esse
251 2574 371 2640 debent
393 2571 561 2654 legitimae
586 2573 786 2657 sponsalium
810 2573 1102 2640 dissolvendorum.

242 2682 282 2747 R.
308 2684 338 2747 2.
377 2679 480 2745 Immo
504 2679 566 2745 nisi
590 2680 677 2746 adsit
699 2701 775 2764 spes
799 2684 890 2746 certa
914 2679 1043 2746 omnino
1068 2681 1302 2765 comprimendi
1325 2680 1481 2747 influxum

154 2791 293 2854 pravum
317 2791 412 2851 quem
436 2769 488 2833 vir
510 2769 566 2834 ille
588 2768 622 2833 in
646 2768 790 2834 futuram
814 2769 956 2853 prolem,
981 2791 1022 2835 ne
1046 2769 1150 2835 dicam
1176 2770 1366 2852 coniugem,
1391 2792 1481 2836 exer·

155 2880 229 2925 cere
252 2859 366 2943 possit,
391 2858 548 2924 eiusmodi
564 2858 805 2923 matrimonium
822 2858 880 2923 vix
903 2879 1057 2940 umquam
1072 2859 1199 2925 licitum
1215 2860 1289 2926 erit.
1321 2861 1386 2928 Est
1402 2861 1481 2925 enim

155 2949 194 3014 de
218 2949 278 3016 tali
302 2948 521 3024 matrimonio,
546 2947 676 3014 etiamsi
693 2969 831 3031 sponsus
848 2968 965 3012 nomen
982 2948 1179 3014 catholicum
1195 2949 1393 3024 servaverit,
1418 2950 1481 3014 1616

153 3039 267 3104 eodem
292 3038 386 3102 modo
416 3037 622 3103 iudicandum
647 3040 747 3119 atque
777 3037 816 3102 de
839 3036 1048 3103 matrimonio
1072 3038 1192 3116 mixto,
1225 3038 1313 3120 quod
1336 3039 1482 3105 Ecclesia
1520 3053 1522 3120 1

153 3149 214 3211 per
236 3149 272 3192 se
296 3148 426 3210 semper
448 3127 616 3193 detestata
640 3131 701 3192 est.

242 3233 282 3299 R.
308 3235 337 3298 3.
386 3233 480 3299 Unde
510 3236 605 3317 patet
634 3237 668 3298 ct
689 3231 817 3299 levitae
840 3232 948 3298 inesse
971 3232 1022 3297 ius
1045 3233 1099 3297 vel
1123 3232 1223 3299 etiam
1250 3234 1478 3316 obligationem

155 3322 287 3387 Claudio
312 3322 531 3400 valedicendi,
560 3321 622 3385 nisi
646 3321 829 3388 ostenderit
858 3322 975 3387 seriam
1001 3323 1266 3400 conversionem,
1299 3328 1334 3390 et
1358 3325 1479 3390 Iovitae

154 3410 344 3564 parentibuff
367 3411 554 3565 1616611616
577 3432 642 3475 non
666 3412 769 3476 solum
794 3411 844 3476 ius
860 3411 919 3476 sed
935 3411 1035 3476 etiam
1052 3411 1287 3493 obligationem
1307 3434 1479 3480 consensus

155 3522 205 3564 661
228 3504 319 3565 16116
342 3521 381 3564 en
406 3523 426 3565 1.

93 3653 144 3709 888
246 3632 296 3698 Aa
320 3653 512 3709 uuassrruu
535 3635 574 3696 2¹¹¹
606 3631 644 3700 R.
672 3634 700 3697 1.
748 3632 801 3695 Ex
831 3631 928 3697 dictis
960 3631 1107 3715 sequitur
1137 3637 1294 3716 parentes
1325 3634 1397 3700 1616
1426 3656 1478 3699 666

153 3728 291 3806 paterno
316 3743 392 3788 usos
416 3744 505 3797 esso,
537 3742 608 3785 cum
633 3721 718 3785 dona
741 3721 935 3804 sponsalitia
963 3722 1050 3786 filiae
1074 3722 1196 3787 collata
1225 3743 1346 3805 sponso
1372 3725 1478 3789 remit·

154 3815 263 3878 terent
286 3812 380 3894 eique
403 3811 464 3876 hoc
494 3810 589 3875 modo
620 3810 907 3886 abrenuntiarent,
938 3810 966 3874 si
996 3810 1063 3875 filia
1093 3831 1197 3875 annos
1220 3811 1478 3880 maiorennitat-is
1521 3832 1522 3835 ’

154 3902 296 3966 nondum
321 3901 497 3984 attigerat:
522 3900 617 3983 plene
641 3899 725 3963 enim
749 3903 908 3982 paternae
932 3900 1067 3966 suberat
1090 3900 1260 3983 potestati.

243 4014 282 4079 R.
308 4017 337 4079 2.
385 4011 505 4091 Quodsi
536 4010 604 4075 filia
633 4010 698 4076 iam
729 4014 802 4076 erat
828 4011 951 4088 maior,
984 4011 1138 4092 legaliter
1168 4011 1299 4094 quidem
1329 4018 1478 4097 parentes

154 4103 421 4186 impedimentum
438 4100 646 4167 matrimonio
663 4121 735 4164 cum
749 4100 882 4165 Claudio
899 4100 1039 4165 ineundo
1057 4121 1219 4185 opponere
1236 4122 1302 4165 non
1318 4106 1477 4185 poterant,

153 4197 309 4275 poterant
331 4192 365 4257 in
389 4190 598 4258 conscientia.
645 4189 743 4253 Proin
768 4210 878 4254 coram
902 4191 971 4254 Deo
996 4191 1082 4255 male
1105 4211 1169 4254 non
1194 4195 1352 4271 egerunt,
1388 4192 1477 4256 immo

154 4282 253 4360 bene,
285 4283 414 4363 quando
437 4279 632 4345 renitentem
658 4278 711 4342 vel
735 4282 944 4343 cunctantem
968 4279 1067 4344 filiam
1092 4279 1208 4343 morali
1232 4280 1404 4346 coactione
1427 4280 1477 4345 ad·

154 4371 312 4437 iuvabant
336 4375 382 4448 61,
407 4370 493 4453 quod
516 4369 550 4432 in
574 4367 773 4432 conscientia
796 4367 907 4432 facere
931 4368 1082 4445 debebat,
1107 4389 1142 4433 16
1167 4375 1415 4450 exsequeretur.
1445 4370 1476 4433 ln

154 4461 249 4524 modo
274 4465 383 4526 tamen
407 4458 526 4541 agendi
550 4460 750 4540 potestatem
774 4478 866 4522 suam
891 4456 924 4520 in
948 4457 1065 4534 filiam,
1100 4477 1184 4539 quae
1215 4461 1289 4523 6161
1319 4459 1474 4532 66116116,

155 4554 376 4615 excesserunt.
424 4549 580 4614 Sufficero
605 4547 745 4612 debebat
768 4549 805 4609 ut
828 4546 976 4628 graviter
1003 4546 1090 4611 filiae
1114 4546 1360 4614 matrimonium
1384 4550 1475 4616 inter·

155 4637 301 4703 dicerent
317 4642 417 4719 atque
433 4658 563 4721 sponso,
587 4636 685 4701 immo
703 4636 830 4700 demum
847 4635 908 4719 ipsi
925 4636 1020 4714 filiae,
1043 4636 1278 4703 interdicerent
1302 4638 1400 4704 domo
1415 4659 1474 4704 sua.
1506 4650 1510 4723 1
