3044 5174
654 262 860 318 Sacramentum
878 262 986 316 ordinis.

337 489 570 557 seclusum
598 489 698 557 ΗΘΒ.
723 489 822 558 CAN.
845 489 1043 555 RATIONE
1066 471 1298 558 Bassareu.

716 655 827 722 tasas.
846 663 922 731 (230)

236 797 456 868 Willibrcrdus,
478 815 562 873 quem
585 797 683 873 coepit
697 796 846 856 clericalis
860 795 941 854 vitae
955 796 1084 868 taedere,
1107 795 1201 872 primo
1225 796 1346 873 saepius
1370 797 1470 855 omitte

153 877 208 936 bat
228 878 358 937 officium
379 877 566 947 matutinum,
588 877 656 936 dein
677 877 765 936 etiam
788 876 965 952 compluries
986 880 1081 935 totum
1096 875 1224 934 officium
1239 875 1384 948 diurnale,
1404 896 1471 935 nuuc

153 976 207 1035 per
229 959 355 1017 medium
378 976 486 1016 annum
508 958 621 1016 nullum
643 956 769 1033 amplius
791 957 922 1016 dimnum
937 956 1067 1014 officium
1081 956 1229 1015 recitavit.
1257 956 1382 1015 Reditus
1396 959 1470 1016 bene

154 1037 214 1096 ficii
235 1038 287 1096 vix
307 1042 393 1114 putat
421 1057 487 1097 esse
515 1038 703 1096 honorarium
732 1056 785 1114 pro
814 1037 881 1096 aliis
910 1036 989 1095 curis
1016 1042 1047 1095 et
1074 1036 1224 1105 laboribus
1252 1037 1470 1112 parochialibus,

155 1137 221 1176 cum
243 1118 293 1176 alii
316 1118 460 1177 officiales
481 1117 651 1177 saeculares
673 1137 711 1176 ex
734 1137 788 1177 suo
812 1116 911 1177 officio
935 1136 1001 1175 cum
1031 1116 1143 1175 minore
1164 1116 1266 1175 labore
1288 1117 1414 1193 amplius
1433 1139 1470 1176 su·
1506 1142 1510 1161 ¹

153 1204 238 1256 mant
258 1198 417 1270 salarium,
449 1202 538 1274 atque
558 1199 624 1274 ipse
645 1217 681 1256 ex
703 1197 846 1257 beneficio
868 1216 958 1273 parco
981 1196 1069 1255 etiarn
1090 1197 1192 1272 largas
1213 1196 1418 1273 eleemosynas
1437 1199 1471 1256 ta·

153 1295 221 1339 cers
242 1284 374 1354 cogatur.

153 1390 433 1462 Quaua1rua1⁰in
461 1392 653 1452 beneficiatos
680 1412 756 1469 quae
783 1412 880 1470 poena
907 1396 1058 1451 statuatur
1085 1411 1138 1468 pro
1168 1389 1267 1450 officio
1295 1391 1398 1452 divino
1422 1412 1472 1452 uon

353 1573 384 1629 2ο
405 1572 472 1648 quid
495 1571 663 1647 requiratur
684 1570 721 1629 ad
742 1571 820 1628 hano
841 1588 967 1645 posnam
988 1566 1203 1628 incurrendam.

353 1670 384 1728 3ο
405 1669 473 1745 quid
495 1670 530 1728 de
551 1668 743 1728 Willibrordo
766 1668 920 1727 dicendum
942 1666 989 1726 sit.

405 1473 539 1534 recitato.
1507 1510 1512 1683 1

747 1858 883 1926 Salutio.
1509 1860 1513 1987 l

88 2011 142 2066 786
240 2001 294 2068 An
317 2024 510 2079 scansurum
536 2007 574 2068 lm
596 2003 634 2070 R.
664 1987 708 2069 1(
732 2003 866 2069 Statuta
889 2002 931 2067 ab
955 2001 1105 2066 Ecclesia
1128 2004 1206 2066 sunt
1228 2002 1327 2067 haec:

240 2101 308 2166 Leo
324 2102 354 2167 X
369 2101 403 2166 iu
427 2123 516 2168 conc.
533 2102 643 2167 Later.
657 2101 688 2166 V
701 2101 831 2167 constit.
848 2101 1034 2185 ,supernae
1058 2098 1294 2184 dispositionis“
1314 2099 1345 2166 d.
1365 2102 1384 2164 5
1401 2100 1474 2165 Maii
1511 2109 1513 2180 ξ

154 2191 240 2254 1514
265 2190 282 2271 5
307 2193 366 2255 38:
400 2192 598 2274 „statuimus
622 2194 657 2256 et
686 2190 874 2255 ordinamus
905 2194 942 2255 ut
971 2189 1108 2271 quilibet
1138 2187 1262 2253 habens
1285 2188 1473 2255 beneficium
1511 2185 1513 2191 ’

152 2298 225 2343 cum
249 2301 328 2345 cura
351 2280 403 2344 vel
428 2280 499 2345 sine
522 2301 610 2357 cura,
635 2278 662 2344 si
686 2283 762 2362 post
785 2300 844 2343 sex
869 2299 997 2343 menses
1021 2278 1062 2343 ab
1089 2277 1223 2343 obtento
1247 2277 1407 2344 beneficio
1431 2280 1474 2343 di·

152 2367 264 2433 vinum
289 2368 430 2434 officium
454 2390 517 2433 non
543 2368 673 2447 dixerit,
698 2367 845 2450 legitimo
868 2366 1100 2451 impedimento
1117 2369 1278 2444 cessante,
1305 2367 1474 2433 beneficio·

151 2477 223 2521 rum
248 2478 380 2522 sucrum
403 2458 530 2523 fructus
553 2479 630 2522 suos
653 2478 718 2522 non
741 2457 844 2523 faciat
872 2478 931 2540 pro
962 2459 1036 2521 rata
1060 2454 1244 2521 omissionis
1272 2455 1475 2523 recitationis

152 2545 251 2610 officii
284 2551 318 2611 et
341 2547 514 2629 temporis,
548 2546 605 2610 sed
629 2567 685 2610 eos
714 2551 883 2627 tamquam
913 2544 1032 2610 iniuste
1064 2549 1237 2629 perceptos
1259 2544 1293 2609 in
1318 2546 1475 2611 fabricam

151 2635 381 2699 beneficiorum
405 2636 458 2700 vel
488 2656 668 2720 pauperum
699 2635 924 2717 eleemosynas
955 2653 1092 2716 erogare
1122 2637 1284 2699 teneatur.
1333 2635 1368 2699 Si
1400 2656 1475 2702 vero

151 2724 239 2790 ultra
262 2724 384 2790 dictum
407 2728 537 2807 tempus
567 2724 599 2788 in
630 2723 726 2788 simili
749 2723 959 2806 neglegentia
989 2722 1225 2790 contumaciter
1245 2726 1475 2806 permanserit,

150 2813 298 2895 legitima
321 2813 499 2878 monitione
523 2813 750 2897 praecedente,
775 2814 931 2878 beneficio
955 2813 1025 2895 ipso
1049 2812 1212 2895 privetur:
1244 2833 1317 2877 curn
1341 2821 1475 2896 propter

150 2902 292 2967 officium
317 2903 412 2968 detur
428 2902 629 2969 beneficium.
662 2902 878 2983 intellegatur
894 2906 1005 2967 autern
1021 2900 1162 2965 officium
1179 2901 1343 2980 omittere,
1369 2904 1474 2984 quoad

149 2991 211 3056 hoc
234 2997 271 3057 ut
294 2991 450 3057 beneficio
474 2991 597 3076 privari
614 2993 727 3075 possit,
752 2991 807 3072 qui
822 3013 882 3074 per
904 2990 1084 3073 quindecim
1103 2990 1172 3055 dies
1187 2989 1267 3054 illud
1290 2991 1341 3055 bis
1357 2993 1475 3057 saltem

150 3102 214 3147 non
238 3081 367 3147 dixerit.
416 3082 484 3146 Deo
508 3086 636 3157 tamen,
667 3082 754 3147 ultra
785 3080 964 3164 praemissa
994 3081 1034 3144 de
1057 3079 1146 3145 dicta
1169 3078 1344 3145 omissione
1368 3082 1474 3146 reddi·

149 3176 244 3236 turus
266 3170 437 3235 rationem.
485 3170 574 3246 Quae
603 3191 709 3254 poena
738 3168 771 3234 in
801 3170 995 3234 habentibus
1026 3169 1120 3251 plura
1150 3168 1306 3233 beneficia
1337 3170 1475 3237 reitera-

148 3259 223 3324 bilis
247 3259 346 3325 toties
369 3259 422 3337 sit,
448 3259 575 3341 quotics
599 3258 824 3324 contrafacere
849 3258 1111 3323 convincarrtur.“

239 3358 270 3422 S.
289 3357 411 3422 PiusV
432 3361 535 3422 const.
562 3358 635 3439 „Eu
652 3355 841 3441 proniuzo“.·
867 3354 1068 3434 ,Statuimus
1091 3358 1137 3432 ut,
1162 3354 1216 3436 qui
1239 3354 1339 3420 horas
1364 3377 1475 3422 omnes

150 3447 323 3511 canonicas
353 3467 417 3510 uno
441 3446 494 3510 vel
517 3446 664 3529 pluribus
695 3445 807 3510 diebus
836 3444 1065 3521 intermiserit,
1097 3464 1209 3509 omnes
1238 3445 1389 3510 beneficii
1420 3467 1473 3512 scu

149 3534 377 3600 beneficiorum
402 3556 532 3600 suorum
558 3535 694 3612 fructae,
719 3534 774 3617 qui
797 3533 844 3598 illi
867 3535 921 3598 vel
944 3534 1009 3598 illis
1032 3532 1146 3598 diebus
1168 3532 1426 3616 responderent,
1449 3536 1474 3600 si

149 3624 268 3690 cotidie
293 3624 531 3689 dividerentur:
564 3624 618 3706 qui
643 3645 721 3688 vero
746 3622 940 3689 matutinum
965 3627 1110 3701 tantum,
1136 3622 1317 3701 dimidiam,
1343 3624 1400 3705 qui
1425 3645 1474 3690 ce·

148 3718 238 3781 teras
268 3714 382 3790 horas,
415 3713 512 3778 aliam
545 3712 726 3787 dimidiam,
757 3713 812 3794 qui
842 3711 957 3776 harum
989 3712 1152 3794 singulas,
1186 3716 1315 3776 sextam
1346 3719 1474 3796 partem

147 3803 315 3868 fructuum
339 3802 483 3867 eiusdem
507 3802 569 3867 diei
594 3801 765 3868 amittat“:
798 3802 883 3883 quod
914 3801 1062 3866 ultimum
1093 3802 1272 3864 membrum
1303 3801 1406 3884 aliqui
1431 3804 1475 3869 ita

148 3892 330 3976 explicant,
360 3894 398 3955 ut
427 3912 486 3974 pro
517 3891 653 3974 singulis
683 3891 771 3956 horis
793 3891 906 3974 parvis
930 3895 1026 3955 sexta
1056 3911 1134 3973 pars
1158 3892 1285 3954 dissidii
1308 3890 1474 3957 fructuum

147 3983 242 4048 unius
267 3981 330 4046 diei
353 3984 576 4064 computetur;
602 3985 700 4062 atque
716 3980 748 4044 id
764 3980 931 4063 probabile
949 4000 1020 4044 esse
1037 3998 1163 4044 censeo.
1202 3980 1257 4045 lib.
1273 4002 1314 4044 ua
1333 3980 1374 4056 ΙΙ,
1401 3985 1474 4048 641.

237 4089 276 4156 R,
301 4091 331 4154 2.
375 4088 452 4152 Cum
477 4091 623 4152 caucuici
644 4091 820 4154 teneantur
843 4087 884 4151 ad
908 4087 1113 4171 psallendum
1136 4107 1195 4150 seu
1219 4087 1421 4153 cantandum
1444 4088 1475 4151 in

148 4179 261 4244 chore:
286 4177 358 4260 ipsi,
384 4175 446 4241 nisi
469 4176 616 4258 legitime
639 4176 706 4241 sint
728 4174 891 4259 impediti,
916 4197 980 4239 non
1004 4175 1213 4241 satisfaciunt
1235 4175 1369 4259 privata
1394 4178 1475 4242 reci·

147 4268 289 4343 tatione;
321 4267 378 4332 sed
402 4265 431 4330 si
454 4287 571 4331 canere
596 4267 791 4348 neglegunt,
816 4286 922 4346 neque
947 4264 1192 4330 distributiones
1217 4264 1403 4330 cotidianas
1427 4268 1473 4331 lu-

148 4362 410 4438 creaturaeque
437 4354 583 4420 beneficii
607 4355 734 4420 tructus
757 4376 834 4420 suos
858 4354 1000 4431 faciunt,
1025 4354 1142 4418 saltem
1168 4375 1232 4418 non
1257 4375 1389 4420 omnes:
1415 4356 1472 4419 nisi

146 4445 233 4509 forte
257 4446 363 4526 quoad
388 4445 534 4510 beneficii
559 4444 686 4510 fructus
710 4445 770 4509 boc
794 4449 924 4527 ternpus
955 4443 1135 4508 submissae
1159 4443 1365 4508 recitationis
1390 4445 1475 4511 inter

144 4538 277 4616 ternpus
316 4535 394 4599 illud
438 4538 646 4617 computent,
689 4555 748 4617 pro
788 4554 851 4615 quc
892 4533 1024 4598 licentia
1064 4532 1234 4598 absentiae
1274 4535 1473 4600 conceditur.

150 4624 208 4689 Tb.
235 4646 273 4688 m.
298 4624 339 4702 II,
366 4627 439 4694 648.
