3044 5174
271 265 397 319 Minister
415 266 514 335 poenit.
535 295 568 302 -
589 264 710 334 sigillum
728 268 892 318 sacrament.
912 294 946 302 -
966 265 1024 320 eius
1045 265 1165 320 violatio.
1321 268 1384 332 321

144 441 306 519 Quoniam
336 447 447 507 autem
476 462 571 505 casus
601 446 718 507 narrat
741 440 946 507 Maxentium
970 461 1048 506 casu
1073 440 1255 518 audivisse,
1286 446 1387 523 atque

47 537 193 616 propter
215 530 319 614 ipsam
344 550 413 594 rem
436 529 520 594 sumi
543 530 657 611 nequit
680 529 850 595 mulierem
874 531 1017 596 scienter
1039 530 1182 595 voluisse
1207 531 1276 596 alta
1295 551 1386 607 voce,

47 625 94 687 ab
120 620 196 686 aliis
214 619 429 701 intellegibili,
454 619 590 683 crimina
605 640 666 683 sua
682 620 841 702 pandere:
866 619 999 684 dubium
1019 640 1085 684 nou
1107 625 1159 686 est
1182 619 1386 686 Maxentium

49 713 86 776 in
110 715 227 776 nostro
252 730 330 773 casu
353 708 504 775 notitiam
523 712 629 775 totam
645 708 765 773 habere
781 709 841 772 sub
858 707 966 791 sigillo
982 708 1214 775 sacramentali
1231 708 1386 775 clausam.

146 808 255 884 Quare
277 806 361 872 iam:

146 925 199 988 Aa
232 940 424 998 ouaasrruu
460 923 497 984 1m
529 921 567 986 R.
603 924 630 988 1.
684 921 873 987 Maxentius
905 921 1099 987 inhibendus
1132 927 1184 989 est
1216 919 1450 1004 quominus564

53 1014 142 1078 ullas
172 1011 323 1093 querelas
353 1010 394 1074 de
424 1010 522 1074 rebus
551 1031 593 1074 ex
624 1009 827 1075 confessione
857 1011 1021 1095 perceptis
1051 1033 1160 1076 coram
1187 1010 1388 1076 confessario

53 1102 221 1168 effundat:
246 1121 319 1165 curn
342 1099 423 1163 haec
447 1100 534 1183 apud
558 1099 791 1163 confessarium
817 1106 966 1183 repetere
990 1100 1033 1167 sit
1056 1099 1158 1166 laesio
1182 1098 1298 1182 sigilli,
1323 1121 1389 1164 uon

53 1191 219 1258 aliterue
243 1188 365 1253 dictum
389 1192 442 1253 est
465 1189 505 1252 de
529 1187 654 1253 duobus
679 1189 899 1255 confessariis.
948 1189 1069 1255 Verum
1100 1211 1141 1255 ue
1169 1187 1389 1254 confessarius

55 1280 189 1363 quidem
219 1278 328 1343 dicere
358 1281 469 1361 potest
498 1278 597 1354 haec,
630 1298 714 1359 quae
738 1277 926 1343 Maxentius
955 1279 1120 1362 proferat,
1149 1299 1221 1343 esse
1246 1298 1288 1343 ex
1311 1298 1389 1343 con·

54 1368 202 1434 sessione
232 1367 360 1444 uxoris,
394 1366 470 1448 quia
502 1365 535 1430 id
565 1366 758 1432 affirmando
790 1366 860 1450 ipse
892 1367 1040 1433 laederet
1072 1367 1232 1448 sigillum;
1265 1365 1323 1432 sed
1355 1366 1389 1431 iu

54 1478 180 1542 genere
203 1460 333 1522 tantum
356 1455 561 1520 Maxentium
584 1477 716 1520 monere
740 1455 854 1522 debet:
878 1456 1002 1540 ipsum,
1027 1457 1054 1521 si
1078 1456 1246 1540 putaverit
1269 1477 1305 1521 se
1328 1455 1389 1521 ali-

55 1547 136 1630 quid
152 1545 347 1630 percepisse,
372 1545 441 1609 altc
457 1543 588 1610 silentio
605 1545 746 1610 retinere
770 1544 905 1621 debere;
930 1567 1036 1627 neque
1059 1547 1160 1610 ullam
1185 1546 1224 1610 de
1240 1566 1276 1610 re
1300 1545 1389 1610 lecu·

55 1637 182 1703 tionem
217 1655 322 1716 neque
357 1634 458 1698 ullum
491 1655 584 1698 usum
621 1634 715 1698 uxori
750 1635 924 1699 molestum
957 1635 1017 1719 ipsi
1053 1634 1169 1713 licere,
1206 1634 1276 1699 sive
1311 1655 1389 1699 vere

55 1723 233 1801 audiverit,
258 1723 328 1788 sive
351 1723 435 1787 falso
459 1743 495 1786 se
519 1722 683 1788 audivisse
706 1728 809 1807 putet.

149 1822 188 1890 R.
214 1824 243 1887 2.
283 1818 580 1904 Reprehendendus
604 1824 656 1884 est
674 1820 872 1898 Maxentius,
896 1821 925 1885 si
947 1819 1035 1887 ferte
1058 1820 1171 1886 audire
1195 1819 1389 1904 perrexerit,

55 1933 158 1994 quam
189 1911 328 1994 primurn
353 1908 474 1991 aliquid
505 1909 689 1992 percepisse
716 1909 884 1991 putaverit
908 1931 950 1974 ex
973 1910 1081 1975 alicua
1104 1910 1325 1986 confessione;
1355 1909 1390 1974 id

56 2001 163 2076 enim,
188 1999 216 2064 si
239 1999 425 2064 voluntarie
449 2000 523 2074 fiat,
549 2001 599 2062 est
622 2019 725 2080 grave
749 1998 965 2080 sacrilegium.
1013 1999 1115 2064 Simul
1139 2003 1269 2064 tentare
1293 1998 1390 2064 debet

56 2088 280 2156 confessarius
311 2087 442 2152 dubium
474 2087 503 2151 ei
534 2086 655 2152 inicere
685 2093 719 2152 et
749 2088 982 2171 suspicionem,
1014 2109 1055 2154 ue
1078 2088 1165 2154 forte
1188 2087 1274 2152 male
1297 2087 1389 2153 audi·

58 2179 148 2244 verit
172 2180 206 2243 et
229 2176 313 2242 falso
337 2176 536 2261 perceperim
561 2176 658 2242 immo
683 2176 794 2241 licebit
818 2176 847 2241 ei
868 2178 1005 2241 addere:
1035 2176 1211 2260 ,Equidem
1227 2178 1296 2242 tale
1312 2176 1389 2258 quid

56 2289 124 2333 non
149 2266 259 2331 audivi
283 2267 324 2330 ab
347 2286 450 2330 uxore
473 2267 550 2330 tua“
569 2266 715 2347 —quod
738 2265 908 2331 verissime
933 2267 1040 2332 dicere
1064 2269 1174 2350 potest
1198 2266 1283 2330 etin
1300 2264 1390 2330 hisce

57 2355 224 2423 adiunctis
248 2356 390 2420 fortasse
413 2355 591 2438 prudenter
612 2355 741 2431 dixerit,
767 2355 935 2437 siquidem,
960 2357 1046 2437 quod
1069 2356 1102 2420 in
1126 2354 1330 2420 confessione
1353 2360 1391 2420 ut

59 2449 150 2512 Deus
173 2466 231 2509 seu
257 2445 316 2509 Dei
339 2443 482 2508 vicarius
505 2443 641 2519 audivit,
667 2444 804 2510 docente
828 2445 860 2510 S.
885 2443 1039 2510 Thoma
1063 2448 1093 2521 2,
1119 2447 1149 2522 2,
1175 2464 1205 2525 q.
1232 2446 1291 2521 70,
1315 2465 1345 2509 a.
1373 2447 1387 2507 l

58 2536 102 2601 ad
127 2539 176 2612 2¹²,
207 2554 290 2610 ,non
313 2533 376 2598 scit
398 2536 436 2597 ut
458 2533 588 2598 homo“.

150 2631 189 2696 R.
222 2635 252 2697 3.
306 2631 339 2696 si
373 2630 448 2711 quid
482 2651 560 2694 vero
591 2630 779 2696 Maxentius
812 2631 877 2696 iam
909 2631 1063 2714 protulit,
1096 2631 1182 2696 unde
1214 2630 1391 2713 perplexus
1401 2644 1453 2697 565

59 2721 222 2798 evaserit,
255 2719 330 2802 quid
354 2719 414 2783 sibi
438 2719 538 2784 liccat
560 2719 687 2797 facere,
719 2741 739 2784 a
762 2719 962 2785 confessario
986 2719 1114 2802 quidem
1139 2720 1257 2785 instrui
1280 2723 1392 2804 potest

60 2810 115 2876 vel
146 2810 247 2875 etiam
278 2809 391 2885 debet,
422 2808 471 2872 ita
500 2811 611 2872 tamen
642 2812 679 2873 ut
706 2809 924 2873 confessarius
953 2808 1165 2892 hypothetice
1189 2813 1319 2874 tantum
1342 2808 1391 2874 lo-

59 2904 200 2982 quatur,
232 2897 325 2981 quasi
355 2897 399 2962 sit
428 2897 619 2981 hypothesis
650 2918 714 2962 uon
744 2918 825 2963 vera
854 2899 911 2963 sed
942 2897 1037 2963 falsa.
1091 2898 1210 2973 Immo,
1242 2898 1269 2961 si
1301 2896 1392 2962 videt

60 2988 267 3054 Maxentium
290 2988 324 3051 in
347 2986 585 3069 perplexitates
609 3007 682 3050 esse
705 2987 905 3063 coniectum,
937 3008 997 3052 nec
1027 2987 1092 3052 iam
1121 2986 1266 3070 apertius
1289 2985 1391 3051 inter-

60 3098 181 3159 rogare
204 3097 318 3159 posse,
350 3096 390 3140 ne
418 3076 554 3158 loquens
578 3076 618 3140 de
641 3076 761 3142 auditis
785 3096 826 3140 ex
851 3075 1055 3141 confessione
1083 3076 1243 3157 sacrilege
1266 3078 1390 3158 peccet,

60 3189 127 3233 non
151 3171 230 3249 puto
254 3164 418 3249 prohiberi
442 3165 692 3242 confessarium,
725 3164 801 3246 quin
831 3165 1054 3249 paenitentem
1078 3166 1210 3241 doceat,
1242 3164 1252 3227 i
1272 3185 1290 3227 a
1314 3184 1390 3246 pru·

61 3257 179 3322 deuter
206 3260 318 3320 tamen
347 3258 383 3318 ut
413 3253 601 3319 nullatenus
629 3274 671 3317 ex
695 3254 899 3319 confessione
929 3254 1018 3336 loqui
1040 3252 1202 3318 videatur.
1251 3254 1335 3317 Sane
1358 3252 1391 3317 id

62 3346 173 3412 iacere
204 3347 330 3427 potest,
361 3343 424 3407 etsi
454 3364 489 3407 re
513 3363 593 3407 vera
617 3364 659 3406 ex
682 3342 802 3408 auditis
825 3348 935 3408 sumat
959 3364 1072 3408 ansam
1099 3342 1253 3423 loquendi
1277 3346 1311 3408 et
1334 3341 1392 3407 do·

61 3434 166 3501 cendi.
215 3433 300 3498 Nam
332 3433 455 3513 fingere
486 3436 595 3515 potest
626 3453 736 3496 casum
766 3432 920 3509 similem,
951 3431 1049 3496 immo
1073 3431 1182 3515 potius
1206 3431 1390 3512 graviorem

62 3529 97 3591 θῖ
120 3524 169 3589 ita
193 3523 262 3587 fere
286 3522 403 3586 docere
426 3521 665 3603 paenitentem:
695 3521 798 3598 ,Ecce
821 3526 858 3586 tu
878 3525 975 3605 putas
991 3521 1113 3602 aliquid
1130 3542 1171 3585 ex
1188 3520 1392 3585 confessione

62 3620 97 3680 te
128 3611 303 3678 audivisse.
351 3609 469 3686 Quodsi
503 3631 617 3674 verum
648 3615 736 3676 esset
765 3614 800 3676 te
830 3611 995 3675 audivisse
1024 3649 1067 3656 —
1098 3610 1131 3675 id
1162 3611 1248 3691 quod
1278 3630 1391 3675 verum

64 3724 128 3768 non
152 3706 270 3767 est-
294 3699 433 3765 taliaet
462 3699 543 3765 talia
569 3751 575 3763 .
602 3751 608 3764 .
635 3753 642 3764 .
666 3698 698 3763 iu
723 3704 815 3765 tuum
848 3700 1024 3765 maximum
1054 3699 1293 3764 incommodum
1318 3752 1324 3762 .
1352 3751 1358 3763 .
1384 3753 1391 3764 .

63 3797 177 3860 tamen
200 3790 336 3855 deberes
355 3788 402 3853 sic
419 3791 453 3854 et
468 3788 514 3852 sic
531 3792 668 3869 agere“:
692 3788 740 3854 ita
756 3788 906 3854 nimirum
930 3791 1035 3871 fingat
1055 3809 1166 3854 casum
1189 3792 1227 3853 ut
1250 3788 1394 3853 illustret

10 3890 12 3897 ’
63 3902 175 3947 casum
201 3900 314 3944 verum
345 3882 444 3959 atque
468 3877 670 3942 Maxentium
703 3899 743 3941 ex
774 3879 842 3942 suis
873 3877 1147 3961 perplexitatibus
1170 3898 1247 3942 vere
1275 3877 1394 3960 eripiat

64 3969 116 4035 vel
142 3968 219 4053 quid
241 3968 351 4032 facere
375 3966 478 4050 pessit
502 3966 628 4032 doceat.
675 3966 758 4042 Quid
788 3972 900 4032 autern
929 3969 990 4033 hoc
1019 3968 1127 4050 ipsum
1157 3966 1216 4043 sit,
1248 3966 1312 4029 iam
1344 3965 1392 4029 di·

64 4060 201 4125 cendum
227 4062 288 4123 est.

154 4182 208 4247 Au
231 4202 423 4257 euassrruu
447 4183 486 4244 2¹¹¹
510 4181 548 4245 lt.
576 4184 604 4246 1.
652 4180 832 4246 Lacroix
856 4180 919 4257 VI,
945 4183 981 4257 2,
1009 4202 1040 4245 n.
1069 4181 1152 4244 1978
1177 4178 1277 4244 hahet
1301 4178 1455 4254 haesere

62 4293 149 4356 quae
173 4272 268 4354 plene
292 4272 474 4354 approbare
491 4291 554 4334 non
577 4291 727 4352 possum:
756 4269 908 4346 ,Quando
925 4290 967 4335 ex
984 4289 1126 4333 uon-usu
1143 4267 1300 4332 scientiae
1316 4287 1393 4331 cou-

62 4360 217 4428 fessiouis
246 4360 381 4425 deberet
411 4359 630 4424 confessarius
649 4359 769 4424 iacere
793 4357 915 4440 aliquid
946 4358 1121 4422 intrinsece
1145 4357 1283 4430 malum,
1315 4377 1394 4420 usus

61 4453 151 4517 illius
175 4449 332 4515 scientiae
356 4453 407 4514 est
430 4448 539 4512 licitus
564 4452 597 4513 et
621 4447 841 4522 necessarius,
872 4451 909 4511 ut
940 4447 967 4510 si
997 4446 1135 4512 maritus
1163 4445 1268 4511 invita
1291 4466 1393 4510 uxore

61 4539 265 4624 suscepisset
280 4539 509 4610 sacerdotium,
535 4541 569 4602 et
592 4537 625 4602 iu
649 4537 796 4620 proximo
821 4535 964 4618 periculo
988 4535 1103 4601 mortis
1127 4534 1238 4599 uxoris
1260 4534 1394 4599 audiens

61 4632 134 4697 eius
159 4628 395 4693 confessionem
420 4627 630 4708 intellegeret
653 4632 840 4708 peceatum,
872 4647 914 4690 ex
945 4646 1007 4707 quo
1039 4627 1252 4706 cognosceret
1279 4623 1394 4690 matri-

116 4739 287 4786 chmlrubl.
302 4739 374 4780 Casus
389 4737 550 4779 conscientiae.
568 4737 597 4779 ll.
1152 4726 1185 4782 21
