3044 5174
591 263 797 320 Sacramentum
817 267 1007 338 paenitentiae.

732 467 868 534 Salutio.

75 618 127 673 838
226 607 280 673 Aa
296 629 488 684 uunasrrunr
506 611 543 672 1¹¹²
562 609 599 675 R.
621 613 648 674 1.
683 608 716 675 Si
734 615 887 677 accurate
905 611 993 694 loqui
1010 612 1170 692 volumus,
1191 613 1349 697 distingui
1365 616 1463 682 debet

137 701 231 763 actus
255 703 411 763 externus
434 698 561 781 peccati
577 702 612 763 et
627 699 755 782 peccati
773 701 918 766 effectus.
950 703 1054 766 Actus
1070 706 1237 780 externus,
1261 702 1289 768 si
1313 709 1366 770 est
1389 704 1463 786 lege

137 786 329 871 prohibitus,
354 792 444 852 certo
468 788 616 853 accusari
639 787 746 866 debet,
770 788 854 854 sicut
870 789 970 855 etiam
987 790 1089 856 libera
1108 791 1239 857 omissio
1254 796 1350 858 actus
1365 814 1462 876 prae-

138 876 240 959 cepti;
272 896 378 958 usque
400 875 523 942 sufficit
546 877 650 942 solam
673 898 808 960 pravam
835 878 1038 945 voluntatem
1063 881 1210 945 confiteri
1234 901 1276 945 ex
1300 903 1365 964 qua
1389 887 1462 948 orta

137 970 189 1030 est
204 964 275 1030 sive
291 964 348 1030 illa
371 965 457 1030 actio
481 966 551 1031 sive
575 966 705 1031 omissio
722 967 818 1033 mala.
851 967 938 1032 Nam
955 972 1050 1034 actus
1074 973 1231 1035 externus
1247 991 1305 1035 seu
1329 971 1461 1036 ammeio

137 1058 230 1120 actus
255 1053 384 1121 externi
408 1054 549 1138 complet
573 1075 609 1120 re
633 1076 712 1121 vera
735 1057 896 1122 rationem
926 1057 1071 1140 peccati;
1102 1058 1160 1122 sed
1191 1064 1382 1142 peccatum,
1414 1061 1461 1126 uti

138 1147 189 1209 est
219 1143 445 1219 commissum,
480 1144 628 1209 accusari
661 1144 767 1211 debet.
818 1147 874 1210 Tb.
908 1168 948 1210 m.
982 1145 1032 1223 ΙΙ,
1067 1149 1141 1213 307.
1176 1150 1258 1226 309;
1291 1148 1459 1226 Reuter,

142 1233 197 1297 Ta.
222 1255 262 1298 m.
287 1232 344 1310 IV,
370 1234 448 1307 3173
473 1232 648 1298 Lacroix
671 1234 692 1300 l.
718 1237 748 1310 6,
772 1254 803 1316 p.
829 1237 859 1309 2,
884 1255 914 1300 n.
940 1237 1004 1300 943
1021 1256 1091 1317 sqq.

226 1339 265 1407 R.
291 1341 321 1404 2.
364 1339 509 1405 Effectus
532 1340 668 1423 peccati,
693 1340 832 1423 quando,
857 1361 929 1404 cum
954 1343 1000 1415 fit.
1025 1341 1126 1406 libere
1150 1363 1179 1407 a
1192 1342 1366 1409 voluntate
1389 1365 1459 1409 sus·

137 1431 302 1506 tentatur,
333 1426 434 1494 habet
457 1427 619 1495 rationem
651 1434 745 1496 actus
777 1429 905 1495 externi
929 1431 1162 1513 peccaminosi,
1196 1431 1343 1515 adeoque
1367 1454 1458 1499 accu-

136 1516 204 1581 sari
227 1517 339 1592 debet;
371 1517 398 1582 si
429 1538 508 1583 vero
538 1517 661 1584 liberae
685 1517 846 1584 voluntati
877 1523 940 1583 non
971 1519 1109 1603 amplius
1132 1520 1278 1597 substat,
1312 1521 1388 1586 dum
1412 1524 1457 1600 fit,

134 1629 194 1691 per
222 1628 255 1671 sc
285 1605 442 1688 obligatio
473 1628 537 1672 non
568 1611 619 1673 est
649 1628 723 1672 eum
753 1608 917 1682 confiteri,
948 1607 1006 1672 sed
1036 1608 1158 1674 sufficit
1186 1608 1293 1674 dicere
1325 1631 1456 1676 causam

137 1695 215 1760 talis
245 1696 380 1761 effectus
411 1717 484 1761 esse
506 1696 658 1780 positam.
704 1696 922 1762 Nihilominus
952 1696 1126 1778 aliquando
1157 1698 1379 1764 necessarium
1409 1706 1459 1766 est

136 1805 195 1868 per
218 1784 369 1849 accidens
392 1784 536 1850 indicare
560 1786 711 1852 effectum
735 1807 807 1851 esse
830 1791 977 1850 secutum
1001 1787 1053 1851 vel
1084 1807 1149 1851 non
1171 1792 1337 1865 secutum,
1372 1811 1403 1855 u.
1426 1811 1457 1873 g.

137 1873 266 1956 quando
289 1873 472 1939 reservatio
496 1873 622 1958 peccati
646 1874 699 1939 vel
730 1895 867 1940 censura
891 1874 1114 1940 ecclesiastica
1144 1875 1321 1959 imponitur
1344 1883 1458 1945 contra

137 1967 264 2116 cergulrgr
296 1966 466 2046 peccatum
504 1964 639 2040 ,effectu
674 1968 818 2029 secuto“.
878 1965 932 2031 lla.
964 1987 1005 2030 m.
1038 1966 1059 2031 l.
1091 1986 1138 2039 c.;
1174 1966 1343 2032 Reuter
1378 1968 1399 2032 l.
1431 1990 1457 2033 c.

136 2073 167 2116 n.
263 2104 270 2117 .

73 2185 125 2240 339
224 2176 278 2240 Au
302 2195 493 2251 cunasrruu
518 2178 556 2239 2¹¹¹
579 2175 618 2240 a.
646 2178 674 2240 1.
721 2174 784 2239 Per
807 2196 842 2239 se
866 2174 987 2241 sufficit
1016 2179 1052 2241 ut
1075 2175 1229 2241 Lucullus
1252 2176 1400 2244 fateatur
1423 2201 1458 2245 se

136 2284 298 2329 venenum
329 2264 456 2329 dedisse
486 2265 526 2331 ad
559 2262 768 2329 occidendum
796 2263 962 2328 inimicum
986 2264 1038 2328 vel
1068 2264 1110 2330 ad
1139 2267 1377 2349 procurandum
1401 2269 1459 2334 ab·

137 2357 264 2432 crtum,
296 2352 455 2435 siquidem
479 2359 572 2419 actus
595 2352 839 2436 peccamincsus
862 2352 987 2417 Luculli
1019 2375 1078 2437 per
1101 2354 1161 2419 hoc
1192 2356 1374 2439 completus
1397 2363 1458 2435 est,

136 2462 242 2523 neque
264 2463 352 2507 nova
375 2443 501 2508 malitia
524 2442 661 2516 accedit,
686 2442 756 2506 sive
779 2464 867 2506 mors
891 2441 1039 2523 sequitur
1054 2442 1124 2507 siue
1147 2465 1222 2509 non.
1254 2445 1378 2510 Verum
1401 2468 1460 2530 per

138 2530 290 2595 accidens
323 2531 473 2598 effectum
508 2531 603 2596 debet
640 2531 737 2597 fateri
775 2535 844 2596 turn
879 2534 1013 2614 propter
1048 2553 1170 2614 poenas
1204 2534 1457 2611 ecclesiasticas,

137 2619 254 2701 quibus
278 2620 437 2685 obnoxius
466 2624 517 2685 est
547 2621 665 2686 effectu
695 2625 808 2685 secuto
839 2624 916 2685 eta
946 2619 1061 2702 quibus
1090 2625 1160 2686 turn
1191 2624 1378 2703 quaerenda
1409 2630 1460 2691 est

136 2708 265 2786 salutm,
291 2712 360 2774 turn
383 2713 519 2792 propter
542 2709 649 2774 damni
667 2709 909 2793 reparationem
926 2730 1009 2791 quae
1026 2710 1055 2774 ei
1072 2710 1228 2777 incumbit
1244 2715 1278 2776 et
1301 2712 1343 2777 ud
1361 2734 1459 2795 quam

137 2799 301 2880 urgendus
326 2802 387 2875 est,
412 2797 439 2863 si
463 2820 497 2862 re
522 2819 602 2863 vcra
626 2799 761 2864 effectus
784 2797 884 2863 fuerit
908 2802 1050 2865 secutus.

225 2904 264 2970 R.
283 2907 312 2971 2.
341 2905 405 2969 Per
420 2927 455 2969 se
471 2926 535 2969 non
551 2905 672 2971 sufficit
688 2905 830 2969 indicare
847 2909 1025 2988 aspectum,
1042 2905 1224 2984 lectionem,
1242 2910 1369 2972 tactum
1386 2914 1460 2979 etc..

136 3014 178 3058 ex
202 3015 267 3076 qua
289 2997 457 3077 tamquam
482 3014 647 3059 excausa
676 3000 791 3060 secuta
821 2998 872 3060 est
895 2994 1048 3077 pollutio:
1080 2994 1138 3059 sed
1170 2994 1251 3059 haec
1281 2997 1354 3080 ipsa
1378 2997 1460 3063 indi·

136 3083 241 3148 canda
264 3087 324 3150 est.
371 3083 408 3148 ld
431 3083 588 3167 imprimis
611 3083 716 3148 locum
742 3084 856 3157 habet,
888 3083 914 3147 si
946 3083 1056 3164 agitur
1080 3083 1120 3148 de
1150 3084 1328 3166 pollutione
1352 3086 1384 3150 in
1411 3089 1461 3152 vi-

136 3172 232 3254 gilia,
264 3194 347 3255 quae
377 3173 609 3239 intendebatur
631 3172 683 3237 vel
717 3172 807 3237 cuius
841 3172 1015 3238 delectatio
1048 3173 1234 3238 voluntarie
1266 3179 1365 3258 capta
1397 3183 1458 3242 est.

137 3261 247 3326 Solum
272 3262 334 3327 dici
357 3266 470 3345 posset
494 3263 577 3327 hanc
600 3283 658 3344 per
681 3282 717 3326 se
739 3261 897 3343 intellegi.
930 3260 976 3326 At
992 3261 1024 3326 id
1040 3282 1076 3325 re
1092 3262 1164 3344 ipsa
1180 3283 1245 3327 non
1261 3267 1312 3329 est
1328 3285 1460 3349 semper

136 3371 259 3428 verum,
285 3352 426 3416 maxime
442 3373 506 3416 non
522 3351 555 3416 iu
572 3351 711 3416 lectione
726 3351 824 3434 turpi,
849 3350 947 3415 immo
970 3351 1123 3432 usquein
1147 3356 1281 3434 aspectu
1299 3358 1333 3418 et
1348 3357 1459 3426 tactu:

135 3460 212 3503 nam
236 3439 291 3504 alii
314 3440 388 3505 aliis
411 3440 636 3506 vehementius
666 3443 920 3505 commoventur.
969 3441 1000 3504 Si
1032 3443 1142 3504 autem
1173 3440 1394 3507 confessarius
1418 3465 1461 3509 ex

136 3528 297 3594 concretis
321 3529 575 3596 circumstantiis
599 3529 763 3612 intellegit
787 3550 859 3594 earn
883 3528 1078 3604 obtinuisse,
1111 3529 1288 3608 confessio,
1321 3552 1363 3595 ex
1387 3554 1460 3597 sese

136 3616 265 3699 quidem
289 3639 352 3682 non
377 3619 457 3685 satis
482 3619 654 3702 completa,
678 3621 716 3685 fit
738 3618 904 3683 sufficiens
927 3621 962 3682 et
985 3618 1146 3700 completa
1166 3642 1226 3703 per
1249 3621 1406 3686 accidens.

227 3706 348 3771 Verum
372 3707 471 3772 etiarn
496 3709 602 3790 quoad
618 3707 829 3792 pollutionem
845 3707 878 3770 in
895 3728 1009 3772 somno
1025 3710 1172 3772 secutam
1187 3707 1324 3773 indicari
1341 3710 1459 3775 saltem

136 3795 234 3862 debet
257 3801 366 3862 utrum
382 3796 437 3861 ille
454 3800 589 3863 effectus
604 3797 751 3863 intentus
766 3796 875 3873 fuerit,
900 3797 954 3860 vel
970 3800 1077 3861 utrum
1103 3802 1255 3879 aspectus
1271 3798 1323 3861 vel
1349 3801 1460 3864 tactus

135 3885 213 3949 talis
237 3884 345 3962 luerit,
370 3891 407 3951 ut
431 3892 620 3952 censeretur
643 3907 741 3952 causa
764 3885 952 3968 pollutionis
975 3889 1148 3950 secuturae
1164 3886 1283 3950 efficax
1307 3887 1461 3953 effectus·

136 3994 199 4055 que
229 3979 318 4040 esset
348 3975 527 4058 praevisus.
582 3974 701 4052 Quodsi
730 3974 778 4041 ita
810 3975 977 4040 accusatio
1008 3975 1208 4052 instituitur,
1243 3976 1378 4058 perinde
1410 3984 1462 4043 est

137 4063 245 4144 quoad
267 4063 426 4129 malitiam
452 4069 561 4128 utrum
585 4085 621 4129 re
644 4065 716 4148 ipsa
739 4064 875 4129 effectus
899 4086 1021 4148 scnzpcr
1042 4063 1143 4128 fuerit
1164 4068 1306 4142 secutus,
1331 4086 1375 4130 en
1399 4066 1461 4131 ali·

136 4152 264 4233 quoties
295 4173 353 4236 per
383 4153 535 4218 accidens
564 4175 630 4217 non
660 4154 704 4219 sit
735 4158 876 4219 secutus.
930 4152 1149 4217 Nihilominus
1178 4153 1248 4217 fieri
1281 4159 1392 4237 potest
1425 4159 1462 4221 ut

136 4241 328 4307 etiamtum
353 4243 488 4308 effectus
511 4248 643 4308 secutus
667 4241 719 4306 vel
750 4241 858 4325 potius
888 4262 953 4306 non
976 4248 1109 4308 secutus
1140 4242 1301 4307 declarari
1331 4243 1461 4319 debeat,

137 4331 165 4394 si
188 4330 339 4395 nimirum
364 4336 535 4413 peccatum
559 4332 756 4414 completum
772 4332 858 4397 forte
875 4336 1079 4396 reservatum
1096 4331 1149 4408 sit,
1175 4331 1272 4397 aliter
1287 4337 1461 4415 peccatum

138 4420 426 4505 uon-completum.

225 4537 264 4603 R..
290 4540 319 4602 3.
367 4537 442 4601 Alia
467 4537 594 4601 demum
619 4538 703 4603 ratio
727 4535 900 4602 accusandi
926 4538 1061 4600 effectus
1085 4557 1156 4600 esse
1180 4539 1305 4618 potest,
1340 4537 1368 4601 si
1393 4538 1462 4602 evi·

136 4625 243 4708 gilans
267 4626 327 4692 sibi
350 4627 384 4691 in
401 4627 536 4692 effectus
552 4627 655 4692 secuti
672 4625 888 4691 delectatione
905 4625 1077 4690 libidinosa
1093 4625 1305 4708 complaceat.
1338 4626 1461 4692 Verum
