3044 5174
146 251 211 314 226
311 265 313 268 ’
602 243 807 300 Sacramentum
825 243 1017 314 paenitentiae.
1084 287 1085 290 ,

145 422 253 490 fectus
276 428 381 491 centn
374 423 513 491 'tionis
505 445 539 488 ιιι
561 423 751 509 paenitente
774 443 878 524 nuper
908 420 1072 489 excitatus
1101 428 1237 506 propter
1260 442 1366 505 grave
1389 444 1466 489 onus

145 513 382 580 satisfactionis
406 512 632 614 exstingueret
632 534 721 578 ur..
752 511 835 584 ‘,in
857 515 878 576 4
902 511 976 580 dist.
1003 515 1032 588 2,
1057 532 1088 594 q.
1114 514 1143 590 1,
1168 532 1198 578 e
1216 513 1247 591 2,
1272 512 1464 594 quaeatcl.2

145 602 187 668 ad
204 606 242 669 3
267 603 438 682 ,Sacerdos
460 601 618 667 minorem
642 562 802 684 condigrio
817 599 1078 702 paenitentiam
1068 599 1241 682 iniungens
1260 621 1326 666 non
1342 622 1466 686 semper

145 697 272 775 peccat,
298 743 305 758 .
324 745 331 758 .
350 745 357 759 .
375 692 451 774 quia
474 691 678 773 quandoque,
703 691 802 757 edam
826 711 868 755 ex
883 689 1021 755 iudust'
979 694 1045 755 trra
1060 689 1218 755 minorem
1233 689 1466 774 paenitentiam

145 782 325 865 imponens,
349 783 423 865 plus
445 780 580 865 prodest
602 779 784 864 paenitenti
807 800 904 861 quam
926 783 1069 845 noceat.
1088 830 1095 842 .
1113 781 1133 846 .‘

235 870 420 938 Attendant
449 873 483 936 et
512 869 717 952 perpendant
745 868 871 935 monita
903 868 934 934 S.
966 867 1103 933 Caroli
1126 868 1238 934 Borr.
1269 867 1304 933 in
1336 871 1466 934 instruc·

59 1029 61 1032 ,
145 959 284 1025 tionibus
301 961 537 1044 poenitentioe:
561 959 607 1037 ,ln
631 956 834 1042 paenitentia
848 956 1045 1040 imponenda
1061 955 1227 1023 adhibebit
1249 957 1465 1040 prudentiam,

145 1047 302 1131 pietatem
326 1052 361 1115 et
382 1047 552 1113 iustitiam.
599 1046 743 1113 Habebit
766 1045 927 1112 rationem
957 1049 1083 1124 status,
1114 1045 1328 1124 condicionis,
1360 1067 1466 1124 sexus,

146 1137 266 1204 aetatis
290 1141 351 1203 etc.
384 1136 600 1213 Quamobrem
623 1136 724 1202 talem
748 1135 904 1219 imponat,
929 1134 1057 1216 qualem
1074 1135 1116 1201 ab
1132 1155 1171 1201 eo
1187 1135 1350 1219 praestari
1374 1156 1467 1219 posse

144 1225 282 1301 iudicet;
306 1225 441 1328 proinde
464 1224 638 1308 aliquando
656 1277 663 1291 .
682 1277 689 1290 .
709 1277 715 1290 .
739 1224 830 1289 illum
846 1224 1029 1306 interroget
1050 1246 1092 1289 an
1114 1223 1219 1308 possit
1234 1244 1319 1290 anve
1344 1224 1468 1291 dubitet

144 1314 381 1399 paenitentiam
404 1314 465 1380 sibi
489 1314 667 1380 iniunctam
691 1334 867 1397 peragere;
899 1312 1043 1395 alioquin
1067 1334 1139 1379 eam
1162 1312 1305 1380 mutabit
1328 1319 1387 1380 aut
1409 1315 1467 1378 mi·

144 1409 233 1470 nuet
210 1403 506 1469 tConsiderebit
491 1403 607 1469 titem
638 1403 781 1468 animum
811 1405 1020 1504 mentemque
1048 1401 1228 1486 paeniteat
1219 1423 1283 1468 rs.
1328 1403 1468 1469 .·Pau

145 1493 276 1576 peribus
299 1494 525 1574 eleemosynas
548 1514 612 1558 non
636 1492 795 1576 imponat,
821 1491 943 1556 nsciis
967 1490 1021 1592 qui
1045 1513 1088 1557 ex
1110 1490 1241 1647 proprio
1264 1455 1378 1557 labore
1402 1492 1468 1557 iic·

144 1587 213 1648 tum
240 1589 401 1664 quaeruut
423 1581 576 1647 ieiunium
600 1581 723 1647 indicat
708 1585 780 1657 tur;
805 1580 889 1662 quod
914 1581 1005 1647 etin
1027 1581 1102 1646 aliia
1124 1580 1237 1665 paenit
1238 1585 1295 1647 ent
1296 1580 1336 1646 iia
1280 1581 1470 1647 tobser·

143 1672 308 1738 vandum!

233 1759 420 1827 Attendaut
452 1758 585 1826 tandem
621 1759 662 1824 ad
698 1756 866 1823 consilium
898 1757 931 1824 S.
964 1756 1200 1823 Francisci
1232 1758 1402 1824 Salesii
1437 1759 1468 1823 in

144 1852 272 1915 monitis
289 1871 353 1934 pro
376 1848 644 1932 confessariorum
669 1850 872 1913 instructione·
895 1846 1026 1930 scriptis
1049 1868 1119 1931 cap.
1146 1848 1182 1912 8:
1209 1846 1469 1925 ,Satisfactioues

143 1937 317 2004 intricatas
347 1942 382 2003 et
410 1937 443 2002 ιιι
475 1936 576 2002 variis
607 1957 741 2020 operum
771 1936 945 2017 generibus
970 1939 1028 2001 aut
1058 1936 1261 2002 diversarum
1286 1935 1469 2002 orationum

144 2048 264 2109 magno
288 2048 423 2092 numero
447 2025 645 2109 compositas
668 2026 835 2108 imponere
858 2046 923 2090 uon
947 2024 1091 2109 expedit,
1115 2045 1154 2090 eo
1170 2025 1256 2106 quod
1279 2025 1338 2091 illa
1362 2025 1469 2091 diver·

143 2138 254 2182 aarum
279 2115 462 2181 orationum
494 2115 662 2197 congeries
692 2119 750 2180 aut
780 2113 906 2197 piorum
938 2134 1072 2198 operum
1095 2114 1242 2181 varietas
1272 2114 1468 2180 oblivionem

143 2204 365 2290 paenitentiae
388 2204 561 2288 impositae
576 2203 720 2281 inducat,
743 2203 883 2285 indeque
899 2202 1102 2270 anxietatem
1119 2207 1154 2270 et
1168 2204 1339 2287 scrupulos
1362 2204 1469 2288 pariet

143 2294 176 2359 in
200 2294 317 2359 animis
340 2293 587 2377 poenitentium.
607 2345 613 2358 .
633 2347 639 2360 .
658 2295 677 2358 .‘

233 2383 268 2448 Si
299 2382 381 2448 haec
411 2387 445 2448 et
474 2381 601 2464 reliqua
624 2382 655 2447 S.
680 2380 787 2446 Caroli
810 2378 1002 2445 Borromaei
1031 2380 1156 2446 monita
1186 2385 1219 2447 et
1250 2381 1388 2447 consilia
1417 2403 1467 2447 ae·

144 2471 219 2537 dulo
251 2471 442 2548 attendant,
475 2470 673 2552 mitigabunt
702 2469 851 2554 profecto
882 2470 1015 2534 nimium
1049 2489 1145 2550 quem
1176 2470 1344 2552 hucusque
1375 2492 1468 2545 exer7

144 2565 281 2627 cuerunt
304 2560 446 2642 rigorem
469 2564 503 2626 et
519 2558 698 2624 animarum
715 2558 814 2624 saluti
831 2563 865 2624 et
887 2559 1039 2643 propriae
1055 2559 1247 2641 obligationi
1263 2560 1463 2627 consulent.“

80 2700 133 2756 388
231 2683 285 2749 Au
308 2705 499 2759 ouxusrruu
524 2686 563 2747 2¹¹²
587 2682 625 2749 R.
653 2685 681 2749 1.
724 2682 926 2764 Quamquam
950 2703 1009 2765 pro
1032 2681 1178 2766 peccatis
1201 2682 1386 2748 venialibus
1409 2684 1468 2748 sub

143 2774 209 2839 levi
225 2777 354 2839 tantum
378 2772 499 2856 imponi
523 2772 620 2837 debet
643 2770 847 2855 paenitentia
870 2791 973 2853 eaque
997 2770 1080 2836 levis
1097 2771 1149 2836 vel
1165 2771 1284 2836 leviter
1300 2771 1466 2854 obligans;

143 2884 203 2946 pro
227 2862 372 2946 peccatis
395 2861 551 2944 gravibus
575 2861 634 2925 sub
658 2860 754 2942 gravi
770 2860 893 2943 imponi
909 2860 1007 2926 debet
1022 2860 1225 2944 paenitentia
1241 2881 1345 2943 eaque
1369 2882 1467 2943 gene-

143 2952 240 3018 ratim
265 2951 377 3034 gruvis
401 2956 500 3032 atque
524 2949 673 3031 graviter
697 2948 856 3031 obligans.

232 3058 270 3123 R.
297 3061 326 3124 2.
361 3056 549 3122 Generatim
573 3055 776 3139 paenitentia
799 3077 862 3120 uon
887 3056 1016 3121 tantuin
1036 3054 1149 3137 gravis
1173 3076 1245 3121 esse
1268 3055 1376 3135 debet,
1401 3056 1422 3123 i.
1440 3077 1466 3121 e.

143 3168 224 3231 opus
248 3147 334 3229 quod
359 3145 536 3211 secundum
559 3150 737 3229 praecepta
760 3144 981 3210 ecclesiastica
1001 3148 1174 3209 censeatur
1190 3145 1330 3209 materia
1345 3145 1468 3227 gravis,

143 3236 200 3301 sed
224 3236 322 3302 etiam
348 3235 456 3317 aliquo
480 3235 575 3299 modo
599 3233 849 3318 proportionata
864 3233 1035 3298 criminum
1051 3232 1203 3315 qualitati
1219 3237 1254 3298 et
1268 3235 1468 3301 multitudini

143 3347 207 3390 non
231 3325 274 3390 ad
297 3325 401 3389 solum
431 3323 609 3389 1emedium
641 3327 756 3389 contra
785 3323 965 3405 relapsum,
996 3322 1054 3387 sed
1087 3320 1187 3387 etiam
1217 3322 1259 3387 ad
1290 3322 1467 3390 vindictam

142 3414 396 3497 praeteritorum
429 3416 647 3497 peccatorum.
701 3411 919 3476 Nihilominus
949 3411 978 3476 si
1006 3432 1146 3513 magnus
1177 3415 1229 3476 est
1258 3418 1467 3505 peccatorum

142 3524 307 3659 pumerus,
331 3501 549 3568 necessarium
573 3522 637 3565 non
662 3504 722 3578 eat,
746 3500 843 3565 immo
867 3501 926 3565 vix
949 3505 983 3566 et
1006 3522 1047 3566 ne
1069 3501 1125 3565 vix
1151 3499 1280 3582 quidem
1304 3482 1469 3585 possibile,

143 3596 339 3676 utproport
340 3592 371 3656 io
395 3590 458 3657 etsi
414 3590 578 3657 tvalde
601 3590 696 3672 larga
719 3610 792 3654 cum
815 3610 950 3655 numero
973 3590 1165 3657 retineatur

80 3710 132 3764 389
232 3698 270 3764 R.
292 3700 324 3764 3.
369 3696 597 3762 Paenitentiae
626 3717 685 3761 seu
715 3695 959 3761 satisfactiones
982 3696 1133 3761 diversae
1164 3717 1237 3761 esse
1261 3696 1383 3763 debent
1407 3718 1470 3762 non

141 3791 271 3852 tantum
295 3808 354 3871 pro
379 3787 539 3868 qualitate
563 3785 742 3861 criminum,
766 3785 823 3849 sed
848 3785 948 3850 etiam
970 3806 1030 3869 pro
1045 3785 1281 3869 paenitentiam
1298 3786 1469 3852 facultate.

142 3876 227 3941 Hinc
251 3897 370 3941 causae
387 3880 583 3941 excusantes
599 3874 760 3940 exsistere
775 3878 922 3957 possunt,
947 3896 1032 3957 quae
1048 3875 1195 3940 eximant
1211 3875 1252 3939 ab
1269 3874 1470 3957 obligatione

142 3966 325 4030 servandae
349 3963 567 4048 proportionis
597 3963 683 4028 iuter
712 3967 851 4046 peccata
880 3968 914 4029 et
937 3963 1198 4030 satisfactionem
1228 3963 1470 4048 imponendam,

142 4055 239 4136 idque
262 4055 310 4121 ita
334 4053 568 4135 utaliquando
592 4074 651 4136 pro
675 4053 819 4136 peccatis
842 4053 1000 4135 gravibus
1023 4074 1064 4119 ne
1088 4074 1169 4137 opus
1193 4052 1324 4134 quidem
1348 4055 1470 4138 simpli·

143 4144 225 4210 citer
248 4164 352 4226 grave
375 4142 496 4226 imponi
519 4162 653 4207 necesse
675 4141 729 4220 ait,
754 4141 896 4208 scilicet:

234 4243 265 4322 1)
290 4242 323 4306 in
346 4240 440 4324 gravi
464 4239 655 4305 infirmitate
679 4239 857 4323 corporali;

232 4336 266 4418 2)
290 4336 322 4400 in
346 4334 441 4417 gravi
465 4334 654 4400 infirmitate
678 4332 849 4417 spirituali,
874 4354 914 4397 ne
938 4332 1010 4415 quis
1031 4332 1198 4417 desperet;
1224 4332 1335 4398 licebit
1359 4336 1469 4399 tamen

143 4426 357 4490 communiter
369 4423 487 4488 saltem
500 4423 664 4507 imponere
678 4444 759 4505 opus
775 4423 905 4487 aliunde
923 4422 1066 4488 debitum
1081 4423 1139 4486 sub
1152 4443 1238 4487 noua
1251 4422 1468 4505 obligatione:

233 4514 266 4593 3)
290 4513 322 4576 in
348 4533 425 4576 casu
449 4532 589 4593 magnae
606 4510 821 4586 contritionis
846 4532 929 4591 quae
946 4512 1011 4575 iam
1027 4533 1181 4594 magnam
1198 4516 1326 4594 partem
1344 4533 1470 4595 poenae

143 4603 333 4683 temporalis
350 4622 392 4666 ex
415 4622 459 4678 se,
484 4600 589 4683 magis
611 4602 709 4666 etiam
734 4599 767 4664 in
784 4600 1010 4666 coniunctione
1026 4622 1099 4665 cum
1121 4605 1340 4680 sacramento,
1366 4603 1469 4668 delet:
