<?xml version="1.0" encoding="UTF-8"?>
<!DOCTYPE html PUBLIC "-//W3C//DTD XHTML 1.0 Transitional//EN"
    "http://www.w3.org/TR/xhtml1/DTD/xhtml1-transitional.dtd">
<html xmlns="http://www.w3.org/1999/xhtml" xml:lang="en" lang="en">
 <head>
  <title>
</title>
<meta http-equiv="Content-Type" content="text/html;charset=utf-8" />
  <meta name='ocr-system' content='tesseract 3.04.00' />
  <meta name='ocr-capabilities' content='ocr_page ocr_carea ocr_par ocr_line ocrx_word'/>
</head>
<body>
  <div class='ocr_page' id='page_1' title='image "./casusconscienti00lehmgoog_0295.png"; bbox 0 0 3044 5174; ppageno 0'>
   <div class='ocr_carea' id='block_1_1' title="bbox 407 286 1368 358">
    <p class='ocr_par' dir='ltr' id='par_1_1' title="bbox 407 286 1368 358">
     <span class='ocr_line' id='line_1_1' title="bbox 407 286 1368 358; baseline 0.009 -19"><span class='ocrx_word' id='word_1_1' title='bbox 407 286 533 340; x_wconf 78' lang='lat' dir='ltr'><strong>Minister</strong></span> <span class='ocrx_word' id='word_1_2' title='bbox 550 286 651 358; x_wconf 80' lang='lat' dir='ltr'>poenit.</span> <span class='ocrx_word' id='word_1_3' title='bbox 670 316 705 325; x_wconf 97' lang='lat'>—</span> <span class='ocrx_word' id='word_1_4' title='bbox 724 303 835 340; x_wconf 84' lang='lat' dir='ltr'>casuum</span> <span class='ocrx_word' id='word_1_5' title='bbox 854 287 1013 343; x_wconf 76' lang='lat' dir='ltr'>reservatio.</span> <span class='ocrx_word' id='word_1_6' title='bbox 1303 292 1368 356; x_wconf 86' lang='lat'>275</span> 
     </span>
    </p>
   </div>
   <div class='ocr_carea' id='block_1_2' title="bbox 66 463 1370 816">
    <p class='ocr_par' dir='ltr' id='par_1_2' title="bbox 66 463 1370 816">
     <span class='ocr_line' id='line_1_2' title="bbox 66 463 1368 548; baseline 0.002 -23"><span class='ocrx_word' id='word_1_7' title='bbox 66 463 229 530; x_wconf 70' lang='lat' dir='ltr'>,afuerint</span> <span class='ocrx_word' id='word_1_8' title='bbox 261 463 378 546; x_wconf 86' lang='lat' dir='ltr'>Neque</span> <span class='ocrx_word' id='word_1_9' title='bbox 394 485 546 546; x_wconf 90' lang='lat' dir='ltr'>umquam</span> <span class='ocrx_word' id='word_1_10' title='bbox 564 464 596 531; x_wconf 91' lang='lat' dir='ltr'>S.</span> <span class='ocrx_word' id='word_1_11' title='bbox 613 464 714 529; x_wconf 80' lang='lat' dir='ltr'>Sedes</span> <span class='ocrx_word' id='word_1_12' title='bbox 729 464 895 548; x_wconf 80' lang='lat' dir='ltr'><strong>prohibuit</strong></span> <span class='ocrx_word' id='word_1_13' title='bbox 918 463 1135 529; x_wconf 90' lang='lat' dir='ltr'>confessarios</span> <span class='ocrx_word' id='word_1_14' title='bbox 1159 465 1368 548; x_wconf 84' lang='lat' dir='ltr'>approbatos,</span> 
     </span>
     <span class='ocr_line' id='line_1_3' title="bbox 66 553 1370 636; baseline -0.001 -18"><span class='ocrx_word' id='word_1_15' title='bbox 66 574 79 618; x_wconf 78' lang='lat' dir='ltr'>a</span> <span class='ocrx_word' id='word_1_16' title='bbox 104 553 246 618; x_wconf 88' lang='lat' dir='ltr'>audiant</span> <span class='ocrx_word' id='word_1_17' title='bbox 269 554 491 619; x_wconf 88' lang='lat' dir='ltr'>confessiones</span> <span class='ocrx_word' id='word_1_18' title='bbox 514 553 732 635; x_wconf 89' lang='lat' dir='ltr'>quorumlibet</span> <span class='ocrx_word' id='word_1_19' title='bbox 756 553 998 630; x_wconf 87' lang='lat' dir='ltr'>catholicorum,</span> <span class='ocrx_word' id='word_1_20' title='bbox 1023 553 1077 636; x_wconf 93' lang='lat' dir='ltr'>qui</span> <span class='ocrx_word' id='word_1_21' title='bbox 1097 575 1207 619; x_wconf 90' lang='lat' dir='ltr'>coram</span> <span class='ocrx_word' id='word_1_22' title='bbox 1230 553 1310 636; x_wconf 90' lang='lat' dir='ltr'>ipsis</span> <span class='ocrx_word' id='word_1_23' title='bbox 1333 576 1370 619; x_wconf 89' lang='lat' dir='ltr'>so</span> 
     </span>
     <span class='ocr_line' id='line_1_4' title="bbox 66 642 1369 728; baseline 0.002 -23"><span class='ocrx_word' id='word_1_24' title='bbox 66 668 69 705; x_wconf 89' lang='grc' dir='ltr'>ι</span> <span class='ocrx_word' id='word_1_25' title='bbox 96 663 196 707; x_wconf 87' lang='lat' dir='ltr'>sacro</span> <span class='ocrx_word' id='word_1_26' title='bbox 221 642 376 708; x_wconf 89' lang='lat' dir='ltr'>tribunali</span> <span class='ocrx_word' id='word_1_27' title='bbox 399 643 564 708; x_wconf 80' lang='lat' dir='ltr'>sisterent.</span> <span class='ocrx_word' id='word_1_28' title='bbox 611 646 766 710; x_wconf 74' lang='lat' dir='ltr'>Similiter</span> <span class='ocrx_word' id='word_1_29' title='bbox 790 642 988 728; x_wconf 81' lang='lat' dir='ltr'>prohibitum</span> <span class='ocrx_word' id='word_1_30' title='bbox 1017 665 1082 708; x_wconf 74' lang='lat' dir='ltr'>raca</span> <span class='ocrx_word' id='word_1_31' title='bbox 1106 652 1150 708; x_wconf 82' lang='lat' dir='ltr'>est</span> <span class='ocrx_word' id='word_1_32' title='bbox 1173 644 1369 726; x_wconf 81' lang='lat' dir='ltr'>christianis,</span> 
     </span>
     <span class='ocr_line' id='line_1_5' title="bbox 66 729 1020 816; baseline 0.002 -21"><span class='ocrx_word' id='word_1_33' title='bbox 66 734 216 816; x_wconf 76' lang='lat' dir='ltr'>›nfitendi</span> <span class='ocrx_word' id='word_1_34' title='bbox 238 754 337 797; x_wconf 80' lang='lat' dir='ltr'>causo</span> <span class='ocrx_word' id='word_1_35' title='bbox 361 755 398 797; x_wconf 79' lang='lat' dir='ltr'>ea</span> <span class='ocrx_word' id='word_1_36' title='bbox 421 755 488 797; x_wconf 81' lang='lat' dir='ltr'>uno</span> <span class='ocrx_word' id='word_1_37' title='bbox 512 734 646 797; x_wconf 82' lang='lat' dir='ltr'>dioecesi</span> <span class='ocrx_word' id='word_1_38' title='bbox 668 736 808 797; x_wconf 78' lang='lat' dir='ltr'>transire</span> <span class='ocrx_word' id='word_1_39' title='bbox 831 736 865 797; x_wconf 84' lang='lat' dir='ltr'>in</span> <span class='ocrx_word' id='word_1_40' title='bbox 883 729 1020 809; x_wconf 77' lang='lat' dir='ltr'>¹olr&#39;um.“</span> 
     </span>
    </p>
   </div>
   <div class='ocr_carea' id='block_1_3' title="bbox 66 837 1372 1368">
    <p class='ocr_par' dir='ltr' id='par_1_3' title="bbox 66 837 1371 1368">
     <span class='ocr_line' id='line_1_6' title="bbox 132 837 1370 922; baseline 0 -20"><span class='ocrx_word' id='word_1_41' title='bbox 132 837 174 904; x_wconf 86' lang='lat' dir='ltr'>R.</span> <span class='ocrx_word' id='word_1_42' title='bbox 199 839 229 902; x_wconf 88' lang='lat'>2.</span> <span class='ocrx_word' id='word_1_43' title='bbox 261 838 382 902; x_wconf 89' lang='lat' dir='ltr'>Verum</span> <span class='ocrx_word' id='word_1_44' title='bbox 407 859 448 902; x_wconf 84' lang='lat' dir='ltr'>ex</span> <span class='ocrx_word' id='word_1_45' title='bbox 473 858 511 902; x_wconf 90' lang='lat' dir='ltr'>eo</span> <span class='ocrx_word' id='word_1_46' title='bbox 527 839 669 903; x_wconf 90' lang='lat' dir='ltr'>nondum</span> <span class='ocrx_word' id='word_1_47' title='bbox 692 843 785 922; x_wconf 90' lang='lat' dir='ltr'>patet</span> <span class='ocrx_word' id='word_1_48' title='bbox 809 837 955 921; x_wconf 89' lang='lat' dir='ltr'>quisnam</span> <span class='ocrx_word' id='word_1_49' title='bbox 979 837 1023 902; x_wconf 90' lang='lat' dir='ltr'>sit</span> <span class='ocrx_word' id='word_1_50' title='bbox 1040 837 1094 919; x_wconf 92' lang='lat' dir='ltr'>qui</span> <span class='ocrx_word' id='word_1_51' title='bbox 1116 837 1370 904; x_wconf 88' lang='lat' dir='ltr'>iurisdictionem</span> 
     </span>
     <span class='ocr_line' id='line_1_7' title="bbox 66 927 1371 1011; baseline 0.002 -21"><span class='ocrx_word' id='word_1_52' title='bbox 66 948 73 989; x_wconf 90' lang='grc' dir='ltr'>ι</span> <span class='ocrx_word' id='word_1_53' title='bbox 98 946 159 991; x_wconf 91' lang='lat' dir='ltr'>eos</span> <span class='ocrx_word' id='word_1_54' title='bbox 183 931 338 992; x_wconf 82' lang='lat' dir='ltr'>exerceat</span> <span class='ocrx_word' id='word_1_55' title='bbox 361 928 413 991; x_wconf 87' lang='lat' dir='ltr'>vel</span> <span class='ocrx_word' id='word_1_56' title='bbox 439 927 659 1010; x_wconf 86' lang='lat' dir='ltr'>delegaverit,</span> <span class='ocrx_word' id='word_1_57' title='bbox 685 928 855 1011; x_wconf 90' lang='lat' dir='ltr'>episcopus</span> <span class='ocrx_word' id='word_1_58' title='bbox 880 927 1030 1011; x_wconf 91' lang='lat' dir='ltr'>proprius</span> <span class='ocrx_word' id='word_1_59' title='bbox 1055 947 1098 991; x_wconf 89' lang='lat' dir='ltr'>an</span> <span class='ocrx_word' id='word_1_60' title='bbox 1124 927 1295 1011; x_wconf 90' lang='lat' dir='ltr'>episcopus</span> <span class='ocrx_word' id='word_1_61' title='bbox 1322 927 1371 992; x_wconf 85' lang='lat' dir='ltr'>di-&#39;</span> 
     </span>
     <span class='ocr_line' id='line_1_8' title="bbox 66 1016 1370 1099; baseline 0.002 -20"><span class='ocrx_word' id='word_1_62' title='bbox 66 1036 225 1080; x_wconf 81' lang='lat' dir='ltr'>ecesanus</span> <span class='ocrx_word' id='word_1_63' title='bbox 248 1016 310 1080; x_wconf 91' lang='lat' dir='ltr'>loci</span> <span class='ocrx_word' id='word_1_64' title='bbox 335 1016 454 1099; x_wconf 93' lang='lat' dir='ltr'>inquo</span> <span class='ocrx_word' id='word_1_65' title='bbox 478 1037 615 1099; x_wconf 83' lang='lat' dir='ltr'>peregre</span> <span class='ocrx_word' id='word_1_66' title='bbox 639 1018 812 1083; x_wconf 85' lang='lat' dir='ltr'>exsistunt.</span> <span class='ocrx_word' id='word_1_67' title='bbox 851 1016 940 1092; x_wconf 83' lang='lat' dir='ltr'>Quae</span> <span class='ocrx_word' id='word_1_68' title='bbox 964 1017 1113 1098; x_wconf 80' lang='lat' dir='ltr'>quaestio</span> <span class='ocrx_word' id='word_1_69' title='bbox 1144 1017 1278 1082; x_wconf 91' lang='lat' dir='ltr'>minoris</span> <span class='ocrx_word' id='word_1_70' title='bbox 1300 1038 1370 1081; x_wconf 92' lang='lat' dir='ltr'>mo·</span> 
     </span>
     <span class='ocr_line' id='line_1_9' title="bbox 66 1105 1369 1261; baseline 0.002 -93"><span class='ocrx_word' id='word_1_71' title='bbox 66 1105 146 1169; x_wconf 79' lang='lat' dir='ltr'>renti</span> <span class='ocrx_word' id='word_1_72' title='bbox 174 1105 281 1170; x_wconf 87' lang='lat' dir='ltr'>estin</span> <span class='ocrx_word' id='word_1_73' title='bbox 305 1105 515 1170; x_wconf 89' lang='lat' dir='ltr'>confessariis</span> <span class='ocrx_word' id='word_1_74' title='bbox 538 1105 759 1261; x_wconf 85' lang='lat' dir='ltr'>regularibus:</span> <span class='ocrx_word' id='word_1_75' title='bbox 783 1105 832 1169; x_wconf 90' lang='lat' dir='ltr'>illi</span> <span class='ocrx_word' id='word_1_76' title='bbox 855 1107 940 1170; x_wconf 91' lang='lat' dir='ltr'>enim</span> <span class='ocrx_word' id='word_1_77' title='bbox 957 1106 1132 1171; x_wconf 90' lang='lat' dir='ltr'>absolvunt</span> <span class='ocrx_word' id='word_1_78' title='bbox 1151 1107 1315 1188; x_wconf 91' lang='lat' dir='ltr'>quoslibet</span> <span class='ocrx_word' id='word_1_79' title='bbox 1338 1108 1369 1170; x_wconf 93' lang='lat' dir='ltr'>vi</span> 
     </span>
     <span class='ocr_line' id='line_1_10' title="bbox 66 1193 1372 1280; baseline 0.002 -23"><span class='ocrx_word' id='word_1_80' title='bbox 66 1193 264 1275; x_wconf 89' lang='lat' dir='ltr'>elegationis</span> <span class='ocrx_word' id='word_1_81' title='bbox 288 1194 425 1278; x_wconf 90' lang='lat' dir='ltr'>papalis,</span> <span class='ocrx_word' id='word_1_82' title='bbox 450 1194 597 1277; x_wconf 88' lang='lat' dir='ltr'>adeoque</span> <span class='ocrx_word' id='word_1_83' title='bbox 617 1200 670 1261; x_wconf 89' lang='lat' dir='ltr'>rat</span> <span class='ocrx_word' id='word_1_84' title='bbox 668 1195 745 1259; x_wconf 91' lang='lat' dir='ltr'>ione</span> <span class='ocrx_word' id='word_1_85' title='bbox 767 1197 1002 1260; x_wconf 77' lang='lat' dir='ltr'>iurisdictionis</span> <span class='ocrx_word' id='word_1_86' title='bbox 1017 1193 1081 1259; x_wconf 92' lang='lat' dir='ltr'>iliis</span> <span class='ocrx_word' id='word_1_87' title='bbox 1105 1215 1199 1260; x_wconf 86' lang='lat' dir='ltr'>nemo</span> <span class='ocrx_word' id='word_1_88' title='bbox 1223 1198 1274 1261; x_wconf 90' lang='lat' dir='ltr'>est</span> <span class='ocrx_word' id='word_1_89' title='bbox 1296 1215 1372 1280; x_wconf 88' lang='lat' dir='ltr'>per·</span> 
     </span>
     <span class='ocr_line' id='line_1_11' title="bbox 66 1283 1027 1368; baseline 0.001 -22"><span class='ocrx_word' id='word_1_90' title='bbox 66 1283 191 1364; x_wconf 84' lang='lat' dir='ltr'>grinus‚</span> <span class='ocrx_word' id='word_1_91' title='bbox 216 1283 292 1365; x_wconf 91' lang='lat' dir='ltr'>quia</span> <span class='ocrx_word' id='word_1_92' title='bbox 315 1304 409 1348; x_wconf 90' lang='lat' dir='ltr'>nemo</span> <span class='ocrx_word' id='word_1_93' title='bbox 433 1284 624 1366; x_wconf 87' lang='lat' dir='ltr'>peregrinus</span> <span class='ocrx_word' id='word_1_94' title='bbox 648 1289 700 1350; x_wconf 89' lang='lat' dir='ltr'>est</span> <span class='ocrx_word' id='word_1_95' title='bbox 723 1305 848 1349; x_wconf 87' lang='lat' dir='ltr'>summo</span> <span class='ocrx_word' id='word_1_96' title='bbox 872 1283 1027 1368; x_wconf 91' lang='lat' dir='ltr'>pontifici.</span> 
     </span>
    </p>
   </div>
   <div class='ocr_carea' id='block_1_4' title="bbox 66 1389 1435 2095">
    <p class='ocr_par' dir='ltr' id='par_1_4' title="bbox 135 1389 1435 1491">
     <span class='ocr_line' id='line_1_12' title="bbox 135 1389 1435 1491; baseline -0.001 -38"><span class='ocrx_word' id='word_1_97' title='bbox 135 1389 175 1455; x_wconf 88' lang='lat' dir='ltr'><strong>R</strong></span> <span class='ocrx_word' id='word_1_98' title='bbox 194 1392 224 1455; x_wconf 92' lang='lat'>3.</span> <span class='ocrx_word' id='word_1_99' title='bbox 255 1390 308 1454; x_wconf 84' lang='lat' dir='ltr'>Ex</span> <span class='ocrx_word' id='word_1_100' title='bbox 332 1390 389 1454; x_wconf 90' lang='lat' dir='ltr'>iila</span> <span class='ocrx_word' id='word_1_101' title='bbox 411 1395 468 1456; x_wconf 89' lang='lat' dir='ltr'>aut</span> <span class='ocrx_word' id='word_1_102' title='bbox 470 1411 522 1454; x_wconf 92' lang='lat' dir='ltr'>em</span> <span class='ocrx_word' id='word_1_103' title='bbox 546 1390 736 1491; x_wconf 87' lang='lat' dir='ltr'>quaestione</span> <span class='ocrx_word' id='word_1_104' title='bbox 753 1412 816 1455; x_wconf 92' lang='lat' dir='ltr'>nou</span> <span class='ocrx_word' id='word_1_105' title='bbox 840 1411 955 1475; x_wconf 88' lang='lat' dir='ltr'>parum</span> <span class='ocrx_word' id='word_1_106' title='bbox 974 1389 1096 1473; x_wconf 83' lang='lat' dir='ltr'>pendet</span> <span class='ocrx_word' id='word_1_107' title='bbox 1111 1391 1271 1473; x_wconf 90' lang='lat' dir='ltr'>quomodo</span> <span class='ocrx_word' id='word_1_108' title='bbox 1296 1412 1371 1457; x_wconf 94' lang='lat' dir='ltr'>con·</span> <span class='ocrx_word' id='word_1_109' title='bbox 1358 1399 1435 1454; x_wconf 78' lang='grc'><strong>·183</strong></span> 
     </span>
    </p>

    <p class='ocr_par' dir='ltr' id='par_1_5' title="bbox 66 1478 1374 2095">
     <span class='ocr_line' id='line_1_13' title="bbox 66 1478 1371 1562; baseline 0 -18"><span class='ocrx_word' id='word_1_110' title='bbox 66 1479 108 1562; x_wconf 90' lang='lat' dir='ltr'>ipi</span> <span class='ocrx_word' id='word_1_111' title='bbox 134 1479 254 1544; x_wconf 89' lang='lat' dir='ltr'>debeat</span> <span class='ocrx_word' id='word_1_112' title='bbox 277 1478 416 1544; x_wconf 89' lang='lat' dir='ltr'>absolut&#39;</span> <span class='ocrx_word' id='word_1_113' title='bbox 392 1483 439 1543; x_wconf 81' lang='lat' dir='ltr'>tro</span> <span class='ocrx_word' id='word_1_114' title='bbox 462 1478 706 1562; x_wconf 89' lang='lat' dir='ltr'>peregrinorum</span> <span class='ocrx_word' id='word_1_115' title='bbox 732 1501 752 1545; x_wconf 90' lang='lat' dir='ltr'>a</span> <span class='ocrx_word' id='word_1_116' title='bbox 775 1480 903 1545; x_wconf 89' lang='lat' dir='ltr'>casibus</span> <span class='ocrx_word' id='word_1_117' title='bbox 927 1479 1115 1545; x_wconf 85' lang='lat' dir='ltr'>reservatis.</span> <span class='ocrx_word' id='word_1_118' title='bbox 1163 1480 1197 1545; x_wconf 79' lang='lat' dir='ltr'>si</span> <span class='ocrx_word' id='word_1_119' title='bbox 1230 1481 1314 1545; x_wconf 90' lang='lat' dir='ltr'>enim</span> <span class='ocrx_word' id='word_1_120' title='bbox 1339 1480 1371 1544; x_wconf 90' lang='lat' dir='ltr'>vi</span> 
     </span>
     <span class='ocr_line' id='line_1_14' title="bbox 66 1567 1373 1653; baseline 0.002 -21"><span class='ocrx_word' id='word_1_121' title='bbox 66 1567 206 1633; x_wconf 88' lang='lat' dir='ltr'>uisdict</span> <span class='ocrx_word' id='word_1_122' title='bbox 181 1567 280 1633; x_wconf 89' lang='lat' dir='ltr'>tronis</span> <span class='ocrx_word' id='word_1_123' title='bbox 303 1571 356 1633; x_wconf 82' lang='lat' dir='ltr'>sui</span> <span class='ocrx_word' id='word_1_124' title='bbox 379 1567 520 1652; x_wconf 82' lang='lat' dir='ltr'>episcopi</span> <span class='ocrx_word' id='word_1_125' title='bbox 545 1569 721 1635; x_wconf 86' lang='lat' dir='ltr'>absolvunt</span> <span class='ocrx_word' id='word_1_126' title='bbox 707 1574 776 1646; x_wconf 90' lang='lat' dir='ltr'>t‚ur</span> <span class='ocrx_word' id='word_1_127' title='bbox 803 1573 895 1653; x_wconf 88' lang='lat' dir='ltr'>patet</span> <span class='ocrx_word' id='word_1_128' title='bbox 918 1573 971 1634; x_wconf 91' lang='lat' dir='ltr'>rat</span> <span class='ocrx_word' id='word_1_129' title='bbox 972 1569 1078 1633; x_wconf 91' lang='lat' dir='ltr'>ionem</span> <span class='ocrx_word' id='word_1_130' title='bbox 1101 1568 1284 1634; x_wconf 84' lang='lat' dir='ltr'>habendam</span> <span class='ocrx_word' id='word_1_131' title='bbox 1308 1591 1373 1634; x_wconf 93' lang='lat' dir='ltr'>uon</span> 
     </span>
     <span class='ocr_line' id='line_1_15' title="bbox 66 1657 1373 1742; baseline 0 -19"><span class='ocrx_word' id='word_1_132' title='bbox 66 1678 118 1723; x_wconf 86' lang='lat' dir='ltr'>sse</span> <span class='ocrx_word' id='word_1_133' title='bbox 143 1657 379 1722; x_wconf 84' lang='lat' dir='ltr'>reservationis</span> <span class='ocrx_word' id='word_1_134' title='bbox 403 1679 486 1739; x_wconf 88' lang='lat' dir='ltr'>quae</span> <span class='ocrx_word' id='word_1_135' title='bbox 509 1657 640 1740; x_wconf 87' lang='lat' dir='ltr'>viget</span> <span class='ocrx_word' id='word_1_136' title='bbox 630 1680 665 1722; x_wconf 93' lang='lat' dir='ltr'>1n</span> <span class='ocrx_word' id='word_1_137' title='bbox 695 1658 765 1723; x_wconf 88' lang='lat' dir='ltr'>loco</span> <span class='ocrx_word' id='word_1_138' title='bbox 796 1658 970 1742; x_wconf 85' lang='lat' dir='ltr'>peregrino</span> <span class='ocrx_word' id='word_1_139' title='bbox 1003 1657 1058 1723; x_wconf 92' lang='lat' dir='ltr'>ubi</span> <span class='ocrx_word' id='word_1_140' title='bbox 1091 1657 1252 1723; x_wconf 86' lang='lat' dir='ltr'>confessio</span> <span class='ocrx_word' id='word_1_141' title='bbox 1278 1659 1373 1726; x_wconf 89' lang='lat' dir='ltr'>insti-</span> 
     </span>
     <span class='ocr_line' id='line_1_16' title="bbox 66 1745 1374 1830; baseline 0.001 -18"><span class='ocrx_word' id='word_1_142' title='bbox 66 1748 168 1823; x_wconf 84' lang='lat' dir='ltr'>ntur,</span> <span class='ocrx_word' id='word_1_143' title='bbox 200 1747 258 1811; x_wconf 90' lang='lat' dir='ltr'>sed</span> <span class='ocrx_word' id='word_1_144' title='bbox 288 1768 448 1811; x_wconf 89' lang='lat' dir='ltr'>summum</span> <span class='ocrx_word' id='word_1_145' title='bbox 473 1745 542 1811; x_wconf 90' lang='lat' dir='ltr'>eius</span> <span class='ocrx_word' id='word_1_146' title='bbox 571 1747 805 1813; x_wconf 84' lang='lat' dir='ltr'>reservationis</span> <span class='ocrx_word' id='word_1_147' title='bbox 839 1767 922 1830; x_wconf 89' lang='lat' dir='ltr'>quae</span> <span class='ocrx_word' id='word_1_148' title='bbox 946 1746 1038 1829; x_wconf 89' lang='lat' dir='ltr'>viget</span> <span class='ocrx_word' id='word_1_149' title='bbox 1067 1746 1100 1810; x_wconf 93' lang='lat' dir='ltr'>in</span> <span class='ocrx_word' id='word_1_150' title='bbox 1123 1747 1195 1812; x_wconf 93' lang='lat' dir='ltr'>loco</span> <span class='ocrx_word' id='word_1_151' title='bbox 1219 1747 1374 1813; x_wconf 87' lang='lat' dir='ltr'>domicilii</span> 
     </span>
     <span class='ocr_line' id='line_1_17' title="bbox 66 1834 1374 1919; baseline 0.001 -18"><span class='ocrx_word' id='word_1_152' title='bbox 66 1834 244 1902; x_wconf 80' lang='lat' dir='ltr'>unfitentis</span> <span class='ocrx_word' id='word_1_153' title='bbox 292 1837 401 1918; x_wconf 84' lang='lat' dir='ltr'>Atque</span> <span class='ocrx_word' id='word_1_154' title='bbox 425 1835 473 1900; x_wconf 89' lang='lat' dir='ltr'>ita</span> <span class='ocrx_word' id='word_1_155' title='bbox 496 1856 531 1899; x_wconf 87' lang='lat' dir='ltr'>re</span> <span class='ocrx_word' id='word_1_156' title='bbox 554 1835 627 1919; x_wconf 88' lang='lat' dir='ltr'>ipsa</span> <span class='ocrx_word' id='word_1_157' title='bbox 650 1857 738 1914; x_wconf 87' lang='lat' dir='ltr'>esse,</span> <span class='ocrx_word' id='word_1_158' title='bbox 771 1836 899 1918; x_wconf 91' lang='lat' dir='ltr'>quando</span> <span class='ocrx_word' id='word_1_159' title='bbox 923 1858 954 1901; x_wconf 92' lang='lat' dir='ltr'>v.</span> <span class='ocrx_word' id='word_1_160' title='bbox 979 1858 1010 1918; x_wconf 92' lang='lat' dir='ltr'>g.</span> <span class='ocrx_word' id='word_1_161' title='bbox 1036 1836 1198 1919; x_wconf 84' lang='lat' dir='ltr'>parochus</span> <span class='ocrx_word' id='word_1_162' title='bbox 1230 1837 1374 1903; x_wconf 87' lang='lat' dir='ltr'>absolvit</span> 
     </span>
     <span class='ocr_line' id='line_1_18' title="bbox 66 1924 1373 2009; baseline 0.002 -20"><span class='ocrx_word' id='word_1_163' title='bbox 66 1946 123 1990; x_wconf 90' lang='lat' dir='ltr'>uos</span> <span class='ocrx_word' id='word_1_164' title='bbox 148 1924 363 2008; x_wconf 88' lang='lat' dir='ltr'>parochianos</span> <span class='ocrx_word' id='word_1_165' title='bbox 387 1924 576 2005; x_wconf 85' lang='lat' dir='ltr'>quibuscum</span> <span class='ocrx_word' id='word_1_166' title='bbox 600 1929 754 1990; x_wconf 88' lang='lat' dir='ltr'>versatur</span> <span class='ocrx_word' id='word_1_167' title='bbox 776 1926 807 1988; x_wconf 93' lang='lat' dir='ltr'>in</span> <span class='ocrx_word' id='word_1_168' title='bbox 826 1925 933 1990; x_wconf 88' lang='lat' dir='ltr'>aliena</span> <span class='ocrx_word' id='word_1_169' title='bbox 952 1924 1101 2002; x_wconf 85' lang='lat' dir='ltr'>dioecesi,</span> <span class='ocrx_word' id='word_1_170' title='bbox 1126 1945 1220 1990; x_wconf 88' lang='lat' dir='ltr'>nemo</span> <span class='ocrx_word' id='word_1_171' title='bbox 1244 1931 1296 1992; x_wconf 91' lang='lat' dir='ltr'>est</span> <span class='ocrx_word' id='word_1_172' title='bbox 1319 1926 1373 2009; x_wconf 93' lang='lat' dir='ltr'>qui</span> 
     </span>
     <span class='ocr_line' id='line_1_19' title="bbox 66 2013 1005 2095; baseline 0.003 -17"><span class='ocrx_word' id='word_1_173' title='bbox 66 2013 205 2095; x_wconf 88' lang='lat' dir='ltr'>mbigat.</span> <span class='ocrx_word' id='word_1_174' title='bbox 252 2014 301 2078; x_wconf 91' lang='lat' dir='ltr'>De</span> <span class='ocrx_word' id='word_1_175' title='bbox 325 2013 398 2079; x_wconf 90' lang='lat' dir='ltr'>aliis</span> <span class='ocrx_word' id='word_1_176' title='bbox 422 2013 628 2079; x_wconf 87' lang='lat' dir='ltr'>confessariis</span> <span class='ocrx_word' id='word_1_177' title='bbox 653 2015 707 2079; x_wconf 87' lang='lat' dir='ltr'>alii</span> <span class='ocrx_word' id='word_1_178' title='bbox 731 2014 829 2079; x_wconf 89' lang='lat' dir='ltr'>aliter</span> <span class='ocrx_word' id='word_1_179' title='bbox 851 2015 1005 2081; x_wconf 88' lang='lat' dir='ltr'>sentiunt.</span> 
     </span>
    </p>
   </div>
   <div class='ocr_carea' id='block_1_5' title="bbox 66 2119 1381 3987">
    <p class='ocr_par' dir='ltr' id='par_1_6' title="bbox 66 2119 1375 2810">
     <span class='ocr_line' id='line_1_20' title="bbox 136 2119 1374 2203; baseline 0.003 -19"><span class='ocrx_word' id='word_1_180' title='bbox 136 2120 176 2185; x_wconf 81' lang='lat' dir='ltr'>a.</span> <span class='ocrx_word' id='word_1_181' title='bbox 202 2122 232 2186; x_wconf 76' lang='lat'>4.</span> <span class='ocrx_word' id='word_1_182' title='bbox 278 2119 428 2186; x_wconf 82' lang='lat' dir='ltr'>Proetiae</span> <span class='ocrx_word' id='word_1_183' title='bbox 457 2124 532 2186; x_wconf 91' lang='lat' dir='ltr'>tuta</span> <span class='ocrx_word' id='word_1_184' title='bbox 555 2126 607 2187; x_wconf 88' lang='lat' dir='ltr'>est</span> <span class='ocrx_word' id='word_1_185' title='bbox 629 2121 744 2203; x_wconf 87' lang='lat' dir='ltr'>regula</span> <span class='ocrx_word' id='word_1_186' title='bbox 774 2142 871 2203; x_wconf 89' lang='lat' dir='ltr'>quam</span> <span class='ocrx_word' id='word_1_187' title='bbox 895 2120 1080 2185; x_wconf 85' lang='lat' dir='ltr'>Clemens</span> <span class='ocrx_word' id='word_1_188' title='bbox 1103 2120 1133 2186; x_wconf 89' lang='lat' dir='ltr'>X</span> <span class='ocrx_word' id='word_1_189' title='bbox 1163 2125 1266 2189; x_wconf 90' lang='lat' dir='ltr'>const.</span> <span class='ocrx_word' id='word_1_190' title='bbox 1292 2124 1374 2203; x_wconf 80' lang='lat' dir='ltr'>„Sa-</span> 
     </span>
     <span class='ocr_line' id='line_1_21' title="bbox 67 2208 1373 2294; baseline 0.001 -19"><span class='ocrx_word' id='word_1_191' title='bbox 67 2208 170 2275; x_wconf 81' lang='lat' dir='ltr'>errro“</span> <span class='ocrx_word' id='word_1_192' title='bbox 196 2230 255 2291; x_wconf 90' lang='lat' dir='ltr'>pro</span> <span class='ocrx_word' id='word_1_193' title='bbox 279 2208 487 2274; x_wconf 87' lang='lat' dir='ltr'>confessariis</span> <span class='ocrx_word' id='word_1_194' title='bbox 510 2210 716 2291; x_wconf 86' lang='lat' dir='ltr'>regularibus</span> <span class='ocrx_word' id='word_1_195' title='bbox 738 2208 874 2286; x_wconf 86' lang='lat' dir='ltr'>statuit,</span> <span class='ocrx_word' id='word_1_196' title='bbox 905 2214 940 2275; x_wconf 91' lang='lat' dir='ltr'>et</span> <span class='ocrx_word' id='word_1_197' title='bbox 963 2230 1061 2290; x_wconf 90' lang='lat' dir='ltr'>quam</span> <span class='ocrx_word' id='word_1_198' title='bbox 1091 2211 1291 2275; x_wconf 89' lang='lat' dir='ltr'>consuetudo</span> <span class='ocrx_word' id='word_1_199' title='bbox 1314 2232 1373 2294; x_wconf 89' lang='lat' dir='ltr'>pro</span> 
     </span>
     <span class='ocr_line' id='line_1_22' title="bbox 69 2298 1374 2380; baseline 0.002 -16"><span class='ocrx_word' id='word_1_200' title='bbox 69 2299 218 2364; x_wconf 91' lang='lat' dir='ltr'>uibusvis</span> <span class='ocrx_word' id='word_1_201' title='bbox 242 2298 450 2363; x_wconf 88' lang='lat' dir='ltr'>confessariis</span> <span class='ocrx_word' id='word_1_202' title='bbox 473 2299 573 2364; x_wconf 91' lang='lat' dir='ltr'>etiam</span> <span class='ocrx_word' id='word_1_203' title='bbox 597 2298 820 2364; x_wconf 87' lang='lat' dir='ltr'>saecularibus</span> <span class='ocrx_word' id='word_1_204' title='bbox 835 2298 1016 2380; x_wconf 89' lang='lat' dir='ltr'>legitimam</span> <span class='ocrx_word' id='word_1_205' title='bbox 1036 2298 1125 2373; x_wconf 89' lang='lat' dir='ltr'>fecit,</span> <span class='ocrx_word' id='word_1_206' title='bbox 1150 2299 1291 2365; x_wconf 88' lang='lat' dir='ltr'>scilieet:</span> <span class='ocrx_word' id='word_1_207' title='bbox 1315 2301 1374 2366; x_wconf 91' lang='lat' dir='ltr'>ab·</span> 
     </span>
     <span class='ocr_line' id='line_1_23' title="bbox 66 2387 1373 2471; baseline 0.002 -18"><span class='ocrx_word' id='word_1_208' title='bbox 66 2388 131 2453; x_wconf 95' lang='lat' dir='ltr'>olvi</span> <span class='ocrx_word' id='word_1_209' title='bbox 157 2408 253 2470; x_wconf 89' lang='lat' dir='ltr'>posse</span> <span class='ocrx_word' id='word_1_210' title='bbox 276 2387 467 2471; x_wconf 91' lang='lat' dir='ltr'>peregrinos</span> <span class='ocrx_word' id='word_1_211' title='bbox 491 2409 511 2452; x_wconf 93' lang='lat' dir='ltr'>a</span> <span class='ocrx_word' id='word_1_212' title='bbox 534 2387 712 2453; x_wconf 90' lang='lat' dir='ltr'>reservatis</span> <span class='ocrx_word' id='word_1_213' title='bbox 746 2388 915 2470; x_wconf 88' lang='lat' dir='ltr'>(intellege</span> <span class='ocrx_word' id='word_1_214' title='bbox 944 2389 976 2452; x_wconf 91' lang='lat' dir='ltr'>iu</span> <span class='ocrx_word' id='word_1_215' title='bbox 1000 2391 1073 2453; x_wconf 88' lang='lat' dir='ltr'>tota</span> <span class='ocrx_word' id='word_1_216' title='bbox 1096 2387 1158 2453; x_wconf 89' lang='lat' dir='ltr'>hac</span> <span class='ocrx_word' id='word_1_217' title='bbox 1181 2389 1373 2471; x_wconf 86' lang='lat' dir='ltr'>quaestione</span> 
     </span>
     <span class='ocr_line' id='line_1_24' title="bbox 66 2476 1374 2559; baseline 0.001 -17"><span class='ocrx_word' id='word_1_218' title='bbox 66 2482 187 2542; x_wconf 86' lang='lat' dir='ltr'>eccata</span> <span class='ocrx_word' id='word_1_219' title='bbox 209 2477 279 2541; x_wconf 88' lang='lat' dir='ltr'>sine</span> <span class='ocrx_word' id='word_1_220' title='bbox 303 2498 441 2542; x_wconf 84' lang='lat' dir='ltr'>censura</span> <span class='ocrx_word' id='word_1_221' title='bbox 464 2476 658 2558; x_wconf 88' lang='lat' dir='ltr'>reservata),</span> <span class='ocrx_word' id='word_1_222' title='bbox 682 2476 745 2541; x_wconf 91' lang='lat' dir='ltr'>nisi</span> <span class='ocrx_word' id='word_1_223' title='bbox 771 2480 803 2559; x_wconf 92' lang='grc'>1)</span> <span class='ocrx_word' id='word_1_224' title='bbox 826 2477 859 2541; x_wconf 94' lang='lat' dir='ltr'>in</span> <span class='ocrx_word' id='word_1_225' title='bbox 883 2478 1030 2542; x_wconf 90' lang='lat' dir='ltr'>fraudem</span> <span class='ocrx_word' id='word_1_226' title='bbox 1053 2477 1137 2559; x_wconf 90' lang='lat' dir='ltr'>legis</span> <span class='ocrx_word' id='word_1_227' title='bbox 1160 2497 1203 2542; x_wconf 87' lang='lat' dir='ltr'>ex</span> <span class='ocrx_word' id='word_1_228' title='bbox 1226 2498 1286 2543; x_wconf 92' lang='lat' dir='ltr'>sua</span> <span class='ocrx_word' id='word_1_229' title='bbox 1310 2477 1374 2543; x_wconf 94' lang='lat' dir='ltr'>dis·</span> 
     </span>
     <span class='ocr_line' id='line_1_25' title="bbox 67 2565 1375 2648; baseline 0 -16"><span class='ocrx_word' id='word_1_230' title='bbox 67 2565 209 2632; x_wconf 79' lang='lat' dir='ltr'>asserint</span> <span class='ocrx_word' id='word_1_231' title='bbox 232 2565 388 2643; x_wconf 87' lang='lat' dir='ltr'>dioecesi,</span> <span class='ocrx_word' id='word_1_232' title='bbox 420 2565 453 2629; x_wconf 92' lang='lat' dir='ltr'>in</span> <span class='ocrx_word' id='word_1_233' title='bbox 483 2586 546 2647; x_wconf 91' lang='lat' dir='ltr'>quo</span> <span class='ocrx_word' id='word_1_234' title='bbox 577 2587 656 2631; x_wconf 87' lang='lat' dir='ltr'>casu</span> <span class='ocrx_word' id='word_1_235' title='bbox 685 2565 772 2631; x_wconf 92' lang='lat' dir='ltr'>illius</span> <span class='ocrx_word' id='word_1_236' title='bbox 802 2565 1025 2632; x_wconf 85' lang='lat' dir='ltr'>reservatione</span> <span class='ocrx_word' id='word_1_237' title='bbox 1055 2566 1217 2648; x_wconf 70' lang='lat' dir='ltr'>ligantum</span> <span class='ocrx_word' id='word_1_238' title='bbox 1249 2566 1283 2648; x_wconf 76' lang='lat'>⁴2)</span> <span class='ocrx_word' id='word_1_239' title='bbox 1312 2567 1375 2632; x_wconf 91' lang='lat' dir='ltr'>nisi</span> 
     </span>
     <span class='ocr_line' id='line_1_26' title="bbox 66 2654 1375 2737; baseline 0 -16"><span class='ocrx_word' id='word_1_240' title='bbox 66 2655 223 2737; x_wconf 75' lang='lat' dir='ltr'>itrobique</span> <span class='ocrx_word' id='word_1_241' title='bbox 247 2655 348 2720; x_wconf 90' lang='lat' dir='ltr'>tum</span> <span class='ocrx_word' id='word_1_242' title='bbox 340 2677 372 2719; x_wconf 86' lang='grc' dir='ltr'>ιιι</span> <span class='ocrx_word' id='word_1_243' title='bbox 396 2676 456 2719; x_wconf 90' lang='lat' dir='ltr'>sua</span> <span class='ocrx_word' id='word_1_244' title='bbox 480 2655 657 2721; x_wconf 89' lang='lat' dir='ltr'>dioecesit</span> <span class='ocrx_word' id='word_1_245' title='bbox 642 2660 713 2721; x_wconf 85' lang='lat' dir='ltr'>turn</span> <span class='ocrx_word' id='word_1_246' title='bbox 735 2655 769 2720; x_wconf 93' lang='lat' dir='ltr'>in</span> <span class='ocrx_word' id='word_1_247' title='bbox 793 2656 932 2721; x_wconf 87' lang='lat' dir='ltr'>dioecesi</span> <span class='ocrx_word' id='word_1_248' title='bbox 962 2654 1176 2721; x_wconf 90' lang='lat' dir='ltr'>confessionis</span> <span class='ocrx_word' id='word_1_249' title='bbox 1205 2676 1300 2720; x_wconf 87' lang='lat' dir='ltr'>casus</span> <span class='ocrx_word' id='word_1_250' title='bbox 1324 2678 1375 2722; x_wconf 89' lang='lat' dir='ltr'>re·</span> 
     </span>
     <span class='ocr_line' id='line_1_27' title="bbox 67 2743 619 2820; baseline -0.006 -10"><span class='ocrx_word' id='word_1_251' title='bbox 67 2748 164 2810; x_wconf 91' lang='lat' dir='ltr'>erva</span> <span class='ocrx_word' id='word_1_252' title='bbox 166 2765 204 2808; x_wconf 89' lang='lat' dir='ltr'>us</span> <span class='ocrx_word' id='word_1_253' title='bbox 228 2743 280 2809; x_wconf 90' lang='lat' dir='ltr'>sit.</span> <span class='ocrx_word' id='word_1_254' title='bbox 332 2744 388 2809; x_wconf 76' lang='lat' dir='ltr'>ra.</span> <span class='ocrx_word' id='word_1_255' title='bbox 412 2767 453 2808; x_wconf 83' lang='lat' dir='ltr'>m.</span> <span class='ocrx_word' id='word_1_256' title='bbox 478 2743 519 2820; x_wconf 89' lang='grc' dir='ltr'>ΙΙ,</span> <span class='ocrx_word' id='word_1_257' title='bbox 544 2745 619 2810; x_wconf 81' lang='grc'><strong>404.</strong></span> 
     </span>
    </p>

    <p class='ocr_par' dir='ltr' id='par_1_7' title="bbox 66 2831 1374 3006">
     <span class='ocr_line' id='line_1_28' title="bbox 140 2831 1374 2915; baseline 0.002 -19"><span class='ocrx_word' id='word_1_258' title='bbox 140 2833 225 2897; x_wconf 92' lang='lat' dir='ltr'>Hinc</span> <span class='ocrx_word' id='word_1_259' title='bbox 249 2835 282 2915; x_wconf 87' lang='lat' dir='ltr'>a)</span> <span class='ocrx_word' id='word_1_260' title='bbox 307 2854 421 2898; x_wconf 90' lang='lat' dir='ltr'>acasu</span> <span class='ocrx_word' id='word_1_261' title='bbox 444 2837 615 2899; x_wconf 89' lang='lat' dir='ltr'>reservato</span> <span class='ocrx_word' id='word_1_262' title='bbox 597 2831 694 2914; x_wconf 93' lang='lat' dir='ltr'>oqui</span> <span class='ocrx_word' id='word_1_263' title='bbox 718 2832 750 2897; x_wconf 92' lang='lat' dir='ltr'>in</span> <span class='ocrx_word' id='word_1_264' title='bbox 774 2833 844 2898; x_wconf 90' lang='lat' dir='ltr'>sola</span> <span class='ocrx_word' id='word_1_265' title='bbox 868 2832 1009 2898; x_wconf 89' lang='lat' dir='ltr'>dioecesi</span> <span class='ocrx_word' id='word_1_266' title='bbox 1032 2831 1246 2899; x_wconf 87' lang='lat' dir='ltr'>confessionis</span> <span class='ocrx_word' id='word_1_267' title='bbox 1269 2855 1374 2899; x_wconf 91' lang='lat' dir='ltr'>reser-</span> 
     </span>
     <span class='ocr_line' id='line_1_29' title="bbox 66 2921 1312 3006; baseline -0.001 -17"><span class='ocrx_word' id='word_1_268' title='bbox 66 2928 149 2989; x_wconf 71' lang='lat' dir='ltr'>’atus</span> <span class='ocrx_word' id='word_1_269' title='bbox 173 2925 225 2987; x_wconf 90' lang='lat' dir='ltr'>est</span> <span class='ocrx_word' id='word_1_270' title='bbox 246 2921 440 3005; x_wconf 87' lang='lat' dir='ltr'>peregrinus</span> <span class='ocrx_word' id='word_1_271' title='bbox 463 2945 585 3006; x_wconf 84' lang='lat' dir='ltr'>semper</span> <span class='ocrx_word' id='word_1_272' title='bbox 607 2927 717 3006; x_wconf 89' lang='lat' dir='ltr'>potest</span> <span class='ocrx_word' id='word_1_273' title='bbox 740 2922 866 2987; x_wconf 91' lang='lat' dir='ltr'>absolvi</span> <span class='ocrx_word' id='word_1_274' title='bbox 890 2943 910 2986; x_wconf 93' lang='lat' dir='ltr'>a</span> <span class='ocrx_word' id='word_1_275' title='bbox 934 2921 1080 3003; x_wconf 89' lang='lat' dir='ltr'>quolibet</span> <span class='ocrx_word' id='word_1_276' title='bbox 1103 2922 1312 2988; x_wconf 82' lang='lat' dir='ltr'>confessario.</span> 
     </span>
    </p>

    <p class='ocr_par' dir='ltr' id='par_1_8' title="bbox 66 3009 1379 3629">
     <span class='ocr_line' id='line_1_30' title="bbox 139 3009 1376 3094; baseline 0.001 -19"><span class='ocrx_word' id='word_1_277' title='bbox 139 3009 174 3091; x_wconf 90' lang='lat' dir='ltr'>b)</span> <span class='ocrx_word' id='word_1_278' title='bbox 199 3032 219 3075; x_wconf 90' lang='lat' dir='ltr'>a</span> <span class='ocrx_word' id='word_1_279' title='bbox 242 3032 319 3076; x_wconf 86' lang='lat' dir='ltr'>casu</span> <span class='ocrx_word' id='word_1_280' title='bbox 344 3011 400 3094; x_wconf 92' lang='lat' dir='ltr'>qui</span> <span class='ocrx_word' id='word_1_281' title='bbox 430 3010 602 3094; x_wconf 90' lang='lat' dir='ltr'>utrobique</span> <span class='ocrx_word' id='word_1_282' title='bbox 631 3015 821 3077; x_wconf 87' lang='lat' dir='ltr'>reservatus</span> <span class='ocrx_word' id='word_1_283' title='bbox 852 3017 904 3077; x_wconf 91' lang='lat' dir='ltr'>est</span> <span class='ocrx_word' id='word_1_284' title='bbox 927 3015 995 3076; x_wconf 91' lang='lat' dir='ltr'>tum</span> <span class='ocrx_word' id='word_1_285' title='bbox 1020 3011 1052 3074; x_wconf 93' lang='lat' dir='ltr'>in</span> <span class='ocrx_word' id='word_1_286' title='bbox 1085 3010 1225 3076; x_wconf 84' lang='lat' dir='ltr'>dioecesi</span> <span class='ocrx_word' id='word_1_287' title='bbox 1249 3011 1376 3077; x_wconf 87' lang='lat' dir='ltr'>confes·</span> 
     </span>
     <span class='ocr_line' id='line_1_31' title="bbox 68 3098 1377 3184; baseline 0.002 -20"><span class='ocrx_word' id='word_1_288' title='bbox 68 3100 170 3177; x_wconf 90' lang='lat' dir='ltr'>ionis‚</span> <span class='ocrx_word' id='word_1_289' title='bbox 196 3105 265 3165; x_wconf 87' lang='lat' dir='ltr'>tum</span> <span class='ocrx_word' id='word_1_290' title='bbox 289 3100 323 3164; x_wconf 92' lang='lat' dir='ltr'>in</span> <span class='ocrx_word' id='word_1_291' title='bbox 347 3099 486 3165; x_wconf 91' lang='lat' dir='ltr'>dioecesi</span> <span class='ocrx_word' id='word_1_292' title='bbox 510 3099 710 3177; x_wconf 88' lang='lat' dir='ltr'>confitentis,</span> <span class='ocrx_word' id='word_1_293' title='bbox 735 3098 790 3165; x_wconf 89' lang='lat' dir='ltr'>ilie</span> <span class='ocrx_word' id='word_1_294' title='bbox 814 3100 1005 3183; x_wconf 88' lang='lat' dir='ltr'>peregrinus</span> <span class='ocrx_word' id='word_1_295' title='bbox 1029 3099 1154 3165; x_wconf 83' lang='lat' dir='ltr'>absolvi</span> <span class='ocrx_word' id='word_1_296' title='bbox 1179 3121 1244 3164; x_wconf 93' lang='lat' dir='ltr'>non</span> <span class='ocrx_word' id='word_1_297' title='bbox 1267 3105 1377 3184; x_wconf 89' lang='lat' dir='ltr'>potest</span> 
     </span>
     <span class='ocr_line' id='line_1_32' title="bbox 66 3188 1377 3274; baseline 0.001 -21"><span class='ocrx_word' id='word_1_298' title='bbox 66 3190 111 3254; x_wconf 76' lang='lat' dir='ltr'>risi</span> <span class='ocrx_word' id='word_1_299' title='bbox 145 3189 388 3254; x_wconf 88' lang='lat' dir='ltr'>aconfessario</span> <span class='ocrx_word' id='word_1_300' title='bbox 419 3188 627 3272; x_wconf 89' lang='lat' dir='ltr'>privilegiato</span> <span class='ocrx_word' id='word_1_301' title='bbox 651 3188 825 3272; x_wconf 79' lang='lat' dir='ltr'>(practicez</span> <span class='ocrx_word' id='word_1_302' title='bbox 858 3189 911 3271; x_wconf 93' lang='lat' dir='ltr'>qui</span> <span class='ocrx_word' id='word_1_303' title='bbox 936 3189 987 3254; x_wconf 89' lang='lat' dir='ltr'>vel</span> <span class='ocrx_word' id='word_1_304' title='bbox 1012 3188 1053 3254; x_wconf 92' lang='lat' dir='ltr'>ab</span> <span class='ocrx_word' id='word_1_305' title='bbox 1077 3189 1241 3254; x_wconf 90' lang='lat' dir='ltr'>ordinario</span> <span class='ocrx_word' id='word_1_306' title='bbox 1265 3189 1377 3274; x_wconf 90' lang='lat' dir='ltr'>paeni·</span> 
     </span>
     <span class='ocr_line' id='line_1_33' title="bbox 67 3277 1377 3361; baseline -0.001 -17"><span class='ocrx_word' id='word_1_307' title='bbox 67 3278 154 3344; x_wconf 84' lang='lat' dir='ltr'>eutis</span> <span class='ocrx_word' id='word_1_308' title='bbox 177 3279 231 3342; x_wconf 89' lang='lat' dir='ltr'>vei</span> <span class='ocrx_word' id='word_1_309' title='bbox 256 3279 296 3343; x_wconf 91' lang='lat' dir='ltr'>ab</span> <span class='ocrx_word' id='word_1_310' title='bbox 320 3278 486 3343; x_wconf 90' lang='lat' dir='ltr'>ordinario</span> <span class='ocrx_word' id='word_1_311' title='bbox 516 3278 579 3344; x_wconf 92' lang='lat' dir='ltr'>loci</span> <span class='ocrx_word' id='word_1_312' title='bbox 610 3277 824 3342; x_wconf 84' lang='lat' dir='ltr'>confessionis</span> <span class='ocrx_word' id='word_1_313' title='bbox 847 3279 976 3361; x_wconf 88' lang='lat' dir='ltr'>accepit</span> <span class='ocrx_word' id='word_1_314' title='bbox 998 3278 1190 3343; x_wconf 85' lang='lat' dir='ltr'>facultatem</span> <span class='ocrx_word' id='word_1_315' title='bbox 1214 3278 1247 3343; x_wconf 93' lang='lat' dir='ltr'>in</span> <span class='ocrx_word' id='word_1_316' title='bbox 1271 3300 1377 3344; x_wconf 90' lang='lat' dir='ltr'>reser-</span> 
     </span>
     <span class='ocr_line' id='line_1_34' title="bbox 66 3365 1378 3451; baseline -0.001 -17"><span class='ocrx_word' id='word_1_317' title='bbox 66 3368 156 3449; x_wconf 81' lang='lat' dir='ltr'>ata).</span> <span class='ocrx_word' id='word_1_318' title='bbox 205 3367 396 3433; x_wconf 88' lang='lat' dir='ltr'>Theoretice</span> <span class='ocrx_word' id='word_1_319' title='bbox 428 3368 555 3450; x_wconf 89' lang='lat' dir='ltr'>quidem</span> <span class='ocrx_word' id='word_1_320' title='bbox 586 3371 665 3451; x_wconf 91' lang='lat' dir='ltr'>puto</span> <span class='ocrx_word' id='word_1_321' title='bbox 696 3365 789 3432; x_wconf 89' lang='lat' dir='ltr'>unice</span> <span class='ocrx_word' id='word_1_322' title='bbox 819 3388 931 3432; x_wconf 88' lang='lat' dir='ltr'>voram</span> <span class='ocrx_word' id='word_1_323' title='bbox 963 3388 1035 3432; x_wconf 88' lang='lat' dir='ltr'>esse</span> <span class='ocrx_word' id='word_1_324' title='bbox 1065 3367 1263 3433; x_wconf 89' lang='lat' dir='ltr'>sententiam</span> <span class='ocrx_word' id='word_1_325' title='bbox 1293 3389 1378 3451; x_wconf 89' lang='lat' dir='ltr'>quae</span> 
     </span>
     <span class='ocr_line' id='line_1_35' title="bbox 66 3455 1379 3541; baseline 0 -19"><span class='ocrx_word' id='word_1_326' title='bbox 66 3456 201 3540; x_wconf 86' lang='lat' dir='ltr'>equirat</span> <span class='ocrx_word' id='word_1_327' title='bbox 223 3456 417 3522; x_wconf 85' lang='lat' dir='ltr'>facultatem</span> <span class='ocrx_word' id='word_1_328' title='bbox 447 3457 488 3522; x_wconf 89' lang='lat' dir='ltr'>ab</span> <span class='ocrx_word' id='word_1_329' title='bbox 521 3455 684 3521; x_wconf 90' lang='lat' dir='ltr'>ordinario</span> <span class='ocrx_word' id='word_1_330' title='bbox 715 3456 914 3539; x_wconf 88' lang='lat' dir='ltr'>paenitentis</span> <span class='ocrx_word' id='word_1_331' title='bbox 945 3477 1150 3531; x_wconf 77' lang='lat' dir='ltr'>concessam3</span> <span class='ocrx_word' id='word_1_332' title='bbox 1181 3461 1217 3523; x_wconf 88' lang='lat' dir='ltr'>at</span> <span class='ocrx_word' id='word_1_333' title='bbox 1243 3462 1379 3541; x_wconf 91' lang='lat' dir='ltr'>propter</span> 
     </span>
     <span class='ocr_line' id='line_1_36' title="bbox 66 3544 1377 3629; baseline 0.002 -18"><span class='ocrx_word' id='word_1_334' title='bbox 66 3545 319 3611; x_wconf 86' lang='lat' dir='ltr'>uobabiiitatem</span> <span class='ocrx_word' id='word_1_335' title='bbox 334 3550 504 3610; x_wconf 83' lang='lat' dir='ltr'>externam</span> <span class='ocrx_word' id='word_1_336' title='bbox 522 3545 657 3610; x_wconf 88' lang='lat' dir='ltr'>alterius</span> <span class='ocrx_word' id='word_1_337' title='bbox 674 3544 858 3611; x_wconf 87' lang='lat' dir='ltr'>sententiae</span> <span class='ocrx_word' id='word_1_338' title='bbox 876 3546 1020 3629; x_wconf 88' lang='lat' dir='ltr'>practice</span> <span class='ocrx_word' id='word_1_339' title='bbox 1036 3545 1158 3610; x_wconf 88' lang='lat' dir='ltr'>sufficit</span> <span class='ocrx_word' id='word_1_340' title='bbox 1176 3547 1377 3614; x_wconf 89' lang='lat' dir='ltr'>utrumlibet.</span> 
     </span>
    </p>

    <p class='ocr_par' dir='ltr' id='par_1_9' title="bbox 66 3634 1381 3987">
     <span class='ocr_line' id='line_1_37' title="bbox 143 3634 1379 3718; baseline 0.002 -20"><span class='ocrx_word' id='word_1_341' title='bbox 143 3637 174 3716; x_wconf 86' lang='lat' dir='ltr'>c)</span> <span class='ocrx_word' id='word_1_342' title='bbox 199 3635 251 3716; x_wconf 94' lang='lat' dir='ltr'>qui</span> <span class='ocrx_word' id='word_1_343' title='bbox 275 3635 308 3699; x_wconf 91' lang='lat' dir='ltr'>in</span> <span class='ocrx_word' id='word_1_344' title='bbox 332 3635 479 3699; x_wconf 89' lang='lat' dir='ltr'>fraudem</span> <span class='ocrx_word' id='word_1_345' title='bbox 503 3635 586 3716; x_wconf 89' lang='lat' dir='ltr'>legis</span> <span class='ocrx_word' id='word_1_346' title='bbox 610 3634 692 3701; x_wconf 86' lang='lat' dir='ltr'>exiit</span> <span class='ocrx_word' id='word_1_347' title='bbox 715 3655 733 3698; x_wconf 97' lang='lat' dir='ltr'>e</span> <span class='ocrx_word' id='word_1_348' title='bbox 757 3655 816 3699; x_wconf 89' lang='lat' dir='ltr'>sua</span> <span class='ocrx_word' id='word_1_349' title='bbox 841 3634 977 3700; x_wconf 89' lang='lat' dir='ltr'>dioecesi</span> <span class='ocrx_word' id='word_1_350' title='bbox 1003 3634 1129 3699; x_wconf 90' lang='lat' dir='ltr'>absolvi</span> <span class='ocrx_word' id='word_1_351' title='bbox 1153 3635 1283 3718; x_wconf 85' lang='lat' dir='ltr'>nequit,</span> <span class='ocrx_word' id='word_1_352' title='bbox 1316 3637 1379 3701; x_wconf 93' lang='lat' dir='ltr'>nisi</span> 
     </span>
     <span class='ocr_line' id='line_1_38' title="bbox 66 3723 1379 3806; baseline 0.001 -17"><span class='ocrx_word' id='word_1_353' title='bbox 66 3726 92 3789; x_wconf 77' lang='lat' dir='ltr'>rb</span> <span class='ocrx_word' id='word_1_354' title='bbox 118 3746 157 3788; x_wconf 87' lang='lat' dir='ltr'>eo</span> <span class='ocrx_word' id='word_1_355' title='bbox 182 3724 237 3804; x_wconf 91' lang='lat' dir='ltr'>qui</span> <span class='ocrx_word' id='word_1_356' title='bbox 261 3725 302 3788; x_wconf 90' lang='lat' dir='ltr'>ab</span> <span class='ocrx_word' id='word_1_357' title='bbox 326 3723 489 3788; x_wconf 87' lang='lat' dir='ltr'>ordinario</span> <span class='ocrx_word' id='word_1_358' title='bbox 512 3723 613 3806; x_wconf 88' lang='lat' dir='ltr'>ipsius</span> <span class='ocrx_word' id='word_1_359' title='bbox 644 3723 830 3788; x_wconf 88' lang='lat' dir='ltr'>confitentis</span> <span class='ocrx_word' id='word_1_360' title='bbox 860 3724 1052 3789; x_wconf 82' lang='lat' dir='ltr'>facultatem</span> <span class='ocrx_word' id='word_1_361' title='bbox 1086 3723 1194 3789; x_wconf 90' lang='lat' dir='ltr'>habet.</span> <span class='ocrx_word' id='word_1_362' title='bbox 1243 3725 1276 3790; x_wconf 88' lang='lat' dir='ltr'>Si</span> <span class='ocrx_word' id='word_1_363' title='bbox 1300 3747 1379 3790; x_wconf 89' lang='lat' dir='ltr'>vero</span> 
     </span>
     <span class='ocr_line' id='line_1_39' title="bbox 66 3812 1381 3898; baseline 0.005 -24"><span class='ocrx_word' id='word_1_364' title='bbox 66 3835 151 3878; x_wconf 86' lang='lat' dir='ltr'>:asus</span> <span class='ocrx_word' id='word_1_365' title='bbox 176 3813 333 3878; x_wconf 91' lang='lat' dir='ltr'>deductus</span> <span class='ocrx_word' id='word_1_366' title='bbox 356 3813 421 3878; x_wconf 87' lang='lat' dir='ltr'>ianr</span> <span class='ocrx_word' id='word_1_367' title='bbox 445 3813 489 3878; x_wconf 89' lang='lat' dir='ltr'>sit</span> <span class='ocrx_word' id='word_1_368' title='bbox 511 3812 552 3877; x_wconf 91' lang='lat' dir='ltr'>ad</span> <span class='ocrx_word' id='word_1_369' title='bbox 576 3812 683 3877; x_wconf 91' lang='lat' dir='ltr'>forum</span> <span class='ocrx_word' id='word_1_370' title='bbox 707 3812 955 3890; x_wconf 86' lang='lat' dir='ltr'>contentiosum,</span> <span class='ocrx_word' id='word_1_371' title='bbox 980 3834 1020 3878; x_wconf 91' lang='lat' dir='ltr'>ne</span> <span class='ocrx_word' id='word_1_372' title='bbox 1037 3812 1091 3877; x_wconf 90' lang='lat' dir='ltr'>ille</span> <span class='ocrx_word' id='word_1_373' title='bbox 1116 3813 1245 3894; x_wconf 88' lang='lat' dir='ltr'>quidem</span> <span class='ocrx_word' id='word_1_374' title='bbox 1269 3820 1381 3898; x_wconf 89' lang='lat' dir='ltr'>potest</span> 
     </span>
     <span class='ocr_line' id='line_1_40' title="bbox 66 3902 397 3987; baseline 0.003 -20"><span class='ocrx_word' id='word_1_375' title='bbox 66 3902 194 3987; x_wconf 76' lang='lat' dir='ltr'>implius</span> <span class='ocrx_word' id='word_1_376' title='bbox 216 3903 397 3968; x_wconf 86' lang='lat' dir='ltr'>absolvere.</span> 
     </span>
    </p>
   </div>
   <div class='ocr_carea' id='block_1_6' title="bbox 66 4024 1441 4804">
    <p class='ocr_par' dir='ltr' id='par_1_10' title="bbox 66 4024 1441 4467">
     <span class='ocr_line' id='line_1_41' title="bbox 144 4024 1441 4106; baseline -0.006 -15"><span class='ocrx_word' id='word_1_377' title='bbox 144 4026 198 4091; x_wconf 83' lang='lat' dir='ltr'>Au</span> <span class='ocrx_word' id='word_1_378' title='bbox 228 4045 419 4101; x_wconf 75' lang='lat' dir='ltr'>quassrrun</span> <span class='ocrx_word' id='word_1_379' title='bbox 450 4026 488 4087; x_wconf 65' lang='lat'>3³²</span> <span class='ocrx_word' id='word_1_380' title='bbox 519 4025 557 4089; x_wconf 90' lang='lat' dir='ltr'>R.</span> <span class='ocrx_word' id='word_1_381' title='bbox 592 4027 620 4090; x_wconf 92' lang='lat'>1.</span> <span class='ocrx_word' id='word_1_382' title='bbox 666 4024 751 4089; x_wconf 92' lang='lat' dir='ltr'>Illud</span> <span class='ocrx_word' id='word_1_383' title='bbox 789 4025 838 4102; x_wconf 82' lang='lat' dir='ltr'>„iu</span> <span class='ocrx_word' id='word_1_384' title='bbox 871 4025 1019 4089; x_wconf 85' lang='lat' dir='ltr'>fraudem</span> <span class='ocrx_word' id='word_1_385' title='bbox 1053 4025 1136 4106; x_wconf 88' lang='lat' dir='ltr'>legis</span> <span class='ocrx_word' id='word_1_386' title='bbox 1170 4026 1278 4090; x_wconf 82' lang='lat' dir='ltr'>abire“</span> <span class='ocrx_word' id='word_1_387' title='bbox 1315 4032 1441 4090; x_wconf 67' lang='lat' dir='ltr'>nonita</span> 
     </span>
     <span class='ocr_line' id='line_1_42' title="bbox 66 4114 1380 4197; baseline -0.002 -16"><span class='ocrx_word' id='word_1_388' title='bbox 66 4137 168 4181; x_wconf 70' lang='lat' dir='ltr'>»mnes</span> <span class='ocrx_word' id='word_1_389' title='bbox 192 4116 305 4179; x_wconf 90' lang='lat' dir='ltr'>eodem</span> <span class='ocrx_word' id='word_1_390' title='bbox 329 4115 423 4178; x_wconf 90' lang='lat' dir='ltr'>modo</span> <span class='ocrx_word' id='word_1_391' title='bbox 449 4114 625 4195; x_wconf 81' lang='lat' dir='ltr'>explicant.</span> <span class='ocrx_word' id='word_1_392' title='bbox 671 4114 796 4179; x_wconf 86' lang='lat' dir='ltr'>Tenere</span> <span class='ocrx_word' id='word_1_393' title='bbox 820 4115 897 4180; x_wconf 87' lang='lat' dir='ltr'>lieet</span> <span class='ocrx_word' id='word_1_394' title='bbox 921 4114 1171 4197; x_wconf 81' lang='lat' dir='ltr'>explicationem</span> <span class='ocrx_word' id='word_1_395' title='bbox 1201 4136 1297 4196; x_wconf 87' lang='lat' dir='ltr'>quarn</span> <span class='ocrx_word' id='word_1_396' title='bbox 1322 4115 1380 4180; x_wconf 90' lang='lat' dir='ltr'>ad·</span> 
     </span>
     <span class='ocr_line' id='line_1_43' title="bbox 66 4202 1378 4290; baseline -0.002 -21"><span class='ocrx_word' id='word_1_397' title='bbox 66 4209 151 4290; x_wconf 76' lang='lat' dir='ltr'>rptat</span> <span class='ocrx_word' id='word_1_398' title='bbox 179 4206 210 4270; x_wconf 86' lang='lat' dir='ltr'>S.</span> <span class='ocrx_word' id='word_1_399' title='bbox 239 4202 356 4287; x_wconf 81' lang='lat' dir='ltr'>Alph.</span> <span class='ocrx_word' id='word_1_400' title='bbox 386 4203 447 4278; x_wconf 86' lang='lat' dir='ltr'>Vi,</span> <span class='ocrx_word' id='word_1_401' title='bbox 478 4206 557 4267; x_wconf 81' lang='lat'>589:</span> <span class='ocrx_word' id='word_1_402' title='bbox 596 4203 835 4285; x_wconf 81' lang='lat' dir='ltr'>„paenitentem</span> <span class='ocrx_word' id='word_1_403' title='bbox 868 4208 945 4269; x_wconf 92' lang='lat' dir='ltr'>tunc</span> <span class='ocrx_word' id='word_1_404' title='bbox 973 4203 1132 4284; x_wconf 84' lang='lat' dir='ltr'>migrasse</span> <span class='ocrx_word' id='word_1_405' title='bbox 1160 4204 1192 4267; x_wconf 92' lang='lat' dir='ltr'>in</span> <span class='ocrx_word' id='word_1_406' title='bbox 1220 4204 1378 4279; x_wconf 87' lang='lat' dir='ltr'>fraudem,</span> 
     </span>
     <span class='ocr_line' id='line_1_44' title="bbox 66 4291 1380 4378; baseline -0.002 -17"><span class='ocrx_word' id='word_1_407' title='bbox 66 4295 185 4378; x_wconf 76' lang='lat' dir='ltr'>quando</span> <span class='ocrx_word' id='word_1_408' title='bbox 210 4294 281 4374; x_wconf 91' lang='lat' dir='ltr'>quis</span> <span class='ocrx_word' id='word_1_409' title='bbox 305 4292 445 4357; x_wconf 89' lang='lat' dir='ltr'>alienam</span> <span class='ocrx_word' id='word_1_410' title='bbox 469 4292 553 4375; x_wconf 91' lang='lat' dir='ltr'>petit</span> <span class='ocrx_word' id='word_1_411' title='bbox 578 4291 751 4357; x_wconf 88' lang='lat' dir='ltr'>dioecesim</span> <span class='ocrx_word' id='word_1_412' title='bbox 782 4293 822 4357; x_wconf 93' lang='lat' dir='ltr'>ob</span> <span class='ocrx_word' id='word_1_413' title='bbox 847 4292 1059 4376; x_wconf 90' lang='lat' dir='ltr'>principalem</span> <span class='ocrx_word' id='word_1_414' title='bbox 1082 4294 1179 4356; x_wconf 90' lang='lat' dir='ltr'>finem</span> <span class='ocrx_word' id='word_1_415' title='bbox 1213 4293 1380 4358; x_wconf 90' lang='lat' dir='ltr'>obtinendi</span> 
     </span>
     <span class='ocr_line' id='line_1_45' title="bbox 66 4382 1020 4467; baseline -0.002 -18"><span class='ocrx_word' id='word_1_416' title='bbox 66 4382 293 4450; x_wconf 80' lang='lat' dir='ltr'>rbsolutionem</span> <span class='ocrx_word' id='word_1_417' title='bbox 318 4384 503 4466; x_wconf 80' lang='lat' dir='ltr'>vitandique</span> <span class='ocrx_word' id='word_1_418' title='bbox 526 4383 682 4446; x_wconf 60' lang='lat' dir='ltr'>indutum</span> <span class='ocrx_word' id='word_1_419' title='bbox 700 4385 830 4467; x_wconf 81' lang='lat' dir='ltr'>proprii</span> <span class='ocrx_word' id='word_1_420' title='bbox 848 4384 1020 4466; x_wconf 81' lang='lat' dir='ltr'>postoris.“</span> 
     </span>
    </p>

    <p class='ocr_par' dir='ltr' id='par_1_11' title="bbox 66 4469 1381 4734">
     <span class='ocr_line' id='line_1_46' title="bbox 143 4469 1376 4554; baseline -0.003 -16"><span class='ocrx_word' id='word_1_421' title='bbox 143 4471 308 4539; x_wconf 89' lang='lat' dir='ltr'>Videlicet</span> <span class='ocrx_word' id='word_1_422' title='bbox 331 4474 444 4553; x_wconf 88' lang='lat' dir='ltr'>pastor</span> <span class='ocrx_word' id='word_1_423' title='bbox 467 4469 626 4552; x_wconf 86' lang='lat' dir='ltr'>proprius,</span> <span class='ocrx_word' id='word_1_424' title='bbox 651 4470 670 4535; x_wconf 89' lang='lat' dir='ltr'>i.</span> <span class='ocrx_word' id='word_1_425' title='bbox 696 4492 722 4535; x_wconf 91' lang='lat' dir='ltr'>e.</span> <span class='ocrx_word' id='word_1_426' title='bbox 748 4471 927 4554; x_wconf 74' lang='lat' dir='ltr'>episcopua,</span> <span class='ocrx_word' id='word_1_427' title='bbox 952 4471 1001 4534; x_wconf 87' lang='lat' dir='ltr'>ius</span> <span class='ocrx_word' id='word_1_428' title='bbox 1017 4470 1117 4534; x_wconf 88' lang='lat' dir='ltr'>habet</span> <span class='ocrx_word' id='word_1_429' title='bbox 1139 4469 1300 4534; x_wconf 89' lang='lat' dir='ltr'>iudicandi</span> <span class='ocrx_word' id='word_1_430' title='bbox 1319 4471 1376 4534; x_wconf 91' lang='lat' dir='ltr'>cri·</span> 
     </span>
     <span class='ocr_line' id='line_1_47' title="bbox 66 4559 1381 4641; baseline -0.005 -12"><span class='ocrx_word' id='word_1_431' title='bbox 66 4565 141 4629; x_wconf 89' lang='lat' dir='ltr'>nina</span> <span class='ocrx_word' id='word_1_432' title='bbox 165 4582 298 4628; x_wconf 88' lang='lat' dir='ltr'>suorum</span> <span class='ocrx_word' id='word_1_433' title='bbox 323 4559 524 4624; x_wconf 89' lang='lat' dir='ltr'>subditorum</span> <span class='ocrx_word' id='word_1_434' title='bbox 543 4564 642 4640; x_wconf 88' lang='lat' dir='ltr'>atque</span> <span class='ocrx_word' id='word_1_435' title='bbox 658 4559 864 4640; x_wconf 88' lang='lat' dir='ltr'>gravioribus</span> <span class='ocrx_word' id='word_1_436' title='bbox 880 4559 1068 4623; x_wconf 87' lang='lat' dir='ltr'>criminibus</span> <span class='ocrx_word' id='word_1_437' title='bbox 1087 4564 1195 4623; x_wconf 88' lang='lat' dir='ltr'>certas</span> <span class='ocrx_word' id='word_1_438' title='bbox 1211 4565 1244 4624; x_wconf 91' lang='lat' dir='ltr'>et</span> <span class='ocrx_word' id='word_1_439' title='bbox 1260 4581 1381 4641; x_wconf 83' lang='lat' dir='ltr'>grave-s</span> 
     </span>
     <span class='ocr_line' id='line_1_48' title="bbox 66 4648 1380 4734; baseline -0.006 -14"><span class='ocrx_word' id='word_1_440' title='bbox 66 4651 276 4734; x_wconf 69' lang='lat' dir='ltr'>paenitentias</span> <span class='ocrx_word' id='word_1_441' title='bbox 299 4649 493 4732; x_wconf 90' lang='lat' dir='ltr'>imponendi.</span> <span class='ocrx_word' id='word_1_442' title='bbox 541 4648 675 4724; x_wconf 85' lang='lat' dir='ltr'>Quando</span> <span class='ocrx_word' id='word_1_443' title='bbox 705 4649 806 4730; x_wconf 89' lang='lat' dir='ltr'>igitur</span> <span class='ocrx_word' id='word_1_444' title='bbox 835 4649 937 4714; x_wconf 88' lang='lat' dir='ltr'>scitur</span> <span class='ocrx_word' id='word_1_445' title='bbox 967 4650 1050 4713; x_wconf 91' lang='lat' dir='ltr'>hanc</span> <span class='ocrx_word' id='word_1_446' title='bbox 1081 4667 1153 4711; x_wconf 89' lang='lat' dir='ltr'>esse</span> <span class='ocrx_word' id='word_1_447' title='bbox 1177 4649 1380 4715; x_wconf 90' lang='lat' dir='ltr'>voluntatem</span> 
     </span>
    </p>

    <p class='ocr_par' dir='ltr' id='par_1_12' title="bbox 1121 4751 1173 4804">
     <span class='ocr_line' id='line_1_49' title="bbox 1121 4751 1173 4804; baseline 0 0"><span class='ocrx_word' id='word_1_448' title='bbox 1121 4751 1173 4804; x_wconf 78' lang='lat'>18*</span> 
     </span>
    </p>
   </div>
   <div class='ocr_carea' id='block_1_7' title="bbox 0 0 1528 5174">
    <p class='ocr_par' dir='ltr' id='par_1_13' title="bbox 0 0 1528 5174">
     <span class='ocr_line' id='line_1_50' title="bbox 0 0 1528 5174; baseline 0 0"><span class='ocrx_word' id='word_1_449' title='bbox 0 0 1528 5174; x_wconf 95' lang='lat' dir='ltr'> </span> 
     </span>
    </p>
   </div>
  </div>
 </body>
</html>
