3044 5174
342 274 475 344 Baptismi
494 275 602 328 iteratio
620 273 791 344 impedienda
809 275 853 329 vel
873 275 1063 344 permittenda.
1293 317 1295 322 .
1320 279 1361 342 45

118 441 161 509 R.
189 446 220 509 2.
257 441 417 509 Attamen
432 444 460 508 si
476 443 627 510 educatio
650 443 751 527 prolis
767 443 954 509 nullatenus
975 443 1051 510 inde
1075 445 1237 528 dependet
1257 465 1363 526 neque

76 531 153 597 risio
171 532 261 597 circa
276 532 503 597 educationem
526 533 591 598 iam
608 532 728 599 instat:
752 537 886 598 tenetur
901 533 1024 598 Thecla
1047 534 1175 615 quidem
1200 534 1363 617 baptismo

76 620 275 688 ›testantico
292 621 455 699 resistere,
479 621 576 704 idque
599 626 669 687 turn
694 623 770 704 quia
786 643 828 688 ex
844 643 880 687 se
896 628 947 689 est
970 622 1168 705 illegitimae,
1194 629 1264 689 tum
1287 623 1364 704 quia

84 711 152 776 hoc
176 732 256 777 casu
278 715 369 776 esset
389 711 553 793 sacrilega
574 711 723 787 iteratim
748 733 863 778 vorum
885 711 914 775 si
936 733 1040 793 grave
1057 712 1186 777 omnino
1210 712 1363 777 damnum

76 805 139 879 net,
165 800 210 865 ad
232 800 408 884 positivam
432 800 513 866 facti
535 800 790 866 declarationem
809 821 874 865 non
897 805 1038 878 tenetur,
1062 801 1204 866 maxime
1227 801 1255 865 si
1278 801 1365 867 forte

107 890 194 955 baec
229 889 361 972 quidem
396 889 574 954 declaratio
608 889 781 972 impediret
815 895 944 974 patrem
976 891 1148 971 quominus
1180 889 1364 955 ministrum

76 979 313 1045 otestanticum
336 978 442 1044 adiret
465 983 502 1043 ut
525 980 554 1042 is
576 979 785 1045 nihilominus
808 1000 866 1044 suo
891 978 955 1045 ritu
980 979 1173 1062 baptizaret.

123 1085 215 1152 Nam
227 1085 392 1152 silentium
402 1084 553 1163 Theclae,
566 1086 594 1150 si
606 1086 763 1170 reprobat
776 1086 972 1170 baptismum
985 1086 1125 1151 ministri
1137 1085 1364 1170 protestantis,

76 1197 99 1240 n
123 1179 178 1240 est
201 1175 349 1240 formalis
370 1175 567 1258 cooperatio,
592 1175 690 1240 immo
706 1195 748 1239 ne
763 1175 831 1240 ulla
854 1175 984 1258 quidem
1000 1175 1188 1259 cooperatio
1211 1174 1365 1259 positiva,

76 1266 93 1329 d
115 1264 190 1330 sola
214 1263 371 1347 negativa
393 1285 451 1330 seu
474 1266 526 1329 est
553 1285 636 1343 ,non
659 1264 815 1348 impedire
839 1269 1010 1348 peccatum
1034 1265 1207 1330 alienum“.
1242 1262 1367 1329 Verum

76 1358 211 1420 ocatum
234 1353 366 1437 reipsa
387 1352 545 1438 impedire
563 1353 687 1419 Thecla
709 1354 767 1418 vix
789 1353 922 1438 poterit,
946 1353 1044 1418 immo
1068 1353 1210 1419 fortasse
1233 1352 1368 1436 augebit

76 1464 97 1509 a
119 1442 356 1521 declaratione,
380 1443 428 1509 ita
452 1446 490 1508 ut
511 1441 720 1525 sacrilegium
743 1442 897 1527 baptismi
920 1442 1042 1522 iterati,
1067 1442 1153 1525 quod
1177 1441 1260 1508 alias
1279 1447 1368 1509 esset

76 1533 158 1600 nito
170 1534 206 1598 et
221 1532 460 1616 protestantico
473 1531 621 1598 ministro
634 1531 806 1598 materiale
817 1535 957 1610 tantum,
970 1531 1102 1598 factura
1113 1536 1203 1597 esset
1218 1531 1366 1628 formde.

124 1638 311 1704 Lacroix
333 1639 355 1706 l.
381 1642 417 1716 6,
448 1660 480 1723 p.
508 1642 543 1717 l,
574 1660 605 1705 n.
631 1641 695 1704 280
725 1639 806 1704 haec
836 1638 937 1703 habet
966 1643 1119 1705 accurate
1146 1639 1189 1704 ad
1218 1643 1367 1704 nostrum

76 1749 169 1794 sum:
198 1728 252 1807 „Si
267 1732 374 1794 mater
388 1729 434 1794 sit
449 1728 611 1794 catholica
626 1733 661 1792 et
683 1732 780 1812 pater
795 1727 1007 1806 acatholicus,
1032 1728 1088 1811 qui
1104 1728 1185 1794 velit
1207 1728 1366 1793 infantem

76 1823 112 1885 st
127 1816 263 1899 aliquod
286 1822 416 1901 tempus
439 1817 599 1902 baptizari
615 1838 635 1882 a
650 1837 709 1882 suo
727 1817 948 1901 praedicante,
971 1819 1103 1883 Loesius
1126 1817 1206 1884 dicit
1228 1822 1368 1883 matrem

76 1928 134 1972 sse
166 1906 277 1972 facere
307 1911 344 1974 ut
372 1907 481 1972 infans
505 1910 605 1973 antea
632 1906 785 1990 privatim
810 1906 995 1990 baptizetur
1018 1907 1193 1984 catholice,
1225 1906 1369 1972 etiama

76 1995 175 2062 uliere
205 1995 235 2061 si
263 1995 348 2061 alius
378 1996 479 2074 desit,
512 1995 589 2079 quia
619 2000 725 2061 mater
755 1996 805 2061 ius
835 1995 935 2061 habet
964 1995 1006 2061 ad
1038 1997 1140 2062 talem
1170 1995 1368 2078 baptismum

76 2085 138 2151 olis
163 2106 253 2164 suae,
277 2086 421 2151 maxime
443 2085 473 2151 si
496 2085 550 2151 diu
566 2089 654 2151 esset
677 2085 919 2167 exspectandus
942 2084 1125 2168 baptismus
1148 2083 1369 2168 praedicantis

76 2197 110 2239 m
144 2174 292 2258 periculo
327 2195 368 2240 ne
402 2179 585 2240 moreretur
617 2173 737 2241 infans.
790 2175 891 2240 Putat
924 2179 1037 2239 tamen
1071 2176 1205 2261 Vcrjuya
1239 2178 1368 2257 patrem

76 2270 155 2330 *stoa
179 2284 253 2329 esse
276 2264 515 2329 admonendum
545 2264 586 2329 de
615 2263 778 2346 baptismo
808 2265 873 2329 iam
898 2263 1035 2340 collato,
1066 2283 1108 2327 na
1131 2264 1273 2328 secunda
1296 2262 1368 2327 vice

76 2352 201 2438 puzan·
225 2352 336 2419 faciat.
385 2354 506 2434 Quodsi
529 2361 606 2418 canet
633 2356 716 2418 iusto
740 2356 824 2418 ratio
848 2353 884 2417 id
907 2353 1076 2434 reticendi,
1101 2360 1207 2438 poseat
1225 2355 1370 2437 permitti

76 2444 200 2508 :cordua
234 2443 419 2528 baptismus.
475 2442 596 2519 Quodsi
631 2441 730 2507 etiarn
765 2445 920 2526 parentes
954 2441 1105 2508 catholici
1142 2438 1268 2526 [ambo]
1304 2462 1369 2505 non

76 2535 178 2597 »ssent
211 2531 281 2597 sine
319 2531 515 2614 gravissimo
549 2532 753 2597 incommodo
787 2532 889 2598 talem
924 2530 1121 2614 baptismum
1156 2530 1369 2597 manifestare

76 2621 185 2687 cilicet
207 2620 236 2685 si
259 2621 389 2703 quando
412 2620 542 2702 iniquae
565 2621 656 2702 leges
680 2625 835 2702 cogerent
860 2623 896 2685 ut
919 2640 1030 2685 omnes
1061 2620 1152 2704 pueri
1176 2641 1196 2686 a
1219 2619 1369 2686 ministro

76 2710 209 2776 cretico
225 2706 497 2794 baptizarentur],
521 2711 685 2775 Aradelcin
701 2709 779 2775 dicit
797 2730 893 2794 posse
909 2709 1016 2786 silere,
1041 2710 1241 2775 ostendendo
1258 2713 1368 2775 tamen

76 2800 125 2865 iod
144 2799 209 2864 sibi
225 2820 290 2864 non
304 2798 437 2882 placeat
451 2798 612 2865 secundus
628 2799 819 2882 baptismus.
855 2798 889 2866 Si
905 2804 1014 2865 autem
1032 2804 1122 2865 certo
1138 2798 1370 2882 praeviderent

76 2911 100 2955 c
122 2888 274 2954 futurum
298 2885 438 2972 [scilicet
460 2888 637 2954 secundum
661 2885 889 2972 baptismum],
914 2888 1025 2969 Lugo
1048 2889 1098 2954 De
1120 2887 1184 2954 fide
1208 2888 1289 2972 disp.
1318 2890 1367 2966 14,

95 2980 162 3043 164
188 2976 267 3042 dicit
294 2977 409 3043 melius
432 2998 505 3042 esse
534 2982 572 3043 ut
600 2977 710 3043 infans
739 2977 829 3061 prius
851 2998 917 3042 non
947 2977 1131 3060 baptizetur
1154 2999 1174 3042 a
1197 2976 1368 3054 catholico,

76 3066 116 3134 u’a
130 3066 265 3132 videtur
287 3066 394 3131 minus
417 3067 538 3131 malum
562 3067 648 3150 quod
670 3067 779 3131 infans
802 3066 987 3149 baptizetur
1005 3066 1047 3131 ab
1070 3065 1246 3145 haeretico,
1271 3087 1369 3148 quam

76 3155 126 3222 iod
149 3155 402 3240 rebaptizetur.“

127 3262 223 3341 Quod
243 3284 324 3329 vero
340 3262 489 3330 ultimum
506 3266 641 3329 notatur
657 3285 677 3327 a
691 3263 783 3343 Lugo
808 3262 940 3340 dictum,
965 3261 1126 3328 innostro
1143 3283 1221 3328 casu
1238 3262 1369 3344 neglegi

76 3357 159 3432 test,
185 3351 264 3435 quia
288 3355 321 3435 1)
344 3354 426 3418 haec
448 3351 556 3435 opinio
572 3372 636 3416 non
652 3357 704 3417 est
728 3356 818 3417 certa
839 3351 897 3416 sed
919 3351 1097 3435 probabilis
1120 3354 1259 3428 tanturn,
1284 3372 1369 3433 quae

76 3442 277 3526 ligationem
301 3463 366 3507 non
388 3441 551 3525 imponat3
584 3441 617 3523 2)
640 3439 721 3505 haec
746 3440 852 3523 opinio
880 3441 1097 3524 proficiscitur
1120 3462 1162 3506 ex
1185 3439 1369 3522 sumptione

76 3532 244 3599 creticum
261 3530 444 3597 ministrum
461 3535 551 3597 certo
570 3530 811 3612 baptizaturum
828 3551 900 3595 esse
916 3529 1039 3596 valide:
1065 3530 1239 3612 quodcum
1256 3535 1369 3595 nostra

76 3625 151 3689 tate
175 3642 254 3687 raro
278 3625 375 3686 extra
397 3620 529 3685 dubium
552 3618 661 3695 fuerit,
685 3619 770 3683 ratio
790 3641 876 3685 nova
892 3619 987 3685 adest
1010 3618 1195 3684 cunctatim
1212 3619 1253 3683 ab
1276 3618 1369 3685 initio

76 3733 98 3777 rr
117 3715 264 3779 matrem
287 3709 501 3794 provideatur
523 3708 685 3792 baptismo
710 3708 869 3774 catholico
894 3708 948 3791 qui
972 3712 1062 3773 certo
1086 3707 1129 3773 sit
1152 3707 1290 3775 validus

484 3918 731 3984 BAPTISMUS
755 3917 930 3984 ADULTI.

613 4084 722 4149 Casus.
742 4092 798 4159 (22)

128 4240 263 4299 Ioannes
285 4235 432 4313 parochus
446 4234 602 4304 Iuditham‚
624 4234 752 4310 puellam
774 4235 932 4292 hebraeam
954 4233 1060 4307 viginti
1076 4233 1194 4291 circiter
1215 4252 1368 4304 annorum,

76 4320 175 4397 templo
198 4320 309 4377 Annae
331 4315 442 4375 sororis
463 4315 640 4390 baptismum
654 4321 804 4391 petentem
825 4314 982 4387 diligenter
1005 4313 1034 4370 in
1054 4315 1142 4371 rebus
1166 4313 1234 4370 fidei
1248 4313 1370 4371 instruit

76 4403 296 4474 strictamque,
326 4403 441 4471 sumpto
469 4396 578 4469 frugali
600 4396 739 4470 prandio,
769 4395 848 4452 eirca
876 4395 994 4452 tertiam
1016 4394 1117 4450 horam
1139 4392 1370 4468 pomeridianam

76 4478 227 4539 illemniter
248 4476 393 4553 baptizat,
415 4476 575 4552 assumptis
591 4477 703 4534 duobus
718 4475 857 4551 patrinis:
880 4475 1008 4543 Andrea,
1031 4474 1079 4548 qui
1102 4474 1159 4530 iani
1181 4473 1262 4547 prius
1284 4493 1370 4548 spon·

76 4559 120 4619 ilia
139 4579 207 4620 cnm
230 4557 353 4618 luditha
374 4563 581 4625 contraxerat,
611 4563 640 4614 et
660 4557 769 4615 Iacobo
792 4555 856 4613 eius
878 4557 978 4613 fratre.
1021 4553 1154 4611 Peractis
1184 4553 1369 4611 caerimoniis

76 4641 222 4718 tellegunt
242 4637 357 4716 patrini
378 4656 416 4696 ex
435 4637 565 4713 parocho
587 4637 826 4713 impedimentum
848 4634 1024 4693 matrimonii
1042 4653 1107 4691 cum
1129 4633 1280 4709 baptizata
1303 4654 1369 4694 con·
