3044 5174
147 307 188 370 54
616 299 657 356 De
674 306 845 357 sacramento
863 302 1001 373 baptismi.

143 478 227 544 zatis
251 479 396 557 oblatos,
430 478 603 544 dummodo
626 477 660 544 in
690 478 828 562 singulis
861 478 991 544 casibus
1014 499 1080 542 non
1109 478 1346 562 praevideatur
1368 480 1472 546 ullum

144 568 260 634 adesse
283 587 388 649 grave
411 566 631 651 perversiunis
658 567 855 651 periculum,
890 572 924 634 61
954 566 1128 632 dummodo
1151 587 1216 632 666
1246 573 1378 635 constet
1412 590 1472 654 pa-

143 660 256 723 166166
287 657 328 722 ob
352 655 619 740 superstitionem
649 657 735 722 filios
758 658 876 723 offerre
907 656 1151 740 baptizandos.“
1179 692 1220 702 -
1245 656 1349 723 Immo
1373 658 1472 742 longe

145 746 280 829 gravius
304 745 436 812 futurae
460 745 653 812 defectionis
668 747 849 829 periculum
865 746 1030 830 praesenti
1054 745 1217 829 baptismo
1237 767 1302 812 666
1327 747 1471 827 obstare,

143 835 173 901 61
203 837 365 902 alteruter
393 840 568 918 parentum
597 835 668 919 ipse
692 835 736 902 sit
759 836 962 920 baptizatus,
995 834 1148 900 docemur
1176 855 1236 919 per
1259 835 1292 902 S.
1317 835 1471 902 Officium

144 924 174 991 d.
209 927 250 989 12
282 924 353 992 Oct.
381 927 485 1002 1600,
520 945 579 989 666
602 926 712 1009 661166
736 946 795 1009 661
817 945 1008 1008 responsum
1033 923 1134 1007 ipsius
1157 924 1276 990 summi
1305 925 1471 1009 pontificis

144 1013 243 1080 01616.
260 1013 355 1090 VIH;
384 1013 576 1097 ,Proposito
597 1014 696 1080 dubio
720 1036 762 1080 an
777 1014 836 1080 filii
857 1014 1029 1079 mulierum
1047 1012 1299 1079 christianarum
1315 1017 1351 1080 et
1365 1017 1471 1099 patris

144 1103 271 1168 'Furcae
295 1155 354 1169 ...
380 1103 447 1168 sint
469 1103 674 1187 baptizandi,
702 1103 847 1170 instante
870 1107 966 1188 66116
988 1102 1042 1168 161
1065 1106 1189 1182 matre,
1221 1123 1293 1168 cum
1317 1108 1416 1188 pater
1437 1104 1468 1169 in

144 1213 321 1275 progressu
344 1192 466 1259 6616116
488 1192 563 1258 illos
585 1192 730 1260 instruat
752 1192 787 1258 in
809 1197 902 1259 secta
924 1193 1166 1271 mahumetana,
1191 1195 1226 1257 et
1248 1191 1306 1257 filii
1329 1192 1471 1261 timeant

144 1302 180 1345 se
202 1281 350 1364 profiteri
380 1281 595 1349 christianos:
620 1281 853 1348 Sanctissimus
882 1281 1003 1348 auditis
1033 1281 1121 1347 votis
1152 1282 1288 1347 decrevit
1309 1283 1470 1368 61116611-

143 1373 395 1438 666161...1ἰ
423 1393 487 1438 non
518 1373 605 1437 adsit
634 1373 788 1438 certitudo
822 1374 1018 1457 apostasiae,
1052 1370 1278 1456 baptizantem·
1308 1370 1338 1436 si
1370 1372 1468 1451 adsit,

144 1459 263 1525 iterum
286 1463 517 1544 6166666166ι
568 1459 616 1528 cf.
646 1462 701 1527 sih.
725 1483 767 1527 m.
791 1460 833 1539 Π,
859 1462 911 1527 82.
936 1462 989 1526 83.

100 1587 135 1641 93
232 1575 272 1640 R.
298 1576 328 1641 6.
382 1573 415 1640 Si
446 1596 526 1641 vero
557 1576 668 1659 agitur
698 1577 738 1641 de
765 1575 841 1641 filiis
871 1575 926 1658 qui
957 1595 1051 1639 usum
1080 1573 1219 1640 rationis
1248 1573 1467 1644 sufficientem

143 1663 210 1729 1661
234 1663 346 1748 adepti
369 1668 463 1744 sunt,
495 1664 529 1729 hi
552 1668 605 1730 aci
627 1667 711 1731 16111
743 1664 909 1730 exsistunt
938 1663 1045 1747 quoad
1075 1682 1115 1728 66
1139 1684 1223 1746 quae
1246 1664 1391 1731 suntad
1414 1687 1468 1732 sa·

144 1753 246 1819 lutem
269 1752 464 1831 6666666116,
488 1759 589 1836 61666
612 1753 713 1820 etiarn
737 1758 852 1820 contra
874 1757 1049 1837 parentum
1072 1753 1293 1832 voluntatem,
1317 1753 1467 1821 simodo

143 1843 226 1908 bene
249 1842 438 1926 praeparati
462 1849 549 1922 sunt,
574 1842 734 1927 baptizari
757 1848 895 1926 possunt
918 1848 953 1908 61
976 1843 1105 1908 debent.

232 1931 461 2011 Nihilominus,
486 1932 514 1997 si
537 1931 655 2014 gravia
669 1932 815 1999 timenda
830 1934 908 1998 sunt
922 1930 1136 2008 incommoda,
1164 1934 1261 1997 extra
1283 1931 1465 2015 periculum

144 2020 258 2087 mortis
281 2042 335 2087 166
358 2020 503 2087 nonnihil
527 2020 649 2087 differri
681 2022 786 2104 deque
816 2021 873 2086 filii
902 2021 1090 2087 constantia
1113 2019 1234 2085 diutine
1257 2021 1466 2104 experimen·

144 2114 214 2176 tum
243 2110 327 2175 sumi
349 2114 476 2194 661661,
507 2110 724 2176 166116611666
754 2111 844 2176 facta
874 2110 915 2175 de
945 2114 1021 2177 actu
1051 2109 1220 2193 perfectae
1251 2110 1403 2177 caritatis
1433 2117 1466 2179 61

144 2199 358 2266 contritionis.
398 2200 518 2264 Lucem
541 2201 638 2265 affert
661 2198 723 2265 hac
745 2200 779 2266 in
809 2221 845 2266 re
868 2221 953 2283 resp.
978 2200 1010 2266 S.
1029 2197 1136 2265 Officii
1159 2198 1189 2264 d.
1215 2202 1254 2264 21
1280 2199 1354 2265 Iulii
1380 2202 1465 2268 1880

144 2289 184 2353 ad
209 2289 367 2353 vicarium
395 2310 446 2372 ap.
470 2288 607 2371 Bengal.
631 2287 688 2370 (ex
710 2288 824 2357 Bomb.
847 2289 1000 2355 Ρ6616161
1025 2289 1162 2354 Gazette
1185 2309 1216 2355 v.
1242 2290 1301 2367 21,
1332 2309 1365 2373 p.
1391 2290 1465 2374 91):

149 2378 219 2454 ,An
242 2382 315 2444 tuto
331 2377 462 2444 admitti
485 2376 591 2461 666611
614 2377 655 2443 ad
679 2377 753 2443 fidei
771 2378 952 2444 catholicae
967 2377 1203 2461 professionem
1222 2377 1333 2461 puella
1355 2379 1468 2446 decem

145 2487 304 2532 annornm
319 2466 353 2533 in
369 2467 568 2533 monasterio
585 2467 717 2548 degens,
735 2467 880 2533 eiusdem
896 2471 991 2551 patre
1007 2466 1173 2533 haeretico
1188 2465 1324 2533 invito.“
1353 2469 1469 2554 Hesp..-

149 2554 266 2633 ,Guret
300 2556 391 2639 prius
430 2555 571 2621 vicarius
606 2577 658 2640 ap.
697 2556 778 2623 totis
812 2556 936 2622 viribus
971 2576 1165 2621 consensum
1198 2555 1303 2639 661116
1337 2557 1469 2641 6661166

146 2645 309 2712 obtinere:
340 2644 369 2709 61
398 2665 576 2711 666666666
606 2667 670 2711 666
702 2646 906 2722 obtineatur,
941 2645 1124 2729 perpendat
1153 2643 1239 2710 66116
1262 2645 1468 2712 incommoda

146 2755 230 2816 quae
254 2754 296 2799 ex
318 2733 397 2800 talis
419 2735 549 2818 puellae
572 2734 769 2800 admissione
794 2735 827 2800 in
850 2735 1032 2800 Ecclesiam
1054 2733 1229 2818 provenire
1252 2734 1469 2818 praevidean-

144 2828 209 2901 tur,
233 2827 303 2889 tum
328 2823 435 2905 quoad
458 2822 638 2908 periculum
660 2824 844 2908 proximum
868 2823 1088 2908 perversioris
1111 2823 1249 2907 puellae,
1273 2828 1345 2890 tum
1362 2825 1470 2908 quoad

145 2933 249 2995 grave
279 2912 432 2978 damnum
464 2912 595 2978 scholae
625 2934 665 2979 66
695 2913 858 2978 missionis
891 2912 1088 2989 catholicae;
1120 2915 1155 2977 61
1183 2918 1347 2995 quatenus
1380 2915 1470 2980 nulla

145 3007 204 3068 661
226 3001 412 3085 spernenda
433 3001 637 3069 incommoda
659 3002 924 3085 praevideantur,
949 3002 1086 3067 eandem
1106 3001 1263 3068 admittat
1278 3001 1349 3068 sine
1366 3024 1467 3069 mora.

146 3091 313 3167 Quatenus
336 3112 415 3156 vero
438 3091 556 3174 gravia
578 3091 834 3175 praevideantur
857 3091 1062 3157 incommoda
1084 3089 1213 3168 futura,
1238 3090 1386 3159 eiusdem
1409 3093 1468 3159 ad·

146 3180 334 3246 missionem
366 3181 407 3246 ad
442 3181 615 3246 formalem
647 3186 681 3248 61
713 3181 875 3264 publicam
907 3180 1142 3264 professionem
1175 3178 1250 3244 fidei
1285 3182 1468 3248 cathohcae

147 3269 294 3346 differat,
325 3269 388 3335 nisi
410 3270 591 3353 periculum
615 3270 730 3336 mortis
753 3269 938 3346 immineat3
967 3275 1002 3335 et
1024 3268 1154 3336 interim
1179 3273 1272 3335 curet
1296 3291 1371 3336 6661
1396 3272 1469 3338 hor·

146 3358 211 3426 tari
236 3365 273 3426 61
295 3358 328 3422 16
352 3359 436 3424 bono
460 3360 628 3443 proposito
651 3362 841 3443 perseveret
864 3363 963 3442 atque
986 3359 1091 3424 Deum
1114 3363 1268 3442 precetur
1295 3363 1333 3426 ut
1358 3361 1470 3428 obsta·

147 3447 221 3513 cula
245 3447 353 3513 omnia
376 3449 507 3514 auferre
536 3449 705 3530 dignetur,
737 3448 897 3529 simulque
928 3452 1020 3513 curet
1051 3453 1088 3514 ut
1117 3447 1246 3530 ipsein
1269 3451 1471 3518 monasterio

147 3558 279 3602 6166616
302 3543 422 3620 pergat
445 3542 480 3603 et
501 3538 563 3605 tali
585 3538 681 3603 modo
705 3559 799 3603 66616
822 3537 1048 3603 educationem
1079 3536 1276 3605 catholicam
1304 3540 1470 3624 compleat

149 3630 183 3693 et
205 3626 384 3710 perficiat.“

235 3715 272 3780 In
296 3736 361 3798 qua
383 3735 420 3780 re
442 3713 475 3779 id
499 3715 603 3780 solum
627 3714 853 3780 anhnadverto
877 3714 910 3779 in
932 3713 999 3779 filio
1021 3714 1153 3780 infideli
1166 3715 1370 3782 admittendo
1387 3716 1471 3783 hano

148 3803 308 3871 rationem
333 3803 433 3871 611661
456 3804 617 3887 potiorem
639 3825 712 3870 esse
735 3826 832 3888 posse
856 3825 939 3886 quae
955 3804 1094 3869 suadeat
1118 3803 1358 3883 admissionem,
1386 3806 1471 3890 quod

146 3891 200 3959 hic
222 3915 264 3958 ne
286 3893 473 3977 baptizatus
503 3892 633 3975 quidem
656 3893 719 3969 sit,
749 3893 807 3959 filii
837 3893 1077 3959 haereticorum
1101 3892 1314 3977 probabiliter
1344 3895 1471 3980 baptis·

148 4004 236 4048 mum
259 3982 323 4049 rite
346 3982 542 4066 acceperint.
590 3982 637 4048 uf.
668 3984 723 4050 Th.
749 3982 854 4055 6611.
881 3985 932 4050 80.

103 4139 138 4194 94
237 4115 290 4179 An
313 4134 504 4191 6666611611
529 4117 568 4178 2·“
593 4115 630 4181 R.
658 4117 687 4182 1.
734 4115 920 4180 Mechtildis
942 4114 976 4179 in
1001 4136 1039 4180 eo
1064 4114 1150 4196 quod
1177 4114 1471 4193 indiscriminatim,

148 4208 309 4287 quotquot
332 4203 495 4270 invenerit
518 4208 673 4285 aegrotos
696 4204 857 4281 infantes,
882 4203 1111 4287 baptizaverit,
1140 4205 1209 4269 zelo
1232 4203 1333 4269 nimio
1357 4209 1395 4273 61
1417 4206 1472 4271 im·

148 4292 301 4378 prudenti
331 4313 391 4357 666
423 4297 484 4359 661.
531 4293 653 4359 Debuit
676 4293 808 4368 66116111,
842 4294 870 4358 61
902 4299 1055 4377 66166166
1085 4292 1181 4357 161111
1213 4299 1325 4372 61661,
1357 4295 1473 4361 adesse

149 4404 252 4465 grave
275 4382 454 4466 periculum
477 4382 593 4448 mortis
612 4402 670 4447 seu
694 4382 825 4447 dubium
842 4383 938 4447 valde
962 4381 1128 4466 probabile
1153 4381 1193 4447 de
1219 4386 1326 4448 morte
1349 4384 1472 4471 reipsa

151 4478 313 4538 secutura.

239 4570 271 4635 Si
294 4570 396 4651 igitur
418 4572 567 4652 tempore
590 4569 696 4634 morbi
724 4569 906 4651 contagiosi
929 4590 1039 4634 omnes
1064 4569 1119 4651 qui
1142 4568 1340 4650 contagione
1364 4573 1471 4639 affecti

149 4665 244 4726 61661
267 4659 495 4742 baptizaverit,
518 4659 552 4724 16
576 4660 637 4725 hoc
660 4659 822 4742 culpanda
839 4680 903 4724 non
927 4659 1005 4733 erit;
1030 4680 1105 4723 nam
1123 4680 1165 4723 ex
1188 4657 1228 4723 iis
1244 4659 1344 4743 longe
1368 4661 1472 4728 maxi-
