3044 5174
272 292 398 346 Minister
416 292 517 363 poenit.
537 322 571 332 -
590 291 711 360 sigillum
729 296 893 347 sacrament.
914 322 947 329 —
966 292 1025 347 eius
1044 292 1165 347 violatio.
1321 299 1384 363 317

54 474 175 537 coacte
200 470 252 534 vel
275 472 365 534 metu
388 469 487 534 etiam
504 467 715 535 reverentiali
730 468 819 544 data,
844 489 949 550 neque
964 474 1176 552 praesumpta
1197 469 1268 534 sive
1284 470 1387 536 inter·

55 559 239 644 pretativa.
286 558 420 624 Gobat
442 558 464 626 l.
489 578 516 623 c.
539 579 572 624 n.
597 558 671 623 830.
698 559 779 634 833;
811 556 923 621 Marc
946 578 977 622 n.
1006 559 1100 624 1866.
1148 558 1305 624 Attamen
1328 581 1386 625 ne-

56 670 151 714 cesse
175 669 241 713 non
264 650 331 724 est,
362 652 400 712 111
429 647 612 730 formaliter
639 647 741 712 cerdis
765 647 876 723 detur,
908 646 1032 712 sufficit
1054 647 1202 725 licentia,
1235 669 1320 729 quae
1344 670 1386 714 ex

57 739 130 822 ipso
154 738 245 803 facto
267 735 467 819 paenitentis
490 740 581 801 certo
605 741 753 819 apparet,
777 757 809 801 v,
826 757 857 817 g.
875 735 902 799 si
918 736 988 819 ipse
1004 735 1175 819 paenitens
1191 743 1288 802 extra
1311 759 1387 803 oon·

57 826 237 892 sessionem
262 847 336 890 cum
359 824 560 890 confessario
590 825 630 889 de
660 846 696 889 re
726 824 940 889 confessionis
970 825 1080 908 coepit
1108 825 1214 907 loqui:
1245 826 1291 906 (in
1322 849 1386 909 quo

58 938 139 982 casu
170 914 377 982 nihilominus
407 913 608 979 confessario
638 934 703 978 non
733 913 812 980 licet
834 912 922 979 aliud
953 913 1134 992 obiectum,
1165 915 1226 979 nisi
1258 916 1387 996 quoda

59 1004 253 1090 paenitente
275 1004 434 1085 tangitur,
458 1002 647 1085 attingere).

149 1093 261 1160 Etiam
285 1092 431 1157 severius
455 1093 577 1157 dictum
600 1113 672 1157 esse
696 1112 832 1168 censeo,
864 1091 951 1173 quod
973 1091 1075 1156 haben
1098 1093 1184 1176 apud
1208 1093 1388 1159 Lacroix

59 1185 80 1248 l.
107 1186 139 1259 6,
163 1205 195 1266 p.
221 1185 251 1258 2,
276 1204 308 1247 n.
335 1183 420 1246 1928
444 1202 487 1245 ex
510 1180 741 1246 Dicastillo
765 1184 799 1245 et
823 1181 1027 1258 Tambur.,
1051 1180 1217 1247 licentiam
1241 1184 1287 1247 od
1307 1186 1386 1267 poli·

59 1277 176 1338 tionem
200 1271 389 1354 confessarii
412 1273 522 1336 dotem
546 1269 761 1335 communiter
790 1270 916 1334 censeri
947 1269 1065 1334 debere
1096 1271 1208 1336 datam
1231 1292 1273 1335 ex
1297 1276 1388 1338 metu

59 1359 284 1437 reverentiali,
301 1361 441 1444 adeoque
457 1361 606 1425 invalide.
640 1359 732 1436 Quod
748 1358 779 1426 S.
800 1359 1022 1442 alphonsus
1038 1359 1206 1442 corrigens
1222 1359 1386 1443 intellegit

60 1451 101 1514 de
125 1449 260 1515 licentia
276 1457 351 1533 poet
373 1452 507 1513 iteratos
527 1470 635 1533 preces
651 1447 780 1513 demum
797 1468 964 1524 concessa,
989 1447 1041 1512 vel
1059 1448 1098 1512 de
1115 1469 1155 1513 ea
1179 1469 1262 1530 quae
1286 1471 1389 1534 appa·

59 1545 135 1605 reat
159 1559 201 1603 ex
224 1538 294 1603 solo
317 1541 406 1603 metu
428 1536 638 1603 reverentiali
662 1537 749 1602 data.
780 1535 914 1617 Alioqui
929 1536 986 1600 vix
1003 1558 1155 1618 umquam
1173 1539 1243 1602 fieri
1268 1543 1388 1622 potest,

61 1633 98 1695 ut
123 1628 221 1693 liceat
244 1648 317 1691 cum
340 1626 472 1692 licentia
495 1625 695 1708 paenitentis
719 1625 766 1691 uti
790 1625 1004 1690 confessionis
1026 1625 1155 1692 notitia.

151 1749 206 1814 An
221 1769 412 1825 andnemun
429 1752 468 1812 2m
484 1748 523 1815 R.
543 1751 571 1814 l.
603 1748 751 1813 Licentia
773 1747 985 1830 restringitur
1008 1748 1138 1813 omnino
1162 1751 1203 1814 ad
1227 1750 1308 1815 illud
1331 1750 1450 1816 811-551

60 1840 182 1904 ieotum
208 1846 242 1904 et
265 1838 306 1903 ad
330 1858 404 1902 eum
428 1859 520 1902 usum
544 1842 579 1903 et
602 1838 644 1902 ad
668 1858 742 1901 eum
765 1837 905 1915 modum,
930 1859 1069 1921 proquo
1092 1839 1225 1906 licentia
1241 1840 1389 1923 81188111-

61 1935 156 1994 tente
180 1928 260 1992 data
282 1931 343 1993 est.

153 2016 285 2082 Scilicet
308 2037 346 2081 eo
371 2016 457 2097 quod
481 2015 521 2079 de
544 2036 609 2080 nna
632 2035 668 2079 re
691 2014 780 2097 loqui
811 2015 982 2098 paenitens
1006 2016 1207 2082 confessario
1231 2017 1389 2101 permisit,

62 2128 128 2172 non
152 2109 263 2188 potest
285 2105 326 2169 de
349 2104 422 2169 aliis
445 2104 543 2169 rebus
565 2105 599 2168 in
622 2103 825 2169 confessione
848 2126 869 2170 a
891 2105 1080 2188 paenitente
1103 2107 1268 2189 perceptis
1289 2107 1388 2189 loqui.

153 2195 203 2259 Eo
227 2194 312 2276 quod
336 2194 379 2258 ad
402 2194 633 2259 consulendum
657 2194 685 2257 B
708 2193 880 2277 paenitens
907 2193 1073 2259 licentiam
1097 2195 1197 2273 dedit,
1222 2196 1389 2262 confessa·

63 2285 132 2350 rius
156 2305 221 2349 non
244 2287 355 2366 potest
378 2282 466 2365 loqui
490 2303 562 2347 curn
587 2283 626 2349 A.

154 2372 238 2437 Dein
254 2371 514 2448 communicatio,
538 2392 635 2453 quam
653 2370 872 2436 confessarius
888 2391 931 2436 ex
952 2371 1086 2437 licentia
1101 2373 1301 2456 paenitentis
1316 2395 1389 2438 curn

63 2463 174 2543 aliquo
198 2461 296 2540 18811,
328 2464 439 2545 potest
462 2482 521 2543 pro
545 2460 717 2526 voluntate
740 2460 940 2545 paenitentis
962 2482 1095 2526 manere
1125 2463 1186 2527 sub
1209 2464 1324 2527 eodem
1347 2464 1391 2528 si·

63 2552 143 2634 gillo
167 2550 419 2627 sacramentali,
444 2550 496 2614 vel
521 2550 581 2614 sub
604 2549 712 2632 sigillo
735 2550 855 2617 secreti
877 2551 1054 2627 naturalia,
1079 2551 1133 2616 vel
1155 2552 1226 2616 sine
1249 2552 1315 2617 ullo
1339 2573 1391 2617 se-

64 2644 165 2707 creto.
213 2640 277 2705 Per
299 2663 332 2704 ae
354 2643 466 2704 autem
489 2643 600 2704 manet
629 2638 772 2720 sigillum
803 2639 901 2704 etiam
932 2661 992 2722 pro
1022 2660 1077 2719 eo,
1109 2641 1164 2723 qui
1194 2662 1236 2706 ex
1259 2641 1392 2707 licentia

65 2728 265 2813 paenitentis
297 2727 496 2804 consulitur,
531 2727 592 2792 nisi
616 2727 798 2811 ,paenitens
830 2732 992 2793 secretum
1025 2731 1236 2796 relaxaverit.
1290 2730 1392 2796 Prout

64 2820 168 2902 igitur
189 2818 361 2900 paenitens
384 2816 550 2883 licentiam
574 2818 664 2883 dedit
687 2838 756 2882 rem
773 2816 1041 2895 communicandi,
1065 2818 1130 2893 ille,
1156 2819 1208 2883 cui
1227 2840 1280 2883 res
1304 2840 1392 2884 com-

65 2908 232 2974 municata
255 2911 320 2984 est,
353 2910 486 2972 tenetur
508 2906 562 2971 vel
592 2905 824 2972 sacramentali
854 2905 978 2989 sigillo,
1010 2906 1062 2971 vel
1092 2908 1235 2973 naturali
1265 2915 1392 2976 secreto

65 2997 249 3074 commisso,
274 2995 328 3061 vel
351 2995 439 3060 nullo
463 3000 601 3061 secreto.
634 2995 753 3073 Quodsi
771 2994 930 3072 ultimum,
955 2995 1056 3061 etiam
1072 2996 1291 3062 confessarius
1307 2997 1392 3062 circa

65 3109 138 3152 eam
162 3107 234 3151 rem
255 3085 375 3151 secreti
398 3105 463 3149 non
487 3084 628 3168 amplius
652 3088 793 3151 tenetur.

155 3192 195 3258 R.
221 3195 251 3258 2.
296 3192 446 3256 Adverto
468 3195 580 3255 tamen
610 3191 697 3256 circa
720 3210 848 3267 casnm,
880 3211 943 3271 quo
974 3190 1146 3275 paenitens
1176 3190 1394 3256 communica·

64 3282 206 3358 tionem,
238 3301 296 3363 per
325 3279 562 3345 confessarium
592 3280 692 3346 tertio
717 3279 845 3344 cuidam
868 3279 1068 3356 faciendam,
1099 3281 1172 3346 vult
1201 3281 1261 3345 sub
1285 3281 1393 3362 sigillo

65 3370 299 3436 sacramentali
321 3389 455 3434 manere
478 3371 634 3441 clausam,
659 3369 691 3433 id
707 3369 882 3434 convenire
898 3369 1038 3451 quidem,
1063 3370 1192 3450 quando
1209 3374 1330 3452 agatur
1353 3371 1394 3435 de

65 3459 203 3526 consilio
226 3479 247 3524 a
269 3459 417 3524 doctiore
439 3457 593 3540 theologo
617 3459 671 3523 vel
695 3479 715 3522 a
738 3457 906 3541 superiore
930 3458 1104 3541 capiend03
1136 3460 1193 3524 sed
1223 3460 1250 3524 si
1275 3463 1396 3541 agatur

10 3576 21 3621 1
66 3551 104 3615 de
128 3549 263 3631 negotio
288 3570 360 3613 cum
377 3548 545 3614 extraneis
568 3548 752 3625 tractando,
776 3568 868 3612 sume
885 3568 915 3612 v.
933 3568 964 3628 g.
983 3547 1149 3628 negotium
1166 3550 1394 3627 rest'tutionis,

67 3659 166 3722 saepe
197 3659 261 3701 non
284 3637 438 3720 expedire
461 3636 629 3720 negotium
652 3637 732 3702 illud
756 3658 829 3701 cum
852 3641 926 3702 arta
948 3636 1005 3702 illa
1030 3637 1163 3703 licentia
1185 3639 1394 3704 tractandum

67 3727 243 3810 suscipere.
289 3726 397 3802 Quare
424 3732 494 3791 turn
517 3725 655 3791 liberum
685 3731 736 3792 est
766 3725 984 3802 confessario,
1016 3726 1184 3792 declarare
1215 3728 1395 3810 paenitenti

68 3839 101 3882 se
132 3837 206 3881 cum
239 3818 335 3881 tanta
357 3814 566 3881 restrictione
588 3815 669 3880 illud
691 3814 859 3896 negotium
891 3815 924 3879 in
956 3836 992 3879 se
1024 3836 1153 3881 sumere
1185 3838 1249 3881 non
1282 3839 1394 3901 posse:

68 3906 198 3988 quando
222 3904 323 3987 igitur
351 3904 524 3988 paenitens
547 3904 645 3970 aliter
667 3905 766 3982 nolit,
798 3904 899 3987 ipsius
930 3925 1017 3983 esse,
1050 3905 1150 3970 alium
1174 3907 1311 3986 eligere,
1345 3906 1396 3972 cui

68 3997 128 4060 hoc
152 3993 319 4076 negotium
342 3994 527 4061 demandet.

157 4119 212 4182 Aa
235 4138 426 4194 oneasrruu
446 4122 485 4183 3¹¹¹
501 4118 540 4182 R.
561 4121 588 4181 l.
621 4118 708 4182 Male
732 4117 800 4199 egit
823 4118 994 4183 Maternus
1018 4119 1075 4183 vix
1100 4141 1164 4183 non
1188 4141 1229 4184 ex
1253 4119 1457 4184 omnium558

13 4180 21 4285 ,¹
68 4207 244 4284 sententia,
268 4206 429 4288 laesitque
453 4229 495 4272 ex
519 4206 684 4273 sententia
706 4208 803 4288 longe
827 4208 1046 4272 communiore
1070 4213 1104 4273 et
1127 4208 1161 4272 in
1183 4209 1278 4291 praxi
1303 4210 1396 4274 unice

13 4294 16 4313 ¹
68 4298 212 4364 tenenda
235 4296 378 4378 sigillum
402 4297 657 4372 sacramentale,
692 4296 768 4378 quia
791 4297 846 4360 ille
870 4296 1075 4361 consiliarius
1099 4318 1171 4360 oum
1196 4297 1396 4362 confessario

11 4412 15 4445 1
67 4408 167 4452 unam
192 4386 428 4467 quodammodo
452 4385 534 4450 facit
556 4406 746 4468 personam,
777 4385 819 4450 ad
850 4406 946 4467 quam
977 4386 1149 4468 paenitens
1178 4386 1325 4468 confugit
1356 4388 1397 4452 ad

67 4475 237 4558 negotium
250 4474 388 4540 suumin
402 4475 557 4540 tribunali
569 4474 817 4540 sacramentalis
829 4475 1042 4540 confessionis
1054 4475 1117 4541 rite
1130 4477 1397 4558 componendum.

10 4580 13 4664 1
67 4566 185 4648 Neque
210 4564 372 4649 praesumi
398 4569 509 4647 potest
531 4563 751 4647 paenitentem
777 4564 874 4629 aliter
896 4565 1065 4630 relaxasse
1089 4570 1268 4642 secretum,
1300 4587 1396 4648 quam

67 4661 105 4722 ut
128 4660 332 4721 tractaretur
355 4675 418 4730 ree,
443 4653 518 4718 dum
543 4653 697 4719 iudicium
720 4654 960 4720 sacramentale
983 4655 1046 4722 rite
1070 4654 1169 4721 fuerit
1187 4654 1324 4731 finitum,
1349 4654 1398 4719 id·
