3044 5174
499 288 500 292 ’
594 271 801 327 Sacramentum
820 272 992 327 matrimonii

733 487 869 557 Solutio.

73 649 126 705 995
226 641 278 705 An
295 660 487 715 ouansrruu
513 644 549 705 lm
577 641 616 707 lt.
637 644 664 707 1.
704 640 856 723 Hyginus
879 638 907 705 si
930 639 1070 704 sumitur
1091 637 1237 703 validum
1259 637 1461 704 contraxisse

135 728 395 804 matrimonium,
426 750 491 794 non
521 733 632 813 potest
661 728 708 794 uti
732 729 905 814 privilegio
928 727 1081 805 Paulino,
1112 726 1176 792 nisi
1205 731 1337 794 constet
1374 747 1458 792 suun

136 839 280 902 suaeque
303 817 415 883 uxoris
438 818 637 901 baptismum
661 818 878 884 acatholicum
901 817 1005 883 fuisse
1018 816 1208 882 invalidum.
1240 816 1328 882 Nam
1353 817 1459 883 matri·

136 907 279 973 monium
311 906 489 972 infidelium
523 928 581 972 seu
616 927 680 972 non
716 907 973 991 baptizatorum,
1009 928 1074 972 non
1107 926 1188 971 vero
1222 905 1460 971 matrimonium

138 996 368 1072 christianum,
393 995 456 1060 etsi
479 996 735 1070 haereticorum,
763 997 797 1061 in
820 996 969 1062 favorem
991 995 1066 1060 fidei
1089 993 1174 1060 solvi
1197 998 1318 1078 potest.
1369 995 1460 1060 Vide·

136 1086 215 1153 licet
237 1085 291 1167 qui
308 1084 547 1168 non-baptizati
564 1086 606 1151 ad
623 1085 835 1152 christianam
851 1085 947 1151 tidem
962 1088 1137 1151 transeunt
1152 1088 1252 1166 atque
1268 1084 1461 1168 baptismum

137 1174 333 1256 suscipiunt,
357 1174 384 1238 si
408 1178 544 1258 propter
567 1175 650 1240 hanc
673 1196 743 1239 rem
767 1175 821 1240 vel
844 1175 885 1240 ab
909 1175 1014 1239 altero
1037 1173 1176 1255 coniuge
1198 1172 1462 1257 derelinqurmtur

137 1264 192 1329 vel
223 1263 376 1328 recedere
409 1267 571 1344 coguntur
603 1263 644 1347 ob
675 1268 830 1345 negatam
859 1264 1026 1348 pacificam
1057 1261 1353 1341 cohabitationem,
1383 1263 1462 1345 iique

137 1353 198 1418 soli
230 1352 263 1416 in
287 1352 436 1418 favorem
460 1352 537 1418 fidei
559 1352 712 1418 fruuntur
735 1353 896 1419 facultate
918 1351 1050 1417 ineundi
1073 1351 1149 1417 novi
1173 1351 1391 1430 matrimonii,
1419 1353 1461 1417 ita

137 1445 175 1508 ut
204 1440 265 1507 hoc
287 1440 439 1507 ineuntes
462 1463 584 1507 novum
607 1442 850 1508 matrimonium
873 1439 1117 1509 matrimonium
1141 1441 1233 1524 prius
1262 1440 1394 1507 irritum
1417 1441 1461 1506 ia·

137 1529 227 1597 ciant
249 1551 308 1595 seu
330 1530 472 1597 solvent.

226 1628 264 1693 n.
290 1629 320 1694 2.
367 1628 459 1693 Haec
482 1631 593 1694 autem
616 1627 760 1693 facultas
784 1648 867 1711 quae
891 1631 1030 1694 vocatur
1052 1625 1259 1711 privilegium
1282 1626 1462 1703 Paulinum,

137 1719 252 1801 utpote
283 1717 324 1782 ab
354 1716 426 1800 ipso
459 1719 475 1781 1
501 1716 572 1782 Cor.
605 1718 641 1795 7,
676 1719 806 1782 12-15
836 1716 1055 1801 propositum,
1085 1716 1134 1781 ita
1162 1715 1238 1781 fidei
1269 1715 1463 1782 christianae

137 1826 301 1871 annexum
333 1808 385 1871 est
415 1809 452 1870 ut
481 1805 562 1888 ipsis
584 1805 625 1871 iis
647 1805 762 1873 faveat
798 1806 853 1888 qui
881 1807 923 1871 ab
951 1804 1145 1871 infidelitate
1169 1803 1209 1870 ad
1232 1809 1361 1871 sectam
1385 1805 1462 1871 chri·

138 1895 281 1961 stianam
304 1893 506 1961 haereticam
528 1893 723 1961 transierint
746 1900 846 1978 atque
874 1894 920 1960 ibi
948 1894 1013 1960 rite
1035 1892 1158 1960 fuerint
1188 1894 1362 1980 baptizati,
1394 1893 1462 1976 quia

137 2004 198 2067 per
220 1985 282 2049 hoc
311 1984 455 2048 nondum
485 1983 615 2065 quidem
645 1983 775 2066 integre
797 1983 984 2050 voluntaria
1014 1983 1158 2061 actione,
1190 1986 1340 2049 attamen
1373 1984 1463 2067 pleno

137 2075 209 2138 iure
232 2093 331 2138 verae
353 2072 429 2137 fidei
452 2075 553 2155 atque
577 2093 676 2138 verae
698 2073 774 2139 fidei
797 2073 961 2157 praeconi,
985 2071 1154 2139 Ecclesiae
1175 2070 1305 2147 Christi,
1329 2072 1462 2139 subiecti

137 2165 222 2228 sunt.
270 2161 317 2226 Cf.
342 2182 426 2244 quae
450 2161 538 2229 dicta
562 2166 639 2228 sunt
662 2184 762 2246 supra
785 2183 851 2229 cas.
877 2165 941 2229 260
965 2183 996 2228 n.
1023 2164 1097 2229 891.

75 2297 127 2352 996
226 2284 279 2349 An
302 2304 494 2359 eucnemon
525 2287 564 2349 2⁰⁰
594 2284 633 2350 R.
659 2288 688 2352 1.
736 2287 936 2372 Sumpsimus
966 2283 1090 2368 Hygini
1119 2281 1365 2349 matrimonium
1397 2304 1462 2351 esse

137 2373 292 2439 validum.
339 2371 419 2451 Sed,
451 2397 529 2439 num
558 2376 599 2439 eit
622 2397 657 2439 re
680 2397 772 2454 vero,
801 2373 834 2439 id
866 2373 973 2457 ipsum
1002 2373 1223 2456 quaerendum
1253 2375 1314 2440 est.
1370 2372 1463 2439 Ratio

138 2461 307 2527 dubitandi
338 2483 410 2526 esse
439 2467 551 2545 potest
574 2485 616 2527 ex
639 2467 735 2548 parte
762 2462 914 2546 baptismi
944 2461 1041 2529 dubii.
1088 2461 1126 2526 ln
1149 2460 1261 2526 ordine
1285 2461 1328 2527 ad
1352 2462 1464 2528 matri·

138 2551 280 2615 monium
303 2550 480 2615 ineundum
503 2552 725 2636 praesumitur
749 2552 878 2634 quidem
904 2550 1100 2635 baptismum
1125 2550 1386 2619 Protestantium
1410 2571 1465 2617 va·

138 2639 238 2705 lidum
262 2661 344 2717 esse,
370 2641 471 2706 donec
495 2646 586 2707 certo
609 2642 766 2725 probetur
789 2641 998 2706 contrarium.
1031 2639 1064 2706 Si
1087 2639 1188 2721 igitur
1210 2643 1344 2706 constat
1367 2641 1466 2706 alter·

138 2729 242 2796 utrius
258 2728 404 2811 coniugis
427 2730 626 2813 baptismum
645 2729 746 2795 fuisse
769 2729 958 2806 invalidum,
983 2727 1119 2795 alterius
1139 2728 1193 2793 vel
1209 2731 1299 2794 certo
1319 2729 1465 2795 validum

138 2819 190 2884 vel
213 2840 277 2884 non
305 2824 394 2885 certo
417 2817 616 2884 invalidum:
640 2818 884 2886 matrimonium
907 2817 1032 2902 Hygini
1054 2817 1233 2884 invalidum
1258 2822 1311 2884 est
1335 2839 1379 2883 ex
1403 2819 1465 2884 dis·

136 2907 280 2992 paritate
304 2908 419 2974 cultus

227 3006 266 3070 R.
292 3008 322 3073 2.
362 3004 438 3070 Alia
461 3004 545 3070 ratio
569 3008 621 3070 est
645 3026 686 3070 ex
710 3009 804 3088 parte
826 3003 1112 3070 clandestinitatis.
1152 3004 1230 3069 Cum
1255 3003 1392 3070 Parisiis
1414 3005 1466 3070 lex

139 3094 332 3161 Tridentino
355 3093 468 3176 vigeat
490 3115 596 3177 neque
619 3094 743 3160 abolita
766 3095 810 3159 sit
832 3114 891 3178 pro
916 3092 1105 3160 acatholicis
1128 3092 1319 3176 baptizatis:
1344 3093 1465 3176 Hygini

139 3183 390 3261 matrimonium,
415 3183 500 3265 quod
520 3189 610 3250 certe
627 3187 830 3249 contractum
849 3183 985 3248 estsine
1001 3182 1189 3266 praesentia
1204 3181 1338 3265 parochi
1355 3183 1466 3250 catho-

138 3273 208 3351 lici,
241 3293 299 3357 pro
323 3272 467 3338 invalido
494 3272 678 3337 habendum
702 3276 769 3348 est,
803 3271 851 3338 ita
875 3276 911 3337 ut
942 3272 1010 3337 eius
1040 3293 1125 3338 novo
1155 3271 1365 3337 matrimonio
1390 3271 1465 3338 nihil

137 3364 256 3428 obstet.
308 3363 364 3429 Th.
388 3385 429 3428 m.
454 3361 495 3439 Il,
523 3364 596 3429 782.

76 3497 127 3547 997
225 3485 278 3547 An
301 3505 493 3559 oonssrrun
518 3488 557 3548 3⁰
580 3484 618 3550 R.
666 3482 772 3549 Aliter
795 3484 835 3548 de
859 3504 958 3548 causa
979 3483 1186 3549 iudicandum
1209 3487 1277 3561 est,
1302 3482 1331 3549 si
1355 3484 1465 3568 agitur

139 3573 178 3638 de
202 3572 410 3638 matrimonio
433 3573 466 3637 in
492 3573 667 3639 Germania
691 3573 743 3637 vel
767 3573 932 3639 inDania
954 3578 1167 3639 contractum.

227 3661 346 3739 Quodsi
377 3662 410 3726 in
440 3662 547 3728 Dania
578 3662 799 3739 contrahitur,
835 3661 982 3727 defectus
1012 3661 1137 3727 formae
1167 3661 1381 3728 Tridentinae
1411 3682 1465 3726 seu

138 3751 386 3817 clandestinitas
417 3752 605 3817 nullatenus
636 3753 747 3817 obstat
777 3751 899 3828 valori,
931 3750 1091 3832 siquidem
1121 3751 1177 3816 lex
1199 3749 1395 3817 Tridentina
1425 3749 1465 3815 ibi

140 3861 202 3904 non
233 3846 284 3907 est
313 3840 495 3923 publicata,
527 3844 626 3924 prout
656 3861 676 3905 a
705 3839 818 3905 concil.
850 3839 938 3905 Trid.
969 3840 1219 3924 praescribitur,
1258 3844 1295 3904 ut
1325 3840 1382 3905 lex
1413 3840 1465 3904 illa

137 3929 271 3998 irritans
295 3930 416 3995 valeat.

228 4020 264 4083 ln
289 4017 464 4085 Germania
494 4022 641 4101 tempore
672 4016 900 4100 publicationis
924 4016 1106 4084 Tridentini
1136 4016 1262 4083 concilii
1292 4017 1408 4083 multis
1436 4016 1466 4081 in

137 4107 218 4173 locis
241 4109 469 4174 Protestantes
492 4108 676 4172 habuerunt
706 4127 800 4171 suum
829 4105 996 4188 religionis
1026 4107 1219 4173 exercitium
1247 4110 1348 4188 atque
1372 4127 1465 4191 sepa·

138 4201 244 4261 ratam
270 4197 463 4262 societatem
485 4195 690 4277 religiosam:
715 4216 826 4276 quare,
851 4195 981 4260 etiamsi
1003 4195 1048 4261 ibi
1071 4197 1127 4261 lex
1145 4194 1338 4261 Tridentina
1362 4196 1464 4280 publi·

140 4291 215 4351 cata
239 4290 299 4363 est,
324 4286 356 4350 id
380 4306 438 4369 pro
463 4284 632 4351 catholicis
651 4284 853 4362 factumest,
877 4306 942 4350 non
958 4305 1017 4368 pro
1034 4285 1242 4351 acatholicis:
1268 4292 1466 4371 quapropter

139 4375 238 4441 etiam
262 4375 306 4440 ibi
330 4374 538 4442 matrimonia
560 4374 798 4440 haereticorum
823 4375 875 4438 vel
900 4374 1005 4440 mixta
1029 4375 1099 4439 sine
1122 4374 1312 4457 praesentia
1335 4373 1465 4459 parochi

139 4465 289 4530 catholici
314 4469 391 4530 sunt
414 4464 533 4529 valida.

227 4553 264 4617 In
289 4553 368 4619 locis
392 4575 470 4618 vero
502 4552 556 4617 ubi
586 4551 758 4617 acatholici
789 4555 858 4617 tum
882 4551 1039 4635 temporis
1063 4555 1250 4635 separatam
1276 4552 1465 4618 societatem

140 4642 326 4724 religiosam
360 4643 545 4723 cultumque
576 4640 739 4724 publicum
764 4662 827 4705 non
850 4640 1032 4720 habebant,
1064 4662 1106 4706 ex
1135 4640 1328 4723 sequidem
1359 4662 1465 4708 eorum
