3044 5174
147 298 189 361 98
244 363 247 368 .
667 293 709 348 De
726 311 763 350 ss.
783 295 956 351 eucharistia.
1065 275 1068 279 ,

84 479 136 533 174
234 470 273 536 R.
299 473 319 534 4
343 470 385 534 ad
416 478 565 556 quartam
588 490 716 548 casum,
748 470 935 553 Ludgerum
958 471 1109 537 debuisse
1132 472 1224 555 leges
1247 472 1420 540 Ecclesiae
1440 473 1474 539 in

145 558 270 626 Rituali
292 559 381 625 latas
404 560 591 636 observare,
615 581 678 625 non
703 560 877 642 corrigere.
916 560 1041 626 Eadem
1064 562 1246 629 auctoritas
1269 582 1356 645 quae
1379 583 1475 647 prae·

144 647 275 732 scripsit
290 647 444 722 ieiunium
460 648 612 714 naturale
628 648 840 732 praescripsit
860 649 893 714 in
908 649 1072 734 baptismo
1088 650 1191 718 adulti
1206 651 1258 719 sal
1273 652 1474 734 gustandum

146 742 181 804 et
202 737 411 803 nihilominus
433 741 550 821 postea
572 737 814 821 percipiendam
837 759 880 805 ss.
905 738 1147 806 eucharistiam.
1194 739 1314 807 Omnia
1336 761 1419 824 ergo
1440 741 1474 806 in

145 831 218 894 tuto
242 826 350 910 posita
373 831 479 902 erunt,
503 825 532 891 si
555 826 782 894 observaverit
805 827 974 911 Ludgerus
997 827 1167 896 Rubricas.

235 916 385 982 Ceterum
416 914 528 999 accipe
559 916 645 981 circa
675 916 759 982 hanc
790 937 859 982 rem
889 937 1081 1000 responsum
1104 917 1136 985 8.
1160 917 1280 1001 Congr.
1300 919 1353 985 ‘de
1374 918 1473 1002 Prop.

145 1004 225 1070 Fide
249 1005 279 1071 d.
300 1005 329 1071 d.
351 1007 390 1070 13
406 1005 500 1071 Febr.
521 1006 623 1070 1806:
652 1004 746 1081 ,Sale
762 1026 783 1070 a
798 1006 1040 1072 catechumenis
1063 1005 1096 1070 in
1119 1006 1295 1074 collatione
1317 1007 1474 1093 baptismi

146 1093 332 1161 adultorum
363 1097 578 1177 praegustato
609 1093 672 1161 etsi
701 1092 855 1160 ieiunium
884 1093 994 1177 frangi
1024 1093 1192 1172 videatur,
1223 1096 1333 1162 adhuc
1362 1100 1474 1164 tamen

146 1183 270 1248 nullum
300 1181 432 1248 dubium
462 1187 514 1248 est
544 1182 621 1265 quin
651 1182 693 1247 ad
723 1205 748 1248 6.
774 1183 1048 1262 66666616666,
1078 1188 1232 1269 suscepto
1262 1184 1474 1270 baptismate,

147 1271 276 1339 admitti
308 1271 450 1355 possint,
482 1271 580 1337 immo
605 1292 683 1337 vero
713 1272 871 1338 debeant:
902 1272 951 1339 ita
973 1272 1105 1340 omnino
1127 1274 1293 1353 Ecclesia,
1324 1274 1359 1341 in
1383 1275 1476 1341 cuius

146 1363 314 1446 potestate
329 1365 380 1426 est
403 1382 424 1428 a
439 1360 586 1444 generali
609 1361 683 1442 lege
707 1360 816 1426 ieiunii
832 1360 1039 1427 eucharistici
1054 1363 1097 1429 ab
1119 1362 1261 1447 ipsamet
1283 1362 1324 1431 iis
1339 1364 1475 1432 inducta

36 1471 42 1483 ·
147 1450 202 1532 qui
237 1454 335 1516 extra
368 1450 483 1516 mortis
522 1449 701 1533 periculum
735 1471 760 1516 6.
797 1450 1055 1518 communionem
1090 1451 1236 1536 recipere
1270 1452 1408 1539 cupiunt
1442 1453 1474 1519 in

147 1538 365 1622 peculiaribus
389 1538 518 1604 casibus
541 1537 741 1622 dispensare,
764 1539 798 1603 in
822 1539 945 1605 Rituali
967 1540 1116 1606 Romano
1138 1540 1397 1624 praescribente,
1421 1543 1474 1609 611

148 1627 246 1695 ritum
271 1628 374 1695 tradit
396 1649 458 1711 quo
482 1627 665 1713 baptismus
688 1627 809 1693 adultis
833 1628 1049 1695 conferendus
1072 1628 1145 1697 sit.“
1186 1632 1244 1698 ua.
1269 1653 1310 1698 m.
1329 1630 1373 1709 H,
1400 1634 1474 1698 162.

368 1827 580 1894 IEIUNIUM
602 1827 782 1893 Lausum
804 1827 835 1892 A
858 1828 1251 1898 COMMUNIGATURO.

718 1992 829 2059 16666.
849 2002 908 2068 (50)

238 2134 391 2195 Conradus
412 2132 543 2192 rusticus
564 2138 686 2210 peracta
708 2133 894 2193 confessione
916 2133 1099 2194 confessario
1130 2134 1202 2194 dicit
1229 2154 1263 2194 se
1290 2154 1397 2214 parum
1417 2137 1476 2197 ius·

150 2215 209 2274 culi
229 2221 384 2290 gustasse;
407 2214 465 2273 nisi
487 2213 564 2272 enim
586 2213 615 2270 id
637 2213 749 2285 fecerit,
773 2233 805 2272 66
827 2213 984 2289 deliquium
1005 2234 1163 2291 passurum
1185 2234 1280 2292 neque
1301 2236 1325 2276 6.
1348 2237 1474 2278 commu·

149 2297 267 2354 aionem
288 2294 440 2372 percipere
461 2313 566 2370 posse:
589 2313 679 2369 quare
701 2313 733 2352 66
755 2299 877 2369 putasse
898 2294 927 2352 id
949 2294 1006 2353 sibi
1027 2300 1097 2354 ante
1118 2294 1354 2356 communionem
1374 2297 1474 2358 licere.

149 2377 223 2434 Eum
252 2394 322 2434 vere
350 2375 461 2434 dixisse
493 2374 631 2450 probavit
663 2378 801 2444 eventus,
836 2392 917 2445 cum,
954 2375 1137 2435 confessario
1166 2375 1326 2449 suadente,
1359 2379 1474 2456 experi-

148 2460 280 2515 mentum
302 2455 406 2514 fecerit
427 2453 562 2531 sequenti
584 2453 646 2524 die,
675 2473 848 2529 quamquam
877 2455 1018 2513 sacerdos
1045 2460 1181 2532 paratum
1207 2475 1276 2516 sese
1297 2456 1477 2519 exhibuerat

150 2537 187 2595 ad
209 2555 232 2595 6.
255 2534 487 2594 communionem
507 2532 609 2592 statim
631 2533 845 2609 porrigendam.

240 2614 494 2674 constantiolam
516 2632 697 2690 perannum
720 2619 750 2672 et
771 2614 849 2672 ultra
863 2616 965 2672 morbo
988 2614 1106 2674 laborat
1126 2614 1176 2691 qui
1196 2635 1261 2674 666
1283 2616 1366 2677 exire
1388 2618 1477 2678 diune

150 2695 278 2755 ieiunam
299 2714 419 2754 manere
440 2714 499 2753 non
521 2693 671 2770 permittit.
708 2693 775 2752 Una
796 2694 928 2752 alterave
949 2694 1030 2765 vice,
1053 2714 1119 2754 cum
1139 2694 1291 2756 videretur
1312 2696 1476 2774 periculum

150 2776 305 2845 exsistere,
327 2775 473 2852 parochus
495 2775 522 2833 61
544 2793 603 2832 666
623 2773 739 2832 1616666
761 2773 841 2832 dedit
861 2793 884 2833 6.
907 2774 1147 2835 communionem.
1176 2775 1287 2835 Verum
1309 2796 1376 2837 cum
1397 2799 1476 2839 nuno

148 2855 256 2915 iudicio
282 2855 387 2914 medici
417 2854 578 2931 periculum
608 2873 669 2911 non
698 2853 754 2923 sit,
783 2854 854 2912 licet
881 2856 999 2913 morbus
1021 2874 1074 2931 per
1094 2874 1189 2914 annos
1210 2861 1241 2915 et
1262 2875 1358 2917 annos
1379 2861 1478 2936 possit

148 2935 300 3012 protrahi,
321 2935 469 3012 parochus
491 2935 629 3009 scrupulo
651 2933 708 2991 sibi
729 2933 811 2992 ducit
831 2953 889 2992 nou
911 2934 1028 2993 ieiunae
1050 2936 1120 2993 dare
1141 2955 1182 2995 ss.
1203 2936 1417 2998 eucharistiam
1437 2971 1475 2981 ·-

149 3016 226 3092 quod
248 3034 355 3091 magno
377 3014 505 3073 maerori
526 3020 572 3073 est
587 3012 780 3073 constantiae
802 3033 836 3072 eo
858 3015 934 3089 quod
955 3034 992 3072 66
1013 3015 1044 3073 16
1059 3015 1207 3074 Ρ6661616
1228 3016 1476 3092 6611666666-

149 3096 315 3155 munionem
337 3095 433 3173 possit
454 3112 579 3153 sumere.

151 3211 327 3280 Quaaarrua
350 3213 379 3268 1ο
399 3214 521 3268 rectene
542 3209 727 3268 sustineatur
747 3209 906 3286 prohibitio
928 3210 1088 3270 sumendae
1103 3231 1142 3270 ss.
1157 3212 1358 3273 eucharistiae
1378 3214 1410 3274 in
1432 3235 1478 3275 ca·

400 3291 490 3349 sibus.

351 3391 381 3446 2⁰
402 3388 470 3464 quid
492 3388 522 3446 in
544 3387 580 3447 iis
602 3388 642 3446 sit
663 3387 882 3447 consulendum.

745 3578 880 3645 Solutio.

92 3734 142 3787 175
242 3722 293 3786 An
316 3741 507 3797 Quausrruu
534 3723 571 3784 1ω
594 3719 633 3785 R.
661 3721 688 3784 1.
736 3718 884 3784 Conrado
908 3727 997 3787 certe
1021 3742 1085 3785 non
1115 3721 1207 3788 licuit
1237 3728 1316 3791 ante
1339 3746 1365 3792 s.
1391 3748 1480 3793 corn·

152 3810 336 3876 munionem
350 3809 472 3891 aliquid
488 3813 632 3890 gustare,
646 3808 732 3890 quia,
747 3808 935 3890 ceteroquin
952 3831 1052 3875 66666
1064 3813 1098 3875 61
1114 3812 1276 3889 robustus,
1289 3815 1481 3883 nullatenus

152 3899 437 3984 comprehenditur
451 3918 585 3961 numero
602 3918 714 3961 eorum
737 3919 818 3978 quos
839 3898 889 3961 ius
905 3898 1037 3982 excipit,
1062 3899 1082 3966 i.
1100 3919 1127 3965 e.
1145 3899 1177 3964 in
1200 3902 1346 3984 periculo
1362 3905 1481 3972 mortis

152 3990 286 4075 positos.
322 3988 438 4069 Neque
455 3985 674 4051 confessarius
691 4007 796 4068 neque
816 3987 978 4070 parochus
996 3988 1046 4053 vel
1063 3988 1247 4056 ordinarius
1269 3992 1380 4075 potuit
1396 3994 1481 4060 hanc

151 4079 344 4145 facultatem
369 4098 434 4158 qua
457 4075 571 4140 liceret
594 4097 658 4139 non
682 4074 788 4140 ieiuno
813 4075 1050 4142 communicare
1072 4078 1218 4144 Conrado
1243 4082 1435 4151 concedere.

241 4185 280 4251 R.
299 4188 329 4251 2.
364 4184 440 4248 8166
464 4182 570 4260 dubi0,
596 4181 725 4264 quando
742 4182 935 4247 Constantia
957 4182 989 4246 in
1013 4184 1172 4267 probabili
1196 4187 1312 4252 mortis
1335 4191 1481 4273 periculo

153 4275 343 4349 exsistebat,
367 4272 459 4337 licuit
482 4271 512 4336 ei
535 4293 599 4336 non
622 4269 750 4336 ieiunae
773 4293 799 4337 s.
823 4273 1079 4338 communionem
1103 4273 1191 4353 dare,
1216 4274 1313 4359 idque
1337 4281 1480 4365 saepius,

152 4365 180 4429 si
204 4362 396 4429 Constantia
419 4360 451 4425 id
474 4360 569 4444 petiit
593 4364 627 4425 et
650 4360 837 4441 ceteroquin
863 4366 935 4426 erat
958 4362 1125 4445 disposita.

242 4470 280 4534 R.
306 4473 336 4535 3.
376 4469 541 4533 Parochus
565 4471 632 4532 tam
658 4467 711 4530 diu
736 4468 1367 4549 661611066616611666661616666.
1393 4497 1480 4543 oom-

153 4559 336 4623 munionem
361 4558 455 4634 dare,
490 4558 564 4622 dum
589 4565 669 4622 certo
693 4557 871 4640 periculum
895 4579 988 4622 omne
1013 4559 1164 4625 cessavit.
1212 4560 1372 4630 Cessante
1396 4566 1479 4631 omni

153 4648 307 4732 periculo,
333 4648 463 4712 morbus
480 4668 544 4712 non
568 4646 768 4730 periculosus
791 4647 841 4711 ius
857 4669 921 4712 non
945 4647 1060 4713 tribuit
1084 4654 1159 4730 post
1182 4650 1308 4716 laesum
1325 4653 1479 4721 ieiunium
