3044 5174
82 277 122 342 12
535 275 576 331 De
593 274 773 332 sacramentis
791 273 951 343 generatim.

79 456 218 532 utroque
251 450 336 516 enim
369 472 446 516 casu
480 450 620 517 habetur
652 450 727 516 unio
760 472 800 517 ea
834 471 898 533 qua
930 450 1128 516 intimiorem
1159 448 1310 516 Ecclesia
1341 471 1404 516 non

78 540 235 625 postulat.
282 538 355 606 Etsi
388 539 473 604 enim
507 539 541 604 in
574 544 779 606 sacramento
812 540 974 605 unctionis
1006 539 1152 605 Ritualia
1185 560 1244 624 per
1276 540 1404 622 signum

78 630 101 711 †
131 630 173 694 ad
203 649 316 694 vocem
346 632 523 694 aridiorem
555 629 739 712 significent
771 631 831 713 ibi,
864 628 884 696 i.
917 650 944 695 e.
975 629 1030 694 ubi
1060 628 1147 695 actio
1176 628 1319 694 ministri
1348 649 1403 694 ex·

78 717 240 801 primitur,
265 738 337 783 esse
361 739 492 783 sensum
517 719 719 801 ungendum:
747 722 858 784 tamen
881 716 915 782 in
938 722 1145 783 sacramento
1170 717 1326 802 baptismi
1348 739 1405 782 ex-

80 828 191 892 presse
214 811 365 872 monetur
387 828 452 872 non
475 807 517 873 ad
533 828 647 872 vocem
674 806 849 893 „baptizo‘¹,
872 807 931 871 sed
955 807 996 872 ad
1020 827 1143 886 vocem,
1166 804 1318 889 „Potris“
1343 811 1403 873 etc.

79 917 198 978 aquam
222 917 295 961 esse
317 896 533 965 fundendam:
564 917 643 980 ergo
667 896 842 981 applicatio
866 896 1025 961 materiae
1048 895 1148 962 etiam
1170 899 1247 978 post
1269 896 1405 961 verbum

79 1006 142 1068 quo
166 985 253 1051 actio
276 984 416 1051 ministri
440 985 645 1068 significatur
668 985 799 1051 omnino
824 989 876 1051 est
899 985 1072 1051 sufficiens.

167 1092 206 1158 R.
232 1096 262 1159 2.
297 1091 417 1158 Unctio
433 1092 490 1157 illa
512 1092 546 1157 in
569 1114 634 1174 qua
650 1092 710 1158 sub
726 1113 806 1157 voce
833 1091 1030 1175 „pervisum
1054 1090 1237 1174 deliquisti“
1257 1090 1406 1157 minister

78 1181 144 1247 iam
173 1181 343 1248 transierit
366 1182 409 1247 ad
431 1181 601 1264 ungendas
624 1203 721 1247 aures
750 1204 814 1247 non
845 1190 888 1246 eet
917 1183 1027 1247 valido
1053 1203 1115 1267 pro
1144 1182 1403 1264 reaccenditur,

79 1280 217 1336 adamas
239 1273 385 1336 minister
429 1271 573 1337 ‘ualidum
594 1271 670 1353 fecit
693 1274 870 1336 cadmiam
894 1273 1075 1351 oratorum
1097 1290 1297 1352 quamquam
1321 1269 1404 1335 enim

78 1359 237 1425 materiae
253 1359 506 1443 applicationem
529 1360 595 1425 iam
612 1360 800 1426 absolverat
816 1364 894 1425 ante
915 1358 1043 1424 formae
1065 1360 1173 1436 finem,
1197 1363 1310 1425 tamen
1334 1362 1405 1425 tota

78 1448 184 1515 forma
199 1448 396 1530 iungebatur
411 1449 494 1514 satis
510 1469 672 1533 superque
689 1469 761 1513 cum
777 1448 930 1514 unctione
946 1448 1123 1526 oculorum,
1148 1447 1210 1514 etsi
1225 1447 1260 1512 in
1277 1447 1404 1515 actione

78 1558 297 1622 praepropere
320 1537 556 1604 ministeriam
579 1539 668 1604 ultra
690 1558 885 1621 progressus
908 1542 990 1602 erat.
1029 1536 1137 1602 Dubia
1160 1536 1262 1603 etiam
1286 1537 1406 1604 mansit

77 1627 187 1693 unctio
211 1626 354 1705 aurium,
386 1626 415 1692 si
437 1626 586 1708 Agritius
609 1626 754 1693 sistendo
778 1627 812 1690 in
834 1625 1041 1692 unctionibus
1067 1634 1138 1711 poet
1169 1634 1281 1691 cudae
1311 1648 1404 1692 acras

77 1715 240 1781 addiderit
271 1715 445 1781 formulam
478 1718 552 1781 braic
580 1715 725 1782 unctioni
757 1714 1074 1798 correspondentem.
1129 1715 1162 1780 Si
1194 1735 1274 1780 vero
1308 1735 1404 1781 unam

78 1805 206 1886 quidem
226 1825 339 1871 aurem
354 1807 450 1871 unxit
473 1805 515 1870 ad
531 1825 646 1871 vocem
664 1803 801 1888 ‚‚oiece“‚
826 1804 894 1882 sed,
919 1823 1059 1888 pergens
1082 1803 1116 1868 in
1139 1803 1404 1888 pronuntiatione

77 1893 203 1959 formae
227 1916 285 1978 pro
309 1895 461 1961 unctione
485 1896 622 1972 aurium,
646 1893 773 1960 interea
796 1894 935 1959 alteram
959 1913 1071 1959 aurem
1095 1891 1204 1969 unxit,
1230 1892 1270 1958 de
1295 1913 1404 1959 sacra·

76 1983 212 2050 mentali
236 1983 388 2050 unctione
411 1984 474 2051 rite
498 1989 633 2067 peracta
656 1983 770 2066 nequit
792 1981 945 2049 dubitari.

168 2089 207 2155 R.
232 2092 263 2154 3.
300 2088 334 2155 si
350 2089 500 2172 Agritius
523 2089 739 2172 pronuntians
762 2089 903 2154 formam
926 2087 1081 2170 baptismi
1097 2087 1319 2153 continuando
1336 2088 1402 2153 sine

77 2179 143 2243 ulla
159 2199 252 2253 mora
274 2178 442 2245 subiunxit
463 2180 603 2256 „Amen“
631 2182 665 2244 et
688 2179 730 2243 ad
753 2179 837 2243 hanc
854 2199 966 2242 vocem
988 2198 1107 2258 aquam
1131 2177 1260 2255 infudit,
1287 2198 1400 2243 censeo

76 2268 274 2351 baptismum
299 2268 419 2333 valere.
466 2266 669 2349 Quamquam
693 2267 778 2333 enim
809 2267 842 2331 in
864 2266 973 2349 rigore
998 2265 1140 2347 „ernest
1166 2287 1230 2331 non
1261 2267 1402 2350 pertinet

76 2357 117 2422 ad
141 2356 281 2421 formam
305 2378 410 2438 neque
433 2357 466 2420 in
490 2355 614 2421 Rituali
637 2355 819 2432 invenitur,
851 2354 1058 2420 nihilominus
1081 2355 1222 2420 formam
1246 2356 1401 2438 quodam·

76 2446 171 2511 modo
196 2445 371 2511 reassumit
401 2450 434 2510 et
465 2467 537 2509 cum
561 2445 720 2510 materiae
743 2445 961 2529 applicatione
990 2443 1039 2511 ita
1062 2445 1226 2510 connectit
1256 2448 1294 2511 ut
1323 2446 1400 2510 haec
1442 2462 1444 2469 ·

77 2535 140 2600 duo
164 2534 328 2600 elementa
352 2533 539 2617 insignum
563 2555 662 2599 unum
686 2534 883 2601 coalescant.

166 2623 199 2688 Si
215 2644 294 2688 vero
318 2623 444 2688 morula
460 2623 569 2704 aliqua
591 2622 692 2688 fuerit
715 2623 897 2699 interiecta,
922 2622 987 2686 iam
1011 2621 1144 2687 dubium
1160 2621 1294 2703 aliquod
1317 2622 1401 2688 circa
1441 2572 1444 2681 l

75 2713 220 2777 valorem
251 2719 419 2788 movetur;
453 2716 487 2779 et
520 2712 669 2794 quoniam
703 2711 856 2794 baptismi
887 2717 1128 2777 sacramentum
1159 2712 1203 2777 sit
1233 2712 1316 2776 adeo
1348 2732 1400 2778 ne·

75 2802 261 2879 cessarium,
279 2822 374 2866 sacra
386 2801 472 2868 actio
484 2801 594 2885 potius
605 2803 665 2866 sub
678 2801 864 2866 condicione
877 2805 965 2866 esset
980 2800 1139 2866 iteranda.
1169 2801 1225 2866 lb.
1238 2823 1279 2869 m.
1294 2800 1336 2880 ΙΙ,
1353 2803 1414 2868 13..

164 2908 202 2974 R.
228 2911 259 2974 4.
306 2907 342 2972 In
371 2906 549 2991 penultimo
573 2928 667 2985 casu,
698 2907 726 2971 si
750 2907 815 2973 alia
838 2927 930 2972 mora
953 2928 1019 2971 non
1043 2911 1094 2971 est
1123 2905 1315 2984 interiecta,
1347 2907 1400 2972 sed

76 2996 190 3063 statim
225 3001 362 3081 accepta
397 3017 483 3077 aqua
517 2995 665 3078 Agritius
703 2996 844 3062 formam
879 2996 1055 3080 complevit
1090 3016 1272 3077 aquamque
1307 2995 1399 3072 fudit,
1439 3046 1444 3103 Ι

76 3086 204 3151 validus
239 3085 303 3151 dici
338 3086 434 3152 debet
469 3085 659 3169 baptismus.
714 3085 800 3151 Nam
836 3086 866 3166 l)
899 3108 989 3151 moro
1019 3085 1105 3150 inter
1134 3088 1247 3169 partes
1277 3083 1400 3151 formae
1442 3108 1444 3149 ε

76 3179 150 3240 erat
172 3175 321 3252 minima3
354 3175 388 3257 2)
412 3175 514 3240 verba
543 3174 716 3240 interiecta
744 3195 847 3256 eaque
876 3195 982 3258 pauca
1011 3175 1108 3258 plane
1131 3173 1339 3258 apparebant
1369 3179 1402 3241 ut
1440 3154 1444 3301 4

77 3269 237 3330 extranea
266 3285 372 3346 neque
403 3263 506 3346 ipsius
536 3262 661 3329 formae
691 3285 822 3328 sensum
852 3267 1067 3347 corruperunt
1096 3263 1148 3328 vel
1182 3267 1401 3330 mutaverunt.
1442 3304 1444 3309 ·

81 3354 138 3420 Th.
163 3376 204 3419 m.
229 3352 270 3432 Π,
299 3356 349 3420 14.

167 3451 206 3516 R.
231 3453 262 3517 5.
297 3450 336 3514 In
359 3449 473 3517 ultimo
490 3471 577 3526 casu,
602 3449 628 3514 si
646 3446 795 3533 Agritius
819 3449 941 3533 incepit
965 3454 1093 3516 tantum
1115 3470 1192 3533 „per
1207 3450 1398 3516 Dominum“

78 3544 112 3606 et
136 3540 248 3605 statim
272 3561 344 3605 sese
360 3539 528 3621 corrigens
551 3542 675 3604 rectam
700 3538 839 3603 formam
856 3539 1041 3622 complevit,
1066 3538 1123 3603 illa
1146 3539 1287 3622 paucula
1303 3542 1403 3606 verba

79 3630 179 3695 etiam
203 3650 275 3694 curn
291 3649 373 3694 voce
396 3629 453 3693 illa
479 3627 640 3711 „utique“‚
665 3649 749 3710 quae
773 3649 813 3693 ne
836 3633 906 3694 tum
930 3627 1059 3710 quidem
1084 3627 1111 3692 si
1135 3649 1194 3711 per
1216 3629 1402 3710 loquentem
1442 3654 1444 3693 ι

79 3718 120 3783 ad
144 3719 283 3783 formam
307 3718 516 3784 traherentur
539 3738 669 3782 sensum
694 3717 914 3783 essentialiter
936 3721 1118 3794 mutarent,
1143 3738 1216 3782 mea
1239 3719 1403 3786 sententia
1442 3720 1444 3729 '

78 3807 184 3872 valom'
214 3807 411 3872 sacramenti
443 3828 508 3872 non
540 3808 688 3882 obstant;
722 3827 823 3887 quare
856 3828 972 3872 censeo
1004 3807 1202 3891 baptismum
1234 3828 1300 3872 non
1334 3829 1402 3874 esse
1439 3756 1444 3911 l

78 3896 273 3962 iterandum.
290 3931 334 3941 -
353 3896 473 3962 Fateor
495 3901 606 3963 tamen
630 3895 876 3961 convenientius
899 3896 1044 3962 futurum
1069 3896 1170 3960 tuisse
1193 3895 1220 3960 si
1244 3895 1401 3979 Agritiua
1442 3944 1444 3949 -

79 4008 151 4051 eum
168 3986 357 4051 adverteret
373 4006 525 4064 errorem,
551 3989 656 4051 totam
672 3985 811 4050 formam
828 3985 981 4068 baptismi
997 3986 1038 4050 ab
1054 3985 1145 4050 initio
1163 3987 1401 4070 resumpsisset.

392 4175 593 4235 ΑΤΤΕΝΤΙΟ
615 4175 798 4235 MINISTRI
818 4177 869 4235 ΕΤ
891 4174 1090 4236 ΙΝΤΕΝΤΙΟ.

658 4334 768 4398 Casus.
788 4341 827 4409 (6)
1438 4220 1444 4461 ι

160 4475 327 4533 Amslricus
357 4474 387 4531 in
410 4473 652 4532 administrandis
674 4475 888 4545 sacramentis,
920 4494 956 4532 ne
989 4480 1085 4544 erret,
1118 4493 1233 4550 semper
1263 4485 1399 4538 accurate

79 4553 152 4629 legit
173 4575 211 4613 ex
226 4554 354 4623 Rituali3
378 4555 431 4613 sed
452 4555 508 4613 boc
529 4556 594 4631 ipso
615 4557 653 4612 ab
674 4552 811 4611 habenda
833 4556 997 4613 attentione
1022 4554 1179 4630 impeditur
1201 4561 1230 4614 et
1252 4565 1321 4632 post·
1342 4579 1401 4636 per·

80 4641 178 4694 actum
210 4653 327 4693 sacrum
354 4634 443 4694 ritum
471 4636 558 4711 plane
586 4654 646 4693 non
674 4634 846 4692 recordatur
874 4642 971 4694 utrum
999 4654 1032 4693 re
1060 4655 1132 4693 uera
1161 4636 1286 4696 formum
1307 4660 1401 4700 sacre·
