3044 5174
467 287 702 342 Sacrameutorum
721 287 908 343 condicionata
926 286 1060 358 repetitio.
1410 292 1428 356 7

50 462 53 487 '
103 467 344 530 sacramentnm
367 485 493 530 summe
516 463 737 530 necessarium
761 486 803 530 cx
833 464 920 531 datis
949 464 1071 547 regulis
1094 468 1243 548 repetere
1269 463 1330 528 sub
1354 483 1431 529 con·

103 552 227 618 dicione
251 553 346 619 licet:

187 641 223 723 a)
246 642 280 706 in
311 642 409 707 dubio
438 645 538 723 ‘iuria
569 643 698 724 quando
730 642 855 726 opinio,
889 663 973 725 quae
1002 642 1124 707 habeat
1153 642 1244 707 illum
1275 645 1309 707 et
1338 640 1430 705 illum

100 731 290 814 baptizandi
312 731 443 796 modum
466 752 526 815 pro
550 731 693 796 invalido
710 733 762 796 vel
787 731 894 810 dubio,
921 753 984 796 non
1001 735 1052 798 est
1075 736 1189 815 aperte
1212 731 1314 805 falsa3
1339 729 1373 811 b)
1397 730 1431 795 in

99 821 197 885 dubio
228 822 326 902 sccii,
359 820 386 886 si
420 820 569 899 dubium,
606 841 671 902 quo
703 820 839 887 timetur
868 842 909 886 ne
939 820 1057 903 aliquis
1088 820 1272 887 essentialis
1301 819 1335 883 in
1365 818 1431 885 ritu

99 908 251 976 defectus
282 909 474 974 commissus
503 910 564 987 sit,
594 908 722 975 ratione
754 910 864 992 aliqua
893 909 1010 976 nititur
1040 930 1124 992 quae
1152 912 1292 975 nonest
1321 928 1431 973 merus

96 1019 155 1064 seu
187 997 295 1063 inanis
326 1001 507 1082 scrupulus.
559 999 615 1064 Th.
648 1021 689 1063 m.
715 998 764 1076 ΙΙ,
801 1002 859 1075 16;
892 998 974 1064 alies
1005 1003 1157 1065 auctores
1191 1020 1291 1082 supra
1313 996 1430 1063 lauda·

97 1094 151 1155 tos
175 1109 208 1153 n.
235 1091 266 1154 4.

188 1193 229 1261 R.
255 1195 285 1260 2.
319 1192 352 1258 Si
370 1193 567 1277 baptismum
582 1198 734 1277 repetere
750 1194 811 1259 sub
826 1193 1014 1260 condicione
1030 1196 1109 1276 licet,
1131 1193 1313 1276 generatim
1330 1192 1430 1259 etiam

97 1303 173 1348 eum
199 1287 351 1367 repetere
374 1283 484 1367 potius
507 1283 606 1349 debes
630 1305 728 1366 quam
751 1304 810 1367 pro
834 1282 928 1349 libitu
952 1283 1113 1350 omittere.

188 1405 244 1470 Au
267 1425 459 1481 qunnsrrun
476 1408 515 1470 3¹¹¹
538 1405 577 1471 R.
598 1408 626 1472 1.
662 1406 827 1471 Decianus
846 1410 937 1473 recte
952 1427 1018 1470 non
1034 1405 1103 1488 egit
1126 1404 1212 1487 quod
1235 1403 1456 1471 indiscrimi·9

98 1492 205 1561 natim
236 1497 271 1560 et
303 1494 373 1559 sine
402 1492 612 1576 inquisitione
645 1494 826 1579 baptismos
858 1494 1059 1579 repetiverit.
1106 1494 1144 1559 ln
1174 1494 1311 1576 singulis
1344 1492 1430 1558 enim

96 1582 231 1649 casibus
254 1582 481 1665 inquirendum
505 1588 566 1649 est.
614 1583 822 1650 Solummodo
846 1584 874 1648 si
904 1588 1039 1669 propter
1061 1583 1292 1649 necessitatem
1322 1582 1430 1665 bapti·

96 1672 195 1738 zandi
226 1693 285 1737 seu
315 1673 461 1738 securius
491 1671 679 1756 baptizandi
707 1673 740 1737 in
769 1671 885 1738 mortis
914 1673 1058 1756 periculo
1088 1675 1218 1756 tempus
1247 1670 1431 1753 inquirendi

96 1763 209 1838 deest,
241 1761 294 1827 vel
323 1761 351 1826 si
375 1782 417 1826 ex
441 1761 696 1828 circumstantiis
719 1762 886 1843 colligitur
915 1762 1157 1844 inquisitionem
1181 1762 1304 1826 nullam
1333 1781 1430 1845 posse

97 1850 330 1917 certitudinem
347 1850 487 1928 efficere,
514 1851 627 1917 statim
644 1852 684 1916 ad
702 1852 915 1935 repetendum
939 1852 1137 1935 baptismum
1153 1854 1264 1934 potest
1287 1850 1428 1934 procedi.

96 1941 187 2005 Nam
204 1939 238 2005 S.
256 1938 407 2006 Officium
422 1939 519 2004 modo
542 1939 711 2006 laudatum
727 1961 792 2005 non
808 1940 1004 2024 praescribit
1026 1939 1314 2022 investigationem
1331 1939 1429 2005 aliam

96 2029 160 2094 nisi
188 2049 267 2112 „pre
290 2032 438 2113 tempore
461 2033 496 2094 et
518 2029 663 2094 locorum
686 2029 846 2095 ratione“.

187 2135 229 2200 R.
248 2137 278 2201 2.
304 2135 444 2201 Omnino
461 2134 530 2217 egit
545 2135 658 2201 illicite
670 2136 835 2201 Decianus
852 2135 1060 2220 rebaptizans
1076 2155 1148 2200 eum
1166 2155 1262 2216 quem
1278 2134 1341 2200 rite
1358 2155 1378 2200 a
1393 2155 1429 2200 se

95 2225 302 2309 baptizatum
326 2228 422 2309 pater
437 2224 509 2308 ipse
531 2228 676 2291 testatus
693 2226 745 2291 sit.
782 2225 868 2290 Nam
892 2231 988 2308 pater
1002 2245 1260 2290 neo-conversus
1275 2228 1310 2289 et
1333 2224 1430 2289 homo

97 2313 251 2379 excultus
281 2312 314 2377 in
344 2312 406 2378 hoc
437 2334 516 2378 casu
539 2318 611 2380 erat
640 2314 737 2379 testis
768 2314 855 2379 omni
886 2313 1079 2398 exceptione
1102 2313 1222 2392 maior,
1253 2312 1324 2396 qui,
1356 2334 1429 2378 cum

96 2401 331 2484 gravissimum
361 2402 423 2467 hoc
453 2403 621 2485 negotium
652 2403 788 2469 edoctus
816 2407 921 2479 esset,
953 2408 1043 2469 certe
1066 2403 1171 2469 noluit
1200 2424 1269 2468 rem
1299 2401 1430 2467 dubiam

96 2512 157 2575 pro
182 2495 275 2557 certa
297 2491 480 2568 affirmare,
513 2492 608 2573 eique
631 2492 828 2557 credendum
852 2497 938 2569 erat,
969 2514 1042 2557 cum
1066 2492 1247 2558 affirmaret
1274 2511 1310 2556 se
1333 2491 1430 2574 plane

96 2584 189 2646 certo
221 2579 388 2645 recordari
417 2580 573 2664 baptismi
598 2602 618 2646 a
641 2601 677 2646 se
708 2580 830 2647 collati.
854 2618 898 2625 —
922 2581 1007 2646 Hinc
1038 2580 1199 2646 obiective
1222 2580 1430 2662 sacrilegium

95 2690 201 2753 grave
226 2668 388 2736 commisit
410 2668 593 2746 Decianus,
625 2674 659 2735 et
682 2669 710 2734 si
733 2670 935 2736 sollemniter
957 2669 1038 2735 fecit
1060 2670 1113 2734 vel
1137 2670 1280 2754 publice,
1312 2668 1431 2735 timent

95 2759 230 2841 quidem
250 2758 433 2842 complures
456 2779 498 2824 ne
520 2759 711 2841 irregularis
736 2759 895 2834 evaserit3
920 2759 978 2824 sed
1001 2759 1059 2824 illa
1080 2759 1308 2841 irregularitas
1324 2779 1430 2840 neque

95 2851 148 2914 est
172 2847 339 2932 completa
362 2869 466 2930 neque
491 2852 592 2925 certa,
617 2869 656 2913 eo
681 2848 766 2930 quod
789 2848 997 2932 rebaptizans
1019 2846 1239 2913 condicionem
1266 2848 1428 2932 apposuit,

95 2942 134 3002 ut
157 2957 261 3021 supra
284 2936 316 3001 in
340 2936 449 3019 priore
473 2958 552 3002 casu
576 2937 697 3002 dictum
722 2941 783 3005 est.
834 2938 891 3003 Th.
917 2961 956 3003 m.
981 2937 1022 3013 ll,
1050 2940 1146 3006 1006.
1448 2944 1450 2950 '

187 3041 228 3108 R.
254 3045 284 3108 3.
332 3042 439 3107 Minus
471 3042 570 3109 etiam
600 3049 691 3109 recte
722 3044 792 3127 egit
814 3044 944 3110 Decius.
991 3043 1078 3109 Nam
1108 3047 1146 3108 ut
1176 3042 1340 3108 cotidiana
1371 3050 1473 3108 err-10

95 3131 260 3213 parientia
276 3132 380 3208 docet,
401 3131 494 3198 multi
511 3131 652 3197 ministri
669 3132 842 3199 acatholici
859 3154 963 3215 neque
979 3132 1151 3198 materiam
1168 3153 1273 3214 neque
1288 3133 1428 3196 formam

95 3219 320 3286 essentialiter
342 3226 495 3298 servant,
527 3221 614 3302 iique
637 3221 736 3286 etiam
765 3223 820 3303 qui
849 3221 881 3285 in
906 3221 1068 3286 Christum
1093 3221 1230 3286 credunt
1253 3221 1428 3303 aliquando

95 3309 132 3373 in
158 3309 270 3374 debita
292 3311 451 3375 materiae
475 3310 694 3394 applicatione
717 3311 799 3377 satis
822 3310 935 3376 incurii
960 3311 1176 3394 reperiuntur.
1212 3310 1329 3391 Neque
1347 3310 1429 3375 adeo

94 3398 275 3464 temeraria
298 3403 350 3464 est
373 3398 550 3476 dubitatio,
582 3421 659 3464 num
683 3400 769 3464 iortc
793 3399 816 3464 ii
846 3399 901 3481 qui
925 3400 1044 3465 Christi
1069 3399 1275 3465 divinitatem
1306 3403 1429 3481 negant

96 3495 192 3574 atque
223 3489 374 3570 oderant,
406 3487 468 3554 etsi
499 3488 707 3554 servaverint
736 3489 907 3554 materiam
932 3493 967 3555 et
996 3489 1152 3568 formam,
1183 3487 1217 3552 in
1246 3488 1428 3554 intentione

95 3575 211 3642 debita
241 3576 414 3645 defuerint.
445 3616 490 3624 -
520 3577 746 3660 interrogetur
775 3577 876 3660 igitur
906 3579 976 3663 ipse
1007 3577 1246 3644 convertendus
1278 3577 1355 3659 quid
1388 3578 1427 3643 de

95 3664 248 3731 ministro
273 3670 306 3731 et
330 3666 369 3730 de
393 3688 452 3731 suo
476 3666 637 3750 baptismo
662 3666 794 3744 sentiat,
820 3671 920 3749 atque
943 3667 1016 3733 aliis
1040 3667 1143 3732 modis
1167 3666 1360 3747 inquiratur.

187 3755 273 3819 Hinc
296 3759 386 3839 puto,
413 3757 445 3838 1)
468 3755 496 3820 si
520 3756 623 3821 scitur
645 3756 800 3840 baptismi
822 3757 1007 3822 ministrum
1030 3755 1132 3820 fuisse
1154 3755 1272 3822 Christi
1297 3778 1425 3839 osorem,

94 3844 254 3909 ulteriore
283 3843 492 3927 inquisitione
522 3844 620 3911 etiam
653 3845 789 3922 omissa,
820 3844 1019 3929 baptismum
1049 3844 1109 3908 sub
1140 3843 1330 3910 condicione
1354 3865 1427 3910 esse

94 3932 302 4005 iterandum:

187 4023 222 4103 2)
247 4022 309 4087 etsi
326 4021 474 4087 minister
490 4023 691 4087 acatholicus
714 4023 814 4089 fuerit
837 4023 943 4098 homo,
970 4022 1023 4104 qui
1040 4021 1184 4103 alioquin
1200 4021 1327 4086 sincere
1350 4044 1426 4105 pro-

95 4111 210 4184 cedat,
244 4111 335 4176 cuius
365 4116 476 4178 tamen
507 4112 689 4194 personalis
720 4112 879 4194 cognitio,
913 4133 996 4193 quae
1029 4111 1265 4177 dubitationem
1297 4132 1426 4176 omnem

94 4200 237 4277 auferat,
263 4221 327 4265 non
350 4201 519 4276 habeatur,
544 4201 742 4284 baptismum
761 4203 820 4266 sub
845 4201 1032 4266 condicione
1056 4200 1239 4266 iterandum
1256 4222 1338 4273 esse,
1363 4200 1426 4265 nisi

93 4289 211 4355 haberi
235 4288 361 4372 possint
384 4297 475 4354 testes
498 4288 584 4369 iique
607 4291 670 4354 fide
694 4290 782 4372 digni
808 4289 1005 4371 (generatim
1027 4289 1153 4354 nonnisi
1170 4288 1344 4369 catholici),
1370 4289 1423 4369 qui

94 4379 135 4444 de
170 4379 233 4444 hoc
266 4377 425 4460 singulari
459 4378 622 4460 baptismo
656 4380 789 4461 eiusque
824 4379 889 4445 ritu
923 4379 1143 4444 essentialiter
1175 4382 1266 4442 recte
1289 4382 1424 4461 peracto

94 4468 208 4534 (licant
230 4467 463 4534 testimonium.

183 4558 229 4624 at
245 4578 281 4622 rc
298 4578 386 4633 vera,
404 4577 601 4638 quamquam
617 4556 785 4622 Romanae
801 4557 1073 4638 congregationes
1089 4556 1246 4621 damnant
1269 4553 1423 4637 baptismi

94 4647 325 4733 repetitionem
357 4669 389 4711 eo
420 4647 509 4710 titolo
542 4646 664 4711 factam
696 4646 781 4727 quod
814 4647 902 4729 prior
931 4645 975 4712 sit
1005 4647 1046 4710 ab
1077 4644 1241 4710 haeretico
1272 4644 1422 4713 collatus,
