3044 5174
387 302 391 317 ¹
462 297 578 354 Ordines
595 299 676 355 socri.
694 328 730 338 —
748 300 862 356 Vocatio
881 301 983 356 divina.
1112 383 1114 388 Ι
1317 299 1381 372 399

57 477 165 542 minus
189 476 232 542 ad
255 476 492 542 sacerdotalem
515 479 639 544 statum
662 478 839 544 ascendere
861 478 977 557 liceat,
1002 481 1117 561 utpote
1140 499 1276 561 quocum
1301 479 1383 545 obli-

59 566 212 649 gationes
234 565 320 631 aliae
343 565 409 630 iam
433 565 632 633 exsistentes
655 567 804 651 componi
827 589 891 633 non
914 567 1051 652 possint.

148 691 203 755 Ar>
226 709 418 766 onsnsmun
442 692 482 753 2³
503 690 543 756 R.
571 693 599 756 1.
639 689 767 773 Regula
789 693 970 758 absolvendi
992 691 1181 758 habituatoe
1210 691 1265 774 qui
1296 692 1443 776 aspi-697

59 781 135 844 rant
159 778 202 844 ad
225 799 338 844 sacros
361 778 501 857 ordines,
525 778 709 846 formaliter
731 780 845 845 eadem
869 786 920 847 eet
943 787 1043 864 atque
1063 781 1178 864 regula
1194 780 1383 847 absolvendi

60 872 189 933 ceteros
211 867 410 945 habituatos,
435 867 650 934 materialiter
673 872 725 934 eat
747 869 893 933 nonnihil
916 869 1054 935 diversa.

149 974 294 1060 Explica
333 973 528 1040 Formaliter
551 973 664 1039 eadem
688 976 803 1056 regula
825 975 858 1040 in
882 975 1029 1041 omnibus
1053 997 1093 1041 ea
1116 981 1183 1054 est,
1217 979 1254 1041 ut
1276 975 1384 1041 absol·

60 1084 139 1129 vare
162 1062 285 1147 possim
308 1063 362 1128 vel
385 1063 520 1129 debeam
545 1063 600 1145 qui
622 1063 782 1129 sincerum
807 1065 960 1131 ostendat
992 1065 1136 1131 dolorem
1169 1065 1208 1130 de
1240 1064 1384 1148 peccatis

61 1151 244 1219 commissis
266 1156 302 1219 et
323 1151 526 1236 propositum
548 1172 614 1217 non
637 1152 794 1235 peccandi
812 1153 852 1217 de
868 1157 988 1219 cetero.
1021 1154 1239 1220 Materialiter
1254 1153 1385 1218 diversa

61 1246 113 1307 ost
136 1242 253 1324 regula
274 1261 334 1326 pro
358 1240 484 1306 clericis
507 1260 673 1306 sacrorum
697 1241 845 1306 ordinum
869 1242 1060 1320 candidatis,
1086 1242 1161 1324 quia
1183 1242 1384 1326 propositum

61 1330 104 1396 ad
127 1330 212 1396 aliae
234 1333 335 1413 atque
357 1330 467 1413 plures
490 1350 544 1394 res
567 1350 603 1395 se
627 1330 805 1395 extendere
828 1330 933 1396 debet.
981 1330 1067 1396 Nam
1097 1331 1278 1398 voluntatis
1308 1351 1384 1414 pro·

61 1419 204 1504 positum
235 1439 299 1484 non
329 1418 433 1484 solum
464 1417 559 1500 dirigi
589 1417 687 1485 debet
715 1419 749 1483 in
779 1440 872 1484 usum
896 1419 1074 1485 mediorum
1098 1419 1294 1497 efficacium,
1327 1419 1384 1484 sed

63 1509 163 1574 debet
185 1507 285 1574 etiam
309 1528 384 1591 spes
407 1506 546 1573 fundata
568 1509 684 1573 adesse
707 1508 778 1573 iore
801 1513 838 1574 ut
860 1508 968 1574 media
991 1508 1057 1574 sint
1079 1529 1115 1573 re
1133 1509 1205 1592 ipsa
1221 1508 1384 1585 efficacia;

63 1618 149 1680 quae
172 1597 287 1662 sinon
310 1596 414 1674 adest,
438 1595 561 1662 differri
584 1596 681 1665 debet
703 1597 865 1663 ordinatio
888 1598 943 1662 vel
966 1597 996 1662 ei
1012 1597 1202 1675 renuntiari,
1226 1618 1268 1662 ne
1284 1597 1385 1662 sacri·

62 1686 151 1769 legia
175 1689 359 1770 augeantur
381 1705 464 1750 neve
486 1685 650 1769 publicum
673 1686 862 1752 scandalum
885 1686 1092 1771 praebeatur.

154 1792 193 1859 R.
218 1794 248 1858 2.
280 1791 409 1874 Regula
431 1812 488 1857 eos
512 1794 683 1877 tractandi,
707 1798 884 1875 antequam
908 1792 1068 1859 ordinatio
1091 1793 1202 1870 instet,
1227 1814 1266 1858 es
1283 1796 1387 1858 estut

65 1903 85 1947 a
108 1882 207 1965 longo
230 1881 357 1947 animus
380 1887 604 1965 praeparetur.
651 1881 758 1959 Quare
781 1883 888 1964 quoad
911 1904 968 1949 eos
991 1883 1046 1964 qui
1068 1882 1230 1949 habituati
1253 1881 1385 1946 suntin

64 1976 201 2055 peccato
216 1969 314 2054 turpi,
338 1969 471 2036 fortiter
488 1970 630 2036 incumbi
646 1971 743 2038 debet
758 1976 795 2037 ut
811 1972 876 2037 iam
891 1972 924 2036 in
940 1971 1113 2037 seminario
1130 1971 1254 2037 minore
1270 1970 1384 2035 vitium

65 2061 248 2143 deponant:
271 2058 358 2141 quod
381 2058 443 2124 nisi
465 2058 591 2125 factum
614 2059 667 2135 sit,
691 2062 748 2126 sed
773 2061 888 2126 vitium
910 2061 975 2126 iam
991 2082 1050 2145 per
1065 2081 1168 2125 annos
1183 2063 1386 2145 protractum

65 2169 172 2231 neque
194 2147 348 2214 notabilis
371 2148 488 2213 saltem
513 2147 698 2214 emendatio
721 2148 821 2216 fuerit
843 2153 967 2227 secuta,
991 2151 1158 2215 ordinarie
1180 2149 1221 2215 ab
1237 2149 1386 2232 ingressu

66 2236 198 2304 maioris
220 2236 385 2303 seminarii
409 2238 542 2303 arcendi
564 2242 651 2306 sunt.

155 2343 195 2410 R.
220 2346 251 2411 3.
288 2343 402 2425 Longe
425 2342 530 2409 etiam
561 2344 707 2409 severius
736 2343 949 2410 insistendum
980 2349 1031 2411 eet
1052 2343 1085 2409 in
1116 2344 1385 2421 emendationem,

65 2434 94 2500 si
117 2433 191 2516 quis
212 2432 245 2498 in
268 2431 477 2498 seminarium
500 2431 606 2497 maius
635 2432 700 2498 iam
729 2437 881 2517 receptus
910 2433 1098 2499 inveniatur
1125 2434 1272 2499 vitiosus.
1319 2432 1389 2519 Vix,

65 2542 220 2605 umquam
243 2521 285 2587 ad
307 2541 421 2586 sacros
443 2521 573 2586 ordines
596 2521 725 2587 admitti
749 2527 867 2605 potest,
892 2523 953 2588 nisi
969 2522 1022 2605 qui
1039 2543 1097 2607 per
1112 2525 1241 2606 tempus
1256 2521 1386 2587 omnino

65 2611 222 2686 notabile,
245 2631 277 2677 r.
301 2630 333 2692 g.
357 2630 417 2675 sex
440 2631 578 2687 menses,
602 2611 644 2676 ab
667 2611 754 2676 omni
776 2612 850 2677 labe
872 2612 959 2696 turpi
983 2633 1019 2677 se
1042 2611 1242 2678 custodierit.
1284 2610 1386 2693 quue

66 2701 158 2766 valet
179 2699 337 2783 imprimis
360 2703 438 2765 ante
460 2699 700 2783 suscipiendum
723 2700 1008 2779 subdiaconatum,
1039 2701 1097 2766 sed
1126 2700 1225 2767 etiam
1256 2701 1386 2765 omnino

67 2793 146 2856 ante
169 2788 445 2872 presbyteratum.
491 2787 578 2854 Nam
601 2789 664 2855 etei
694 2789 727 2864 in
757 2790 987 2874 presbyteratu
1017 2810 1104 2855 nova
1134 2789 1290 2872 obligatio
1321 2810 1385 2854 non

65 2879 261 2955 assumitur,
292 2880 403 2944 temen
432 2876 610 2960 periculum
641 2877 877 2962 multiplicandi
900 2877 1073 2962 sacrilegia
1095 2878 1225 2944 omnino
1248 2878 1386 2944 multum

66 2971 217 3050 augetur.
264 2966 420 3033 Severum
443 2967 477 3031 iu
500 2967 561 3032 hac
584 2971 679 3050 parte
702 2988 774 3033 esse
798 2973 849 3034 est
872 2967 1113 3033 misericordem
1142 2987 1178 3031 se
1208 2987 1323 3048 gerere
1354 2971 1388 3031 et

66 3054 238 3141 providum
261 3076 341 3138 erga
364 3055 574 3122 candidatum
597 3061 631 3120 et
654 3077 733 3138 erga
756 3056 946 3123 Ecclesiam.
993 3055 1079 3121 Nam
1110 3060 1244 3139 propter
1275 3061 1388 3121 extra-

66 3145 266 3211 ordinariam
289 3145 533 3210 conversionem
558 3144 763 3211 habituatum
786 3144 898 3212 statim
922 3145 977 3210 vel
1000 3144 1065 3210 cito
1088 3144 1262 3210 admittere
1292 3164 1388 3228 posse

66 3237 120 3301 est
141 3237 238 3301 tanta
261 3232 422 3317 exceptio,
447 3234 538 3299 utin
562 3235 676 3317 regula
698 3233 731 3299 id
755 3235 861 3300 notari
887 3234 943 3299 vix
965 3238 1139 3300 mereatur.

156 3356 210 3422 An
232 3377 423 3433 ouansrruu
446 3360 486 3423 3⁸¹
508 3357 547 3423 R.
574 3362 602 3424 1.
643 3358 782 3423 Videtur
804 3377 884 3423 saue
907 3357 1082 3424 Dositheus
1104 3357 1256 3422 habuisse
1287 3377 1307 3421 a
1337 3361 1448 3430 tensa

65 3446 156 3513 neris
179 3445 272 3511 annis
295 3446 499 3513 vocationem
523 3446 565 3511 ad
586 3447 791 3512 clericatum:
816 3467 892 3511 nam
908 3447 948 3511 de
964 3446 1145 3530 aptitudine
1161 3446 1201 3511 ad
1218 3445 1388 3512 scientiam

10 3611 12 3619 ,
67 3534 285 3602 necessariam
310 3555 352 3600 ex
375 3557 453 3600 casu
476 3535 617 3602 dubitari
641 3535 769 3618 nequit;
794 3540 894 3618 atque
917 3536 1102 3601 etiamnunc
1124 3535 1255 3600 vocatio
1279 3535 1388 3617 aliquo

66 3624 165 3690 modo
187 3623 318 3690 videtur
340 3624 468 3702 adesse,
500 3645 572 3689 curn
596 3624 737 3690 stimulis
760 3624 978 3690 conscientiae
1000 3625 1190 3708 exagitatus
1214 3625 1256 3689 ad
1279 3625 1388 3690 studia

66 3713 180 3798 priora
201 3713 378 3778 Dositheus
400 3734 437 3779 se
460 3712 564 3779 denuo
589 3714 736 3780 conferre
763 3717 909 3779 conetur.

111 3875 113 3878 Α
158 3818 197 3885 lt.
214 3820 245 3887 2.
276 3818 340 3885 Sed
363 3819 443 3884 haec
466 3819 596 3885 vocatio
620 3841 705 3884 nunc
729 3841 793 3885 non
817 3819 1029 3904 estamplius
1048 3824 1218 3905 proximo:
1240 3819 1388 3903 proxime

68 3907 155 3975 enim
179 3908 354 3992 dispositus
376 3907 518 3973 nondum
541 3913 609 3983 est;
640 3911 735 3975 abest
757 3909 943 3975 necessaria
966 3908 1064 3974 animi
1094 3909 1229 3994 puritas.
1277 3910 1389 3974 Manet

67 3997 172 4080 igitur
188 3997 318 4064 vocatio
334 4002 470 4074 remota,
495 3998 569 4062 dum
586 3998 761 4064 Dositheus
777 3998 907 4082 plenam
924 3998 1103 4065 ostenderit
1118 3998 1386 4063 emendationem.

68 4086 156 4152 Nam
180 4086 267 4152 ultra
289 4106 432 4151 mensem
456 4108 631 4169 numquam
654 4109 690 4153 se
714 4088 930 4165 continuisse,
955 4087 1051 4170 idque
1075 4109 1147 4152 cum
1171 4086 1389 4152 circumdatus

10 4208 12 4220 ·
68 4176 114 4241 sit
136 4175 250 4241 mediis
273 4178 307 4240 et
330 4175 534 4241 cautionibus
556 4176 646 4241 vitae
675 4177 838 4255 reclusae,
870 4182 921 4243 est
950 4177 1077 4260 signum
1108 4176 1161 4240 vel
1192 4175 1264 4240 vitii
1294 4174 1389 4239 nimis

67 4263 246 4330 inveterati
268 4264 321 4329 vel
344 4264 524 4330 voluntatis
547 4266 629 4330 adeo
652 4265 799 4331 infirmae
822 4269 859 4332 ut
882 4286 958 4349 spes
981 4270 1093 4330 castae
1118 4265 1207 4330 vitae
1237 4265 1389 4329 sacerdo·

67 4353 146 4420 talis
169 4375 233 4419 non
257 4353 406 4419 exsistat.

158 4469 196 4536 R.
222 4472 253 4535 3.
292 4469 440 4534 Debebat
463 4469 620 4536 Dositheo
644 4469 752 4552 potius
775 4470 897 4535 differri
920 4469 1087 4551 ingressus
1110 4467 1143 4532 in
1170 4467 1388 4545 seminarium,
1398 4491 1449 4543 699

68 4559 98 4625 si
121 4560 232 4642 agitur
255 4558 295 4623 de
318 4559 491 4624 seminario
515 4559 656 4635 maiore,
688 4559 751 4624 nisi
781 4563 880 4624 antea
912 4558 1088 4624 notabilem
1119 4557 1248 4621 omnino
1279 4579 1389 4623 amen-

68 4648 236 4716 dationem
258 4648 455 4714 ostenderit:
479 4668 576 4730 quam
599 4648 628 4713 si
648 4652 723 4731 post
738 4669 837 4713 unum
853 4649 1035 4713 alterumve
1058 4667 1178 4711 annum
1202 4667 1266 4711 non
1289 4646 1390 4714 fuerit
