3044 5174
109 266 149 332 16
564 264 606 320 De
622 265 802 321 sacramentis
820 264 979 334 generatim.

200 442 242 513 „A
266 440 345 499 sacri
365 440 481 517 quidem
509 441 709 502 celebratione
736 441 867 501 abstinui
895 446 925 500 et
955 441 1050 500 solnm
1079 440 1253 502 diaconatus
1282 442 1383 503 officio
1402 443 1432 502 in

107 521 199 580 missa
226 520 361 580 sollemni
388 521 563 598 perhmctus
590 541 662 582 sum
711 522 863 582 Interdum
889 521 1108 599 postulantibus
1135 522 1272 582 fidelibus
1300 524 1431 583 euchari·

107 601 195 660 stiam
216 599 392 671 ministravi,
434 601 566 661 Vocatus
596 602 633 661 ad
661 603 839 679 baptismum
861 601 1071 661 conferendum
1098 601 1226 674 intanti,
1256 603 1306 679 qni
1328 623 1345 661 e
1367 604 1431 663 sinn

108 680 277 741 demortuae
299 681 403 740 matris
424 682 652 753 extrahebatur,
682 688 805 759 paratus
827 683 960 758 equidem
982 701 1079 752 eram,
1108 683 1177 759 quia
1207 703 1266 743 non
1288 685 1431 758 agebatur

108 760 143 819 de
163 761 298 821 sollemni
312 761 452 838 baptismi
473 761 738 823 administratione.
767 762 878 823 Verum
891 762 997 821 melius
1013 762 1084 821 duxi
1097 761 1180 823 illam
1200 761 1340 839 chirurgo
1355 783 1430 823 com·

106 840 240 912 mittere,
268 840 354 918 quia,
382 842 455 901 licet
474 841 522 900 vir
541 861 670 919 pravus,
697 862 757 903 non
779 846 844 901 erat
863 848 963 902 tamen
993 841 1128 902 minister
1157 848 1353 902 consecratus
1381 843 1430 903 ssd

106 921 206 997 potius
236 921 434 981 necessitatis.
484 919 546 981 Nec
576 921 687 982 infitior
713 942 760 981 me
792 941 851 982 una
879 928 909 980 et
938 922 1033 981 altera
1062 923 1128 983 vice
1155 922 1336 1000 baptismum
1366 943 1430 984 con·

107 1001 212 1061 tulisse
226 1005 256 1060 et
270 1021 356 1060 sacro
372 1002 436 1061 oleo
450 1001 572 1061 unxisse
586 1002 742 1074 infirmum,
765 1002 816 1062 sed
830 1003 887 1061 hoc
901 1003 1021 1061 iubente
1035 1003 1165 1078 parocho
1184 1007 1214 1062 st
1228 1005 1300 1079 quin
1314 1009 1429 1082 tempus

106 1081 295 1141 contritionis
316 1086 415 1140 actum
440 1081 576 1141 eliciendi
597 1087 777 1160 suppeteret.
813 1081 920 1142 Omnia
940 1083 1015 1141 haec
1035 1083 1137 1160 peregi
1159 1082 1275 1159 quidem
1296 1084 1328 1142 in
1350 1091 1429 1144 statu

105 1161 225 1221 lethalis
240 1161 372 1238 peccati;
394 1161 446 1220 sed
466 1167 539 1238 puto
560 1165 694 1238 graviter
707 1182 754 1221 me
767 1182 827 1221 non
849 1162 1016 1239 deliquisse,
1039 1182 1105 1221 cum
1125 1163 1156 1221 in
1168 1182 1344 1240 unoquoque
1360 1183 1429 1224 casu

106 1242 185 1301 adsit
205 1241 368 1318 probabilis
388 1242 592 1317 theologorum
614 1242 764 1302 sententia
784 1262 906 1317 gravem
928 1243 1045 1320 culpam
1065 1243 1252 1303 excludens.“
1370 1260 1376 1277 ·

185 1323 242 1381 His
273 1321 383 1382 auditis
410 1323 612 1381 confessarius
639 1324 695 1382 hae
723 1342 826 1382 omnes
853 1322 1019 1383 sententias
1046 1323 1134 1382 nimis
1161 1323 1248 1383 laxas
1277 1343 1345 1383 esse
1367 1343 1428 1402 pro·

105 1402 222 1462 clamat

84 1526 283 1597 *Quaeramus
305 1526 335 1584 1⁰
357 1545 425 1584 nune
450 1527 582 1603 probitas
602 1529 733 1585 ministri
753 1530 923 1604 requiratur
942 1529 983 1586 ad
1002 1527 1129 1585 calidam
1157 1535 1183 1586 et
1203 1529 1313 1586 licitam
1334 1548 1428 1588 scorc-

354 1614 517 1665 mentomcm
536 1609 827 1666 administrationem.

301 1703 332 1760 2⁰
353 1705 424 1782 qaid
444 1705 479 1762 de
499 1705 621 1782 ainpulie
646 1704 718 1764 Titii
736 1705 933 1779 functionibus
953 1706 1150 1763 iudicandum.

301 1802 331 1860 3ο
352 1803 424 1879 qnid
445 1805 475 1860 in
494 1810 641 1879 posterum
666 1802 742 1862 Titio
759 1804 935 1877 faciendum.

698 1992 833 2060 Solutio.
1396 1961 1400 1967 ¹
1448 2004 1458 2235 1

67 2163 92 2217 21
193 2144 392 2210 Functiones
415 2164 530 2209 sacrae
553 2144 587 2208 iu
611 2164 688 2208 casu
714 2148 888 2209 enarratae
912 2143 1112 2210 reducuntur
1133 2144 1176 2209 ad
1199 2144 1298 2210 haec:
1324 2147 1424 2214 Titius

105 2233 176 2298 vice
199 2233 334 2317 parochi
357 2234 498 2314 fungens
528 2232 561 2297 in
591 2237 683 2298 statu
706 2232 834 2316 peccati
867 2232 899 2313 1)
924 2232 1115 2298 diaconatus
1138 2253 1273 2298 munere
1296 2235 1424 2302 functus

104 2327 156 2387 est
185 2323 218 2386 in
242 2322 343 2387 missa
370 2321 537 2399 sollemni3
572 2320 606 2403 2)
630 2343 695 2386 una
719 2321 868 2388 alterave
892 2320 963 2386 vice
996 2321 1135 2388 contulit
1163 2323 1366 2405 baptismum
1394 2329 1424 2390 et
1455 2320 1458 2353 ¹

104 2415 286 2476 extremam
311 2411 507 2487 unctionem,
532 2411 590 2476 sed
613 2410 721 2475 iussus
744 2432 765 2476 a
787 2410 931 2494 parocho
955 2410 1045 2478 etin
1069 2410 1198 2475 casibus
1222 2414 1421 2494 urgentibus,
1452 2419 1458 2475 1

103 2505 141 2565 ut
164 2501 228 2577 ait,
260 2500 307 2566 ita
337 2505 375 2566 ut
403 2503 534 2584 tempus
565 2498 743 2565 eliciendae
774 2499 981 2566 contritionis
1004 2521 1068 2564 non
1091 2505 1301 2584 suppeteret;
1337 2503 1422 2585 3)in
1455 2548 1458 2557 ·

103 2610 181 2654 casu
206 2589 360 2674 baptismi
383 2588 524 2672 privati,
549 2609 590 2654 ne
613 2589 646 2653 in
670 2593 760 2655 statu
785 2589 912 2672 peccati
936 2589 997 2653 hoc
1021 2593 1264 2654 sacramentum
1288 2591 1418 2657 admini·
1452 2598 1458 2693 Ι

103 2682 236 2755 straret,
260 2678 293 2742 id
316 2677 448 2760 reliquit
464 2679 616 2761 chirurgo
640 2678 829 2759 ceteroquin
852 2679 961 2762 impio,
986 2678 1042 2743 sed
1060 2679 1115 2760 qui
1131 2679 1249 2745 saltem
1264 2700 1332 2744 non
1356 2684 1422 2747 erat

103 2767 251 2833 minister
281 2771 500 2832 consecratus.
548 2766 670 2843 Quibus
700 2767 825 2833 notatis
855 2767 899 2833 eit
928 2788 1120 2850 responsum
1150 2768 1193 2832 ad
1216 2770 1421 2850 quaestiones

101 2857 304 2940 propositas:

191 2979 243 3043 An
266 2999 457 3054 onansrron
483 2981 520 3042 1ΙΙΙ
536 2977 574 3044 R.
602 2981 629 3044 1.
669 2977 822 3044 Probitas
845 2979 885 3042 de
910 2999 974 3060 qua
998 2979 1049 3044 hic
1073 3001 1180 3044 sermo
1204 2983 1257 3046 est
1278 2978 1420 3063 intellegi
1450 3026 1458 3041 .

102 3067 200 3132 debet
229 3071 337 3133 status
366 3069 504 3150 gratiae.
552 3067 653 3132 Porro
684 3067 770 3132 hunc
800 3067 842 3132 ad
872 3068 1018 3133 valorem
1049 3074 1333 3136 sacramentorum
1361 3091 1419 3136 uon
1447 3058 1458 3121 l

102 3157 223 3238 requiri
254 3160 305 3221 est
333 3157 373 3221 de
395 3157 459 3221 fide
483 3156 645 3221 catholica
669 3156 812 3222 definita.
861 3157 952 3222 Cone.
981 3158 1071 3223 Trid.
1096 3179 1176 3223 sess.
1203 3160 1241 3236 7,
1274 3180 1347 3226 can.
1373 3161 1419 3236 12,

102 3247 141 3311 de
175 3249 384 3311 sacramentis
418 3247 453 3309 ia
480 3267 593 3330 periere
624 3245 673 3311 ita
703 3245 795 3310 dicit:
833 3245 886 3322 „si
921 3246 992 3328 quis
1023 3246 1144 3313 dixerit
1174 3247 1360 3314 ministrum
1390 3248 1421 3313 in

101 3339 236 3418 peccato
260 3333 391 3400 mortali
415 3335 643 3413 exsistentem,
674 3334 770 3399 modo
795 3334 904 3399 omnia
927 3335 1116 3401 essentialia
1139 3356 1223 3418 quae
1246 3337 1289 3402 ad
1313 3359 1421 3404 sacra·

101 3428 246 3489 mentum
271 3422 503 3489 conficiendum
520 3427 578 3489 aut
600 3423 831 3489 conferendum
853 3424 1019 3507 pertinent
1043 3425 1236 3503 servaverit,
1261 3448 1328 3492 non
1349 3448 1420 3492 con·

100 3514 197 3578 ficere
221 3518 279 3580 aut
302 3512 452 3578 conferre
476 3516 735 3577 sacramentum:
760 3512 937 3578 anathema
960 3513 1031 3579 sit.“
1066 3514 1111 3580 Et
1133 3515 1195 3579 hoc
1219 3515 1351 3596 quidem
1373 3537 1420 3581 se·

100 3602 211 3682 quitur
234 3623 276 3667 ex
299 3602 365 3667 alia
388 3601 550 3668 catholica
572 3601 722 3667 doctrina
744 3606 951 3667 sacramenta
968 3623 1010 3666 ex
1025 3603 1151 3668 meritis
1168 3607 1202 3668 et
1217 3603 1420 3671 institutione
1444 3620 1458 3871 Ι·

101 3691 219 3757 Christi
235 3692 303 3756 vim
326 3712 419 3756 suam
442 3691 583 3768 haurire,
608 3712 672 3756 non
688 3711 731 3756 ex
746 3690 872 3756 meritis
887 3691 1038 3770 ministri,
1063 3712 1166 3774 eaque
1186 3713 1250 3757 non
1266 3714 1309 3758 ex
1327 3714 1420 3780 opere

100 3781 267 3863 operantis
297 3781 355 3846 sed
378 3801 419 3844 ex
451 3801 549 3864 opere
579 3783 714 3864 operato
744 3781 886 3862 gratiam
918 3780 1075 3847 conferre.
1126 3781 1255 3847 Pesoh
1285 3783 1306 3848 l.
1341 3805 1368 3851 c.
1391 3804 1419 3848 n.

101 3872 165 3934 246
182 3891 270 3952 eqq.;
296 3870 422 3934 Sasse
445 3869 466 3934 l.
492 3890 519 3934 c.
544 3869 627 3935 thes.
654 3872 706 3935 23.

67 3986 89 4039 ,u
188 3977 227 4041 R.
253 3980 282 4042 2.
314 3976 532 4059 Exploratum
557 3980 668 4041 tamen
692 3980 744 4040 est
773 3997 832 4059 per
862 3997 898 4041 se
921 3981 1092 4060 peccatum
1121 3977 1281 4042 committi
1312 3980 1356 4043 ab
1385 3960 1458 4231 θοΙ

100 4065 155 4146 qui
178 4086 290 4130 sacras
313 4065 509 4141 functiones,
534 4064 676 4129 maxime
700 4070 926 4142 sacramenta,
950 4066 983 4130 in
1006 4070 1097 4132 statu
1120 4065 1248 4150 peccati
1270 4071 1418 4150 peragat,

100 4175 172 4218 cum
196 4176 249 4219 res
272 4174 385 4219 sacras
408 4153 541 4235 indigne
563 4158 686 4219 tractet
710 4159 809 4236 atque
832 4155 1040 4237 sacrilegium
1064 4155 1257 4221 committat.

188 4260 226 4324 R.
254 4263 283 4325 3.
323 4259 356 4325 Si
379 4281 458 4324 vero
482 4259 548 4324 iam
574 4261 743 4341 quaeritur
765 4283 830 4325 non
853 4282 929 4325 num
956 4261 1195 4326 administratio
1224 4238 1458 4345 sacramenti!

98 4349 131 4412 in
155 4352 245 4413 statu
269 4350 396 4432 peccati
419 4353 595 4431 utcumque
618 4354 789 4432 peccatum
813 4350 866 4427 sit,
891 4350 948 4415 sed
972 4372 1048 4414 num
1075 4355 1108 4415 et
1133 4351 1261 4432 quando
1281 4350 1326 4415 sit
1343 4355 1458 4463 mor}

99 4442 160 4502 tole
183 4442 369 4520 peccatum,
402 4437 464 4502 dici
489 4439 602 4505 debet:
634 4439 680 4504 Ut
704 4442 834 4505 constet
862 4440 901 4503 de
925 4440 1056 4504 mortali
1086 4444 1221 4522 peccato
1245 4441 1420 4521 requiritur
1441 4466 1458 4508 a

99 4526 132 4607 a)
157 4531 193 4590 ut
217 4527 458 4593 administratio
482 4530 541 4592 fiat
564 4549 584 4592 a
607 4527 758 4593 ministro
783 4537 959 4593 consecrato
995 4530 1028 4610 b)
1053 4534 1090 4594 ut
1105 4531 1164 4595 fiat
1186 4550 1223 4593 eo
1246 4531 1346 4595 modo
1369 4527 1419 4613 qui

99 4616 247 4680 ministro
272 4639 335 4701 qua
359 4626 536 4681 consecrato
560 4617 725 4700 competit,
751 4618 781 4696 c)
807 4622 843 4682 ut
866 4639 928 4682 non
948 4618 1056 4682 adsint
1072 4639 1130 4683 eae
1146 4619 1321 4700 angustiae
1341 4532 1458 4807 tem-¹

1446 4818 1458 4943 ε·

1437 4954 1458 5126 t
