3044 5174
376 272 492 327 Materia
510 273 648 344 proxima:
667 303 702 312 -
721 274 847 328 contritio
866 275 893 327 et
911 273 1086 344 propositum.
1327 278 1391 342 179

155 445 267 513 Etiam
291 446 324 512 id
346 468 461 513 verum
485 450 536 513 est
559 447 732 514 caritatem
762 469 842 530 erga
864 449 968 513 Deum
1002 468 1075 514 esse
1105 470 1248 515 amorem
1279 450 1391 515 amici·

59 537 147 614 tiae,
183 556 322 619 eamque
353 540 391 602 ut
420 537 520 602 talem
552 558 617 602 non
649 538 754 602 solum
784 558 879 621 posse
910 559 931 603 a
960 537 1053 603 uobis
1080 537 1224 621 concipi,
1255 541 1312 604 sed
1343 540 1392 605 ita

62 625 193 709 concipi
232 625 370 705 debere,
412 629 449 691 ut
487 625 573 690 ratio
615 626 779 692 amicitiae
821 625 1041 693 essentialiter
1078 633 1238 694 servetur.
1292 628 1391 695 Ratio

62 736 143 780 vero
183 713 349 780 amicitiae
386 713 578 780 relationem
617 720 763 781 mutuam
801 715 939 798 ideoque
978 716 1079 782 etiam
1117 717 1309 783 relationem
1348 718 1392 783 ad

63 826 122 869 nos
159 802 315 880 includit,
355 824 461 886 neque
498 807 610 870 temen
649 804 813 871 ullatenus
851 804 969 871 relatio
1008 805 1051 870 ad
1089 806 1207 871 bonurn
1242 810 1391 872 nostrum

63 893 271 958 commodum
303 913 361 958 seu
395 895 470 958 utile
501 915 560 977 pro
593 896 704 959 motivo
737 899 830 960 actus
863 893 1013 961 caritatis
1046 898 1080 960 et
1112 895 1276 961 amicitiae
1307 895 1392 961 sumi

61 986 185 1066 potest.

154 1079 260 1144 Immo
283 1099 377 1144 amor
392 1078 556 1145 amicitiae
572 1079 699 1164 concipi
714 1101 772 1145 seu
789 1081 859 1146 Deo
875 1081 1021 1146 exbiberi
1037 1101 1058 1146 a
1073 1081 1167 1146 nobis
1182 1102 1246 1146 non
1270 1084 1392 1165 potest,

63 1168 123 1233 nisi
148 1167 339 1234 noverimus
362 1169 466 1234 Deum
489 1189 526 1234 se
548 1169 641 1234 nobis
664 1169 819 1235 exhibere
842 1173 879 1235 ut
902 1169 1060 1248 amicum,
1085 1169 1106 1237 i.
1132 1191 1159 1237 e.
1184 1174 1221 1237 ut
1243 1171 1392 1254 proprio·

63 1279 134 1323 rum
160 1257 320 1323 bonorum
343 1257 548 1340 largitorem,
580 1259 634 1344 qui
664 1258 698 1323 in
727 1259 969 1343 supernaturali
998 1259 1158 1325 relatione
1188 1280 1299 1325 secum
1330 1281 1392 1325 nos

63 1345 285 1424 constituerit,
310 1369 400 1413 suom
424 1347 659 1413 beatitudinem
675 1347 843 1414 nobiscum
858 1368 918 1431 pro
934 1349 1064 1414 modulo
1085 1352 1199 1415 nostro
1215 1349 1393 1415 communi·

63 1440 209 1503 asturus.
257 1435 304 1503 uf.
329 1435 538 1514 Wilmers‚
562 1437 612 1503 De
633 1436 698 1520 fide
720 1459 751 1504 u.
777 1439 851 1504 299.

154 1541 196 1609 R.
223 1546 253 1609 2.
299 1542 421 1608 Paulus
450 1563 469 1608 e
499 1544 665 1609 contrario
695 1543 840 1609 excessit
868 1564 1020 1609 asserens
1052 1544 1211 1610 motivum
1242 1543 1372 1610 caritat'

10 1618 13 1703 i
63 1652 195 1716 semper
211 1652 284 1698 esse
300 1631 418 1697 debere
434 1632 629 1699 attributum
644 1632 706 1698 Dei
721 1632 896 1699 relativum
913 1634 966 1698 vel
982 1631 1229 1715 benignitatem,
1248 1633 1394 1699 liberali·

58 1725 170 1787 tatem
195 1740 366 1803 organas.
413 1720 506 1788 Licet
528 1721 614 1786 enim
636 1721 698 1788 hoc
728 1722 923 1789 attributum
953 1721 1163 1788 liberalitatis
1186 1728 1221 1789 et
1243 1722 1394 1804 benigni·

64 1810 144 1877 tatis
176 1811 306 1875 divinoe
335 1809 453 1877 reddat
482 1811 588 1875 Deum
617 1831 652 1876 re
683 1831 762 1876 vera
791 1832 918 1876 summe
947 1810 1137 1889 amabilem,
1168 1816 1280 1877 tamen
1310 1820 1394 1877 totas

10 1942 14 2006 p
65 1899 156 2000 Ileus
178 1898 213 2000 in
236 1898 384 2000 omnibus
408 1899 581 2001 ttffibuiifl.
605 1899 841 1984 pulcherrimus
864 1905 899 1966 et
928 1899 1179 2001 amabilissimus
1202 1906 1269 1978 est,
1301 1905 1335 1966 et
1357 1901 1391 1965 in

10 2016 17 2143 l
65 1987 1391 2162 aauttltttttttttttrtttslttttllt‘itnttt

10 2147 14 2167 ¹
66 2166 206 2231 formale
227 2165 378 2232 caritatis
401 2171 453 2232 est
476 2165 605 2233 bonitas
629 2167 755 2246 divina,
789 2172 887 2251 prout
916 2172 1055 2233 naturas
1078 2168 1140 2233 D'ei
1163 2171 1197 2234 et
1220 2167 1391 2235 attributis

66 2254 245 2320 communis
268 2260 320 2321 est
343 2260 377 2321 et
398 2255 558 2340 propria.“

10 2364 16 2455 j
155 2369 195 2436 R.
221 2373 253 2436 3.
299 2369 448 2437 Assertio
472 2370 624 2437 Andreae
654 2372 784 2436 omnino
814 2371 901 2437 falsa
930 2375 998 2449 est,
1028 2376 1066 2438 ut
1095 2392 1195 2455 supra
1224 2371 1325 2437 babes
1348 2387 1452 2442 ex307

10 2458 16 2485 ⁸
65 2460 101 2527 R..
127 2459 172 2525 ad
196 2459 319 2536 Quies.
347 2463 393 2525 1⁸².
440 2460 556 2543 Neque
585 2460 730 2526 rationes
755 2462 796 2526 ab
826 2482 864 2526 eo
895 2460 1017 2527 allatae
1041 2461 1216 2544 quidquam
1240 2462 1390 2544 probant.

66 2549 97 2614 Si
122 2548 295 2632 Scriptura
318 2548 357 2615 V.
383 2549 586 2615 Testamenti
609 2550 766 2633 imprimis
789 2553 841 2615 tot
865 2571 903 2614 ac
925 2554 1022 2616 tauta
1052 2550 1208 2616 beneficia
1231 2549 1391 2616 Israelitis

65 2639 180 2703 aDeo
205 2637 326 2704 collata
349 2643 598 2718 commemorat,
630 2644 667 2705 ut
690 2660 746 2704 eos
770 2639 894 2705 excitet
916 2640 959 2704 ad
982 2639 1229 2704 conversionem
1252 2643 1286 2704 et
1309 2639 1390 2705 ami·

64 2727 163 2794 citiae
187 2747 261 2792 cum
277 2728 347 2792 Deo
370 2727 652 2806 restaurationem,
677 2728 761 2793 idem
785 2727 868 2794 facit
890 2729 976 2810 quod
999 2729 1030 2794 S.
1048 2729 1187 2794 Ioannes
1211 2729 1391 2811 apostolus,

64 2816 196 2899 quando
220 2815 415 2883 adhortatur
436 2816 566 2895 fideles,
597 2822 635 2883 ut
658 2818 763 2882 Deum
786 2816 938 2900 diligant,
970 2818 1046 2899 quia
1068 2818 1124 2883 ille
1147 2817 1236 2902 prior
1259 2838 1318 2882 nos
1342 2816 1390 2881 di·

63 2905 194 2972 lexerit.
234 2903 506 2972 Commemoratio
530 2909 581 2972 tot
603 2906 833 2972 beneficiorum
857 2928 921 2972 non
944 2908 1049 2973 solum
1072 2905 1308 2990 gratitudinem
1331 2926 1390 2988 ge-

63 2998 160 3061 nerat
175 2997 211 3060 et
225 2992 472 3076 ingratitudinis
489 2995 751 3074 detestationem,
776 2996 834 3060 sed
850 2995 949 3063 etiam
966 3005 1086 3062 oraturo
1101 3019 1163 3062 suo
1179 2995 1390 3061 vehementer

61 3084 184 3152 invitat
208 3081 251 3149 ad
276 3084 470 3170 dilipcadum
501 3088 606 3169 ipsum
637 3085 864 3167 benefactorem
895 3107 1003 3151 amore
1034 3108 1102 3151 carc
1125 3087 1267 3151 benevolo
1290 3088 1324 3148 et
1347 3084 1389 3149 ad

62 3173 320 3240 detestationem
342 3173 588 3256 ingratitudinis
617 3194 659 3238 ex
681 3173 743 3239 hoc
766 3175 925 3239 benevolo
949 3195 1060 3239 amore
1089 3196 1147 3240 seu
1178 3195 1220 3239 ex
1250 3173 1392 3239 caritate

61 3263 255 3346 perfectam.
303 3262 418 3345 Neque
442 3263 474 3328 id
497 3262 657 3329 Israelitis
681 3269 753 3331 erat
776 3263 918 3340 difficile,
943 3265 999 3329 sed
1024 3263 1201 3330 adiuvante
1225 3262 1333 3346 gratia
1355 3261 1390 3327 id

60 3352 144 3419 satis
167 3351 266 3418 facile
289 3357 370 3419 erat.

360 3556 594 3624 CONTRITIO
619 3556 776 3634 QUALIS
800 3557 1097 3634 REQUIRATUR.

672 3724 782 3789 Casus.
793 3731 851 3799 (91)

152 3872 358 3944 Wunibaldus,
380 3877 536 3950 postquam
557 3873 690 3931 nonnihil
713 3873 747 3932 de
769 3873 831 3932 vita
852 3894 906 3934 sua
928 3875 1071 3951 cogitarit
1093 3883 1180 3952 atque
1202 3878 1330 3936 dolorem
1352 3879 1389 3937 de

61 3954 197 4034 peccatis
218 3953 344 4029 repertis
366 3952 476 4023 elicuit,
497 3973 585 4029 porro
607 3954 742 4029 cogitans
763 3953 877 4013 invenit
898 3956 1048 4031 complura
1071 3956 1128 4015 alia
1149 3964 1289 4032 peccata:
1312 3978 1387 4033 quac

60 4037 191 4097 fideliter
212 4033 327 4111 quidem
349 4033 472 4109 exponit
494 4033 693 4105 confessario,
722 4033 774 4092 sed
795 4035 831 4092 de
859 4054 980 4111 quorum
1009 4036 1207 4095 detestatione
1229 4045 1259 4096 et
1288 4039 1387 4097 dolore

61 4115 223 4177 excitando
245 4133 303 4173 non
325 4111 477 4188 cogitavit.
519 4115 628 4172 Postea
649 4115 733 4172 timet
755 4134 792 4172 ne
813 4135 872 4174 non
894 4116 933 4174 sit
954 4118 1117 4175 absolutus,

144 4203 245 4264 Odilia
265 4203 350 4275 virgo
372 4202 526 4261 consuevit
547 4203 653 4261 cotidie
674 4222 798 4279 vespere
821 4204 1032 4263 conscientiam
1054 4211 1192 4264 excutere
1214 4213 1302 4281 atque
1325 4209 1387 4265 bre·

60 4288 140 4347 viter
168 4284 302 4343 excitare
330 4283 471 4352 dolorem;
501 4284 577 4358 quod
606 4289 636 4341 et
663 4302 741 4342 nunc
762 4283 840 4342 fecit.
882 4285 1005 4343 Postero
1033 4286 1079 4343 die
1101 4286 1237 4343 manain
1261 4287 1387 4345 ecclesia

60 4366 193 4443 concipit
214 4363 390 4422 desiderium
412 4364 661 4423 communicandi:
684 4382 774 4439 quare
797 4364 897 4422 statim
918 4365 1012 4423 intrat
1032 4365 1061 4423 in
1085 4366 1309 4437 confessionale,
1332 4387 1387 4425 sua

59 4453 187 4526 peccata
208 4448 320 4514 narrat,
341 4443 415 4502 nihil
437 4443 562 4520 amplius
584 4445 619 4502 de
641 4444 741 4503 dolore
763 4445 906 4519 cogitans

60 4566 242 4637 Quasmrua
265 4562 293 4618 1ο
314 4559 409 4635 qualis
431 4559 537 4618 debeat
559 4578 625 4617 esse
653 4560 736 4617 dolor
764 4560 800 4616 ad
822 4559 1020 4635 recipiendum
1049 4567 1265 4620 sacramentum
1287 4562 1384 4637 paeni·

313 4640 433 4692 tentiae.
