3044 5174
436 253 527 309 Onera
545 271 666 310 annus:
687 284 719 293 -
738 256 823 311 officii
841 256 927 312 divini
945 257 1078 312 recitatio.
1358 262 1422 326 451

92 431 249 498 Officium
284 454 342 516 pro
377 432 501 512 officio,
537 455 643 517 neque
675 434 832 518 obligatio
865 434 929 501 erit
958 434 1146 519 supplendi,
1183 434 1245 500 nisi
1281 434 1423 499 officium

92 525 263 677 {gamm
294 522 339 590 sit
367 523 559 590 notabiliter
588 523 719 589 brevius
749 545 847 607 quam
878 523 958 589 illud
982 525 1068 608 quod
1096 545 1154 607 per
1180 545 1217 589 se
1244 528 1317 590 erat
1340 523 1423 589 reoi-

186 717 225 784 R.
258 720 290 786 5.
336 718 450 796 Quoad
479 719 644 804 privatam
675 719 902 785 recitationem
933 743 953 785 s
984 721 1081 803 culpa
1109 720 1242 786 mortali
1272 720 1424 784 immunis

93 811 147 873 est
177 805 235 890 qui
264 806 463 875 cotidianum
494 829 631 893 pensum
661 808 852 874 recitaverit
877 830 1079 892 quocumque
1102 812 1251 893 tempore
1275 831 1295 875 a
1317 810 1425 875 media

95 896 272 1066 noctedgd
309 897 452 963 mediam
489 900 619 963 noctem
655 896 784 977 (addita
818 897 978 964 facultate
1014 898 1166 964 nocturni
1202 899 1300 964 officii
1336 898 1424 965 anti-

95 1006 193 1069 crpan
217 1007 252 1052 1.

188 1091 264 1157 Nisi
287 1096 398 1159 autem
423 1114 524 1159 causa
547 1093 752 1159 rationabilis
769 1100 916 1172 excusat,
941 1095 1071 1160 veniale
1091 1101 1262 1178 peceatum
1286 1099 1337 1160 est
1360 1115 1425 1160 non

96 1181 286 1248 accuratius
308 1201 442 1248 servare
465 1187 630 1267 tempora:
662 1203 746 1265 quae
776 1204 816 1249 ea
839 1188 916 1250 sunt
938 1189 976 1248 ut
999 1183 1140 1249 officium
1165 1188 1358 1249 nocturnum
1383 1184 1427 1250 sit

97 1271 217 1336 saltem
241 1275 320 1336 ante
342 1270 510 1337 meridiem
535 1271 725 1344 recitatum
755 1277 793 1337 ut
816 1272 926 1337 Prima
950 1276 984 1338 et
1007 1273 1120 1339 Tertia
1144 1275 1292 1357 debeant,
1323 1274 1426 1341 Sexta

97 1363 132 1426 et
154 1359 256 1426 Nona
275 1363 399 1446 possint
428 1365 506 1426 anto
536 1360 704 1426 meridiem
733 1361 885 1440 recitari,
919 1366 957 1428 ut
981 1362 1083 1429 Sexta
1114 1368 1148 1428 et
1171 1363 1268 1427 Nona
1299 1364 1426 1446 possint

97 1449 145 1530 (iu
161 1448 422 1531 Quadragesima
438 1450 538 1516 etiam
555 1447 747 1532 Vesperae),
773 1450 940 1533 Vesperae
957 1454 991 1515 et
1007 1450 1261 1534 completorium
1285 1452 1428 1518 debeant

99 1537 234 1604 recitari
256 1542 332 1622 post
354 1538 539 1615 meridiem;
563 1542 670 1604 totum
694 1538 836 1604 officium
857 1544 1050 1605 nocturnum
1063 1543 1166 1624 possit
1181 1541 1285 1623 pridie
1309 1541 1426 1607 antici·

99 1628 171 1712 pari
195 1627 284 1692 cirea
306 1632 436 1712 tempus
460 1629 692 1711 vespertinum.

189 1733 355 1800 Recitatio
378 1733 508 1818 publiea
529 1733 563 1798 in
587 1734 685 1799 choro
709 1735 812 1801 multo
843 1733 949 1816 magis
971 1734 1112 1819 propriis
1143 1736 1344 1817 temporibus
1368 1735 1426 1801 ad·

99 1823 248 1908 aptanda
270 1826 331 1901 est,
356 1823 513 1888 eomodo
538 1844 634 1905 quem
656 1823 815 1889 hodierna
837 1823 950 1907 praxis
973 1823 1144 1906 permittit.
1183 1824 1341 1889 Attamen
1365 1823 1427 1888 nisi

98 1917 283 1996 temporum
307 1911 363 1977 vel
386 1911 507 1977 ordinis
530 1913 698 1997 perversio
722 1933 795 1977 cum
819 1913 974 1979 scandalo
997 1912 1168 1994 iungatur,
1199 1933 1265 1978 non
1295 1918 1426 1980 constat

99 2002 139 2068 de
162 2006 302 2085 peccato
322 2003 426 2086 proci.
478 2002 533 2067 lb.
558 2025 599 2068 m.
624 2001 664 2080 II,
691 2004 765 2067 628.

190 2107 229 2175 R.
254 2109 285 2173 6.
317 2107 532 2174 Inveniuntur
555 2108 684 2191 quidem
708 2108 741 2173 in
757 2108 928 2174 Breviario
952 2108 1037 2174 aliae
1061 2107 1160 2175 etism
1183 2112 1297 2193 partes
1313 2112 1489 2177 extra-784

96 2197 296 2275 ordinariae,
317 2196 460 2262 officium
477 2198 513 2264 B.
531 2197 656 2263 Mariae
672 2198 723 2276 V,
748 2197 891 2263 officium
912 2198 1149 2276 defunctorum,
1174 2198 1297 2263 Psalmi
1313 2198 1426 2281 paeni-

97 2286 258 2354 tentiales
280 2288 334 2351 vel
362 2287 554 2368 graduales:
586 2308 722 2369 quarum
752 2287 905 2354 recitatio
936 2287 1035 2354 certis
1065 2287 1178 2354 diebus
1201 2287 1353 2353 facienda
1376 2287 1426 2351 in·

96 2375 265 2442 scribitur.
311 2374 529 2441 Nihilominus
559 2397 618 2459 pro
640 2376 681 2441 iis
711 2376 766 2458 qui
790 2378 934 2442 Romano
958 2377 1126 2442 Breviario
1150 2380 1289 2443 utuntur
1311 2377 1426 2442 barum

96 2465 243 2552 partium
268 2463 500 2546 obligationem
517 2464 613 2529 Pius
637 2465 667 2529 V
690 2466 832 2543 sustulit,
858 2465 920 2531 nisi
943 2466 1030 2531 forte
1053 2486 1112 2549 pro
1137 2468 1235 2532 choro
1260 2466 1428 2533 exstiterit

95 2553 301 2622 consuetudo
332 2552 482 2636 obligans
512 2556 618 2640 quoad
647 2554 787 2637 officium
817 2556 856 2620 B.
881 2557 1012 2620 Martae
1033 2557 1068 2622 V.
1077 2580 1091 2638 ,·
1120 2577 1160 2621 ea
1190 2557 1276 2621 enim
1306 2556 1428 2622 mansit

95 2646 237 2713 intaeta

188 2751 253 2816 Pro
283 2749 355 2816 sola
385 2749 437 2815 die
467 2752 769 2815 commemorationis
794 2751 857 2817 00.
884 2752 1105 2834 defunctorum
1136 2752 1236 2818 etiam
1260 2773 1344 2817 nunc
1368 2772 1427 2816 ex-

96 2841 190 2907 sistit
213 2838 371 2923 obligatio
395 2838 508 2921 gravie
532 2838 573 2905 ad
597 2838 739 2904 officium
764 2839 991 2905 detunctorum
1007 2844 1141 2924 praeter
1164 2840 1320 2906 festivum
1344 2841 1427 2905 reci-

95 2928 256 3005 tandum3
294 2928 447 2995 similiter
479 2929 577 3011 longe
612 2928 815 2994 communius
846 2949 905 3012 pro
933 2933 1028 3013 proci
1058 2929 1257 3011 obligatione
1288 2929 1428 2995 habetur

96 3017 271 3096 recitatio,
302 3016 403 3083 etiam
426 3017 574 3101 privata,
605 3017 795 3084 litaniarum
825 3019 912 3084 festo
937 3019 967 3083 S.
993 3017 1097 3083 Marci
1128 3022 1162 3083 et
1184 3017 1289 3083 tribus
1314 3017 1427 3082 diebus

97 3105 308 3191 rogationum
332 3110 410 3173 ante
434 3105 518 3171 diem
532 3107 743 3173 Ascensionis
759 3107 899 3173 Domini.
942 3101 997 3173 Tb.
1021 3130 1062 3172 m.
1080 3106 1121 3184 II,
1147 3109 1227 3183 6223
1252 3106 1284 3173 S.
1309 3105 1427 3190 Alph.

98 3199 118 3265 l.
144 3218 173 3262 c.
199 3219 230 3262 n.
258 3195 824 3272 161;Baller.-Palm.1.o.n.
850 3198 924 3261 217.

189 3325 243 3391 An
273 3343 465 3399 ouanslruu
489 3327 528 3390 3¹¹¹
557 3324 596 3390 R.
631 3327 658 3391 l.
706 3324 758 3390 Ex
788 3325 829 3390 iis
859 3345 943 3407 quae
974 3322 1062 3390 diota
1093 3328 1171 3389 sunt
1200 3323 1242 3389 ad
1275 3328 1312 3389 1¹n
1336 3325 1375 3393 R.
1408 3327 1489 3392 lias

97 3418 195 3501 patet
218 3412 456 3491 Etholbertum,
481 3417 657 3495 utcumque
681 3413 779 3479 choro
803 3435 839 3479 se
862 3412 1018 3479 subduxit
1043 3414 1095 3478 vel
1119 3413 1328 3479 subducendo
1352 3436 1428 3499 pee-

97 3503 208 3582 cavit,
241 3502 283 3569 ad
313 3501 478 3585 privatam
501 3501 728 3568 recitationem
760 3501 856 3567 officii
889 3501 990 3567 divini
1021 3523 1086 3567 non
1116 3502 1222 3568 teneri
1244 3503 1278 3568 vi
1301 3504 1428 3587 profes-

95 3593 201 3661 sionis
223 3589 415 3674 religiosao;
439 3612 545 3674 noque
568 3594 700 3659 tenetur
724 3591 790 3657 ullo
814 3593 909 3656 modo
931 3591 964 3655 vi
988 3589 1203 3658 ordinationis
1226 3614 1351 3671 sacrae,
1377 3597 1428 3658 ut·

46 3730 47 3735 .
97 3689 177 3768 pote
201 3701 299 3764 quam
315 3680 457 3746 nondum
473 3680 656 3765 acceperit;
680 3703 785 3763 nequo
801 3679 978 3746 verisimile
995 3684 1047 3747 est
1069 3703 1143 3747 eum
1159 3683 1257 3747 titulo
1281 3681 1428 3747 beneficii

99 3769 315 3838 ecclesiastici
338 3768 454 3837 teneri.
486 3769 628 3852 Ideoque
643 3770 676 3835 in
693 3772 754 3836 hac
770 3792 816 3849 re,
842 3770 927 3853 quod
942 3770 1098 3854 privatim
1122 3770 1203 3835 nihil
1226 3772 1427 3851 recitaverit,

98 3864 280 3947 apeccato
304 3858 392 3926 omni
414 3859 567 3925 immunis
591 3864 651 3926 est.

190 3968 230 4034 R.
254 3971 285 4034 2.
332 3967 385 4032 le
408 3988 486 4033 casu
509 3966 640 4033 videtur
664 3966 763 4032 etiam
786 3969 901 4051 patere
926 3966 1075 4045 chorum,
1105 3989 1169 4032 non
1194 3967 1347 4032 obstante
1371 3968 1429 4033 ab·

98 4056 209 4124 sentia
232 4056 427 4136 Ethelberti,
452 4055 661 4122 nihilominus
684 4055 832 4121 habitum
856 4076 945 4132 esse,
970 4077 1071 4138 quare
1088 4056 1300 4121 Ethelbertus
1324 4078 1429 4139 neque

99 4145 229 4231 peccati
252 4146 365 4229 gravis
388 4166 431 4212 ex
455 4167 492 4210 eo
517 4144 665 4212 accusari
688 4150 810 4230 potest,
834 4146 920 4227 quod
944 4166 1003 4209 sua
1027 4144 1178 4209 absentia
1202 4144 1335 4209 chorum
1359 4167 1428 4210 sus-

98 4235 225 4303 tulerit.
275 4234 522 4301 Oommiseritne
546 4235 617 4301 veri
639 4234 778 4301 nominis
801 4240 972 4319 peccatum
998 4237 1032 4299 et
1055 4233 1160 4315 qrrale,
1185 4233 1306 4316 pendet
1329 4233 1431 4315 igitur

99 4347 120 4392 a
141 4325 214 4391 sola
229 4323 383 4407 religiosa
407 4323 614 4391 oboedientia
637 4323 689 4390 cui
704 4324 903 4391 subiacebat.
938 4322 969 4389 Si
987 4322 1067 4387 haec
1091 4323 1148 4388 sub
1162 4327 1256 4407 pravi
1279 4324 1429 4406 urgebat,

96 4413 250 4500 graviter
278 4412 445 4498 peccavit;
477 4413 611 4492 leviter,
642 4413 671 4480 si
701 4414 761 4479 sub
791 4413 873 4491 levi;
906 4413 1094 4479 nullatenus
1123 4412 1273 4496 peccavit
1303 4413 1429 4479 ratione

99 4503 148 4571 rei
171 4539 216 4548 —
240 4502 296 4568 sed
321 4523 481 4568 summum
506 4503 633 4568 ratione
663 4505 772 4568 motioi
794 4540 834 4548 -
861 4503 888 4568 si
920 4500 1126 4568 oboedientia
1150 4501 1201 4565 vel
1226 4502 1341 4582 regula
1364 4523 1429 4568 non

98 4593 241 4677 urgebat
264 4592 324 4657 sub
347 4591 413 4657 ullo
437 4598 583 4677 peccatu.

1167 4720 1222 4774 29*
