3044 5174
340 299 467 354 Minister
485 297 587 370 poenit.
605 328 640 336 —
660 315 759 352 munus
777 298 935 370 disponendi
954 298 1123 352 confitentes.
1328 300 1393 365 293

62 479 224 545 tessarius
255 479 379 544 factum
408 479 515 562 ipsum
545 478 627 545 satis
656 478 837 556 intellexit,
869 478 1019 560 quamvis
1042 497 1153 542 errore
1179 475 1309 559 privato
1333 497 1393 558 pu·

63 568 188 634 laverit
211 589 276 632 non
300 589 372 633 esse
396 568 518 635 factum
545 569 630 651 quod
655 573 744 634 erat:
774 568 980 651 intenditque
1004 568 1161 633 absolvere
1185 567 1224 630 ab
1248 566 1394 631 omuibus

10 732 13 745 Ι
62 661 199 744 peccatis
224 658 405 740 consessia.“

440 848 680 915 DISPOSITIO
705 848 1016 914 PROCURANDA.

623 1015 733 1081 Casus.
753 1022 829 1091 (146)

153 1154 299 1224 Iustinus,
315 1154 535 1214 commissarius
550 1155 756 1230 negotiatoris,
771 1155 802 1213 in
817 1175 916 1214 annua
930 1153 1118 1214 confessione
1132 1174 1165 1214 se
1180 1159 1303 1214 accusat
1318 1155 1395 1232 quod

64 1235 110 1294 bis
124 1254 193 1294 cum
210 1235 320 1294 femina
334 1236 471 1312 peccavit
479 1258 486 1306 ;
507 1235 538 1293 id
552 1236 648 1294 locum
662 1236 768 1295 habuit
781 1236 811 1293 in
826 1236 933 1295 itinere
947 1235 978 1293 in
993 1235 1125 1306 civitate,
1146 1235 1195 1293 ubi
1210 1235 1300 1294 bisin
1316 1256 1394 1296 anno

10 1340 15 1359 ι
64 1316 188 1391 negotia
209 1316 367 1378 tractanda
394 1316 426 1374 in
447 1316 532 1375 domo
560 1316 613 1375 illa
632 1316 739 1385 habet;
771 1335 849 1375 nunc
876 1315 936 1374 iam
957 1334 975 1374 a
996 1321 1083 1374 sexto
1105 1335 1183 1374 anno
1211 1316 1255 1374 ita
1275 1316 1393 1377 accidit.

155 1396 285 1455 Tarsilla
305 1416 390 1467 uxor,
412 1397 491 1455 inter
511 1397 649 1455 malleum
677 1404 707 1455 et
728 1396 862 1455 incudem
885 1395 1064 1456 constituta:
1093 1395 1119 1454 ai
1139 1395 1218 1473 patri
1246 1396 1310 1455 seni
1332 1397 1394 1456 dili·

63 1483 184 1552 gentem
206 1495 307 1535 curam
327 1477 480 1553 impendit,
500 1495 622 1551 gravem
642 1476 875 1552 indignationem
889 1477 989 1535 mariti
1010 1477 1047 1535 ob
1068 1477 1222 1551 neglectas
1243 1496 1291 1535 rea
1312 1476 1395 1536 fami·

63 1558 155 1615 liares
182 1556 323 1627 incurrit;
353 1558 379 1616 si
407 1576 466 1616 non
493 1556 637 1633 impendit
664 1557 855 1633 exquisitam,
885 1557 1120 1632 obiurgationem
1147 1562 1179 1616 et
1207 1576 1315 1632 graves
1345 1577 1394 1617 ex·

63 1637 273 1713 probrationes
287 1637 382 1714 patris
401 1637 521 1713 patitur.
551 1637 615 1708 Quo
636 1637 748 1697 factum
769 1644 816 1697 est
830 1643 863 1697 ut
877 1644 908 1697 et
921 1637 978 1697 sibi
993 1643 1024 1696 et
1038 1636 1117 1713 patri
1135 1637 1255 1712 saepius
1269 1643 1394 1697 mortem

63 1718 215 1794 optaverit
230 1723 318 1792 atque
333 1717 434 1776 durius
449 1723 479 1776 et
492 1720 599 1777 acerbe
613 1722 728 1795 patrem
744 1718 873 1777 allocuta
887 1718 935 1786 sit,
951 1723 984 1776 ut
997 1723 1083 1793 pater
1096 1737 1196 1776 amara
1210 1717 1303 1777 fleret.
1325 1718 1394 1778 Sae-

62 1797 131 1874 pius
141 1797 264 1869 monita,
280 1816 396 1873 semper
409 1797 441 1855 in
456 1798 556 1856 eadem
567 1805 693 1874 peccata
706 1799 857 1858 relabitur.
880 1798 936 1871 (cf.
946 1797 970 1856 E
979 1797 1128 1867 lbel‚De
1135 1817 1219 1875 poen.
1229 1817 1257 1857 n.
1269 1798 1306 1856 97
1318 1799 1393 1874 sqq.)

63 1902 246 1973 Quinam
269 1905 298 1961 1ο
319 1903 397 1962 sitne
419 1903 501 1962 hisce
522 1903 743 1980 paenitentibus
765 1905 911 1964 absolutio
934 1903 1104 1963 differenda.

266 2003 296 2058 2ο
319 2001 464 2076 quomodo
485 2006 556 2061 ante
577 2002 792 2061 absolutionem
814 2002 989 2079 disponendi
1010 2000 1079 2061 sint.

660 2185 796 2252 Solutio.

153 2326 208 2392 Aa
232 2347 423 2402 qusasrruu
450 2331 487 2392 1¹¹¹
509 2327 548 2395 R.
575 2331 603 2394 1.
649 2325 845 2393 Necessario
876 2326 1054 2394 differenda
1085 2332 1137 2394 est
1166 2328 1327 2394 absolutio
1351 2335 1456 2394 extu

61 2417 229 2482 alterutra
257 2416 402 2494 ratione,
434 2417 487 2481 vel
517 2415 593 2498 quia
622 2418 765 2482 nondum
795 2416 890 2482 adest
913 2417 1079 2482 sufficiens
1105 2417 1304 2501 paenitentis
1327 2417 1393 2484 dis·

60 2505 194 2589 positio,
218 2504 272 2570 vel
297 2506 373 2587 quia
396 2504 509 2572 dilatio
533 2506 745 2572 absolutionis
769 2510 922 2572 censetur
944 2507 1123 2573 remedium
1147 2507 1189 2572 ad
1213 2507 1392 2590 aagendam

62 2593 337 2660 emendationem.

153 2683 332 2767 Dispositio
357 2682 466 2761 deest,
493 2683 521 2748 si
544 2684 637 2749 deest
662 2683 847 2749 necessaria
870 2683 1048 2751 detestatio
1071 2685 1198 2768 peccati
1222 2685 1394 2769 praeteriti

61 2772 234 2839 sincerave
258 2773 412 2838 voluntas
442 2772 474 2837 in
505 2777 672 2857 posterum
702 2794 766 2837 non
796 2773 952 2857 peccandi
975 2774 1028 2838 vel
1059 2774 1239 2839 occasionis
1266 2775 1394 2858 peccati

60 2861 221 2927 vitandae
255 2861 326 2926 sive
359 2862 603 2944 qualiscumque
634 2863 747 2944 gravis
779 2861 989 2945 obligationis
1022 2863 1216 2947 implendae.
1270 2863 1393 2931 Dilatio

61 2951 128 3017 erit
150 2950 329 3015 remedium
353 2951 587 3029 necessarium,
612 2951 640 3016 si
663 2952 733 3016 sine
756 2952 814 3017 illa
836 2972 993 3035 praesens
1014 2953 1169 3020 voluntas
1191 2954 1277 3018 bona
1302 2953 1392 3019 brevi

59 3039 225 3106 iudicetur
247 3044 409 3106 mutatum
431 3039 481 3106 iri.

152 3137 191 3203 R.
211 3140 241 3203 2.
280 3138 317 3202 In
333 3142 473 3219 utroque
490 3158 568 3202 casu
590 3137 757 3221 proposito
780 3137 921 3203 habetur
944 3138 1098 3221 frequens
1116 3140 1274 3223 relapsus,
1299 3140 1392 3223 isque

60 3247 104 3292 ex
135 3226 306 3292 occasione
337 3227 501 3292 oriundus.
554 3227 722 3308 Frequens
753 3232 863 3293 autem
896 3228 1045 3312 relapsus
1077 3229 1130 3293 vel
1163 3233 1392 3310 argumentum

60 3320 114 3382 est
137 3336 277 3398 magnae
301 3316 531 3382 mutabilitatis
555 3321 589 3382 et
611 3315 759 3382 infirmae
783 3317 972 3393 voluntatis
998 3318 1051 3382 vel
1075 3317 1295 3384 coniecturam
1318 3319 1392 3403 plus

59 3405 212 3470 minusve
234 3426 371 3488 gravem
393 3407 531 3489 praebet
553 3404 774 3488 dispositionis
797 3406 1023 3473 insufficientis
1045 3406 1078 3470 in
1101 3407 1290 3490 praeteritis
1314 3430 1392 3474 con·

59 3493 259 3560 sessionibus
282 3515 321 3559 ao
345 3494 438 3578 proin
461 3494 594 3560 maioris
618 3494 778 3560 cautionis
801 3496 1032 3578 postulandae,
1059 3516 1100 3560 ne
1123 3496 1156 3561 in
1179 3497 1241 3562 hac
1264 3518 1392 3581 quoque

60 3583 269 3649 confessione
292 3583 421 3649 facilius
445 3583 478 3648 in
500 3584 650 3649 favorem
673 3583 895 3668 dispositionis
918 3584 1070 3650 iudicium
1093 3584 1229 3653 feratur.

151 3681 190 3747 R.
216 3683 246 3746 3.
293 3680 434 3759 Dilatio,
465 3686 502 3748 ut
524 3683 646 3765 prosit,
674 3703 739 3747 non
763 3682 861 3748 debet
884 3703 956 3747 esse
980 3682 1149 3759 diuturna;
1180 3688 1390 3769 quapropter,
1401 3693 1453 3746 515

59 3770 116 3836 ubi
151 3790 193 3835 ex
228 3770 300 3835 sola
335 3770 489 3836 diuturna
524 3771 679 3836 dilatione
714 3771 864 3854 probatio
899 3772 1019 3838 certior
1053 3771 1275 3855 dispositionis
1307 3776 1391 3840 sumi

58 3858 223 3944 potuerit,
249 3859 314 3924 alia
338 3860 448 3943 potius
470 3861 578 3926 media
601 3861 790 3943 quaerenda
811 3866 905 3939 sunt,
936 3882 978 3926 ex
1002 3862 1182 3944 quibusda
1206 3864 1391 3931 necessaria

59 3947 275 4033 dispositione
305 3949 427 4014 actuali
458 3953 596 4015 constet.
643 3950 728 4015 Hinc
759 3950 880 4034 optime
904 3950 1034 4033 quidem
1058 3951 1181 4016 differri
1203 3957 1314 4036 potest
1337 3954 1390 4018 vel

59 4038 161 4104 etiam
185 4038 284 4103 debet
307 4037 485 4116 absolutio,
510 4044 548 4104 ut
570 4042 671 4104 antea
693 4039 849 4121 obligatio
874 4041 1033 4121 quaedam
1057 4041 1170 4122 gravis
1194 4045 1227 4106 et
1251 4042 1391 4108 molesta

57 4127 252 4212 impleatur,
284 4127 311 4191 si
342 4127 455 4193 statim
479 4128 531 4193 vel
563 4129 654 4192 brevi
685 4132 761 4211 post
785 4133 895 4212 potest
924 4130 1068 4213 impleri,
1099 4151 1130 4196 v.
1155 4152 1186 4211 g.
1212 4130 1388 4207 restitutio,

58 4215 292 4293 reconciliatio,
317 4216 433 4282 eiectio
456 4217 636 4282 occasionis
659 4218 788 4301 peccati
811 4218 1000 4295 continuae3
1025 4218 1082 4283 sed
1105 4219 1133 4283 si
1157 4219 1313 4300 obligatio
1332 4220 1391 4286 illa

58 4310 137 4390 post
167 4306 355 4372 diuturnum
385 4310 515 4372 tantum
546 4311 675 4389 tempus
708 4307 889 4390 paenitenti
921 4307 1094 4385 incumbit,
1127 4309 1297 4373 moraliter
1328 4307 1389 4373 im-

57 4395 214 4480 possibile
244 4398 297 4460 est
326 4416 384 4478 per
416 4395 551 4461 dilatam
582 4397 820 4463 absolutionem
850 4397 940 4461 illam
970 4418 1098 4479 urgere.
1146 4397 1237 4474 Quod
1260 4398 1391 4480 applica

58 4487 102 4551 ad
126 4505 239 4551 casum
262 4483 395 4562 lustini‚
426 4486 454 4549 si
484 4489 614 4568 tempus
638 4486 784 4553 consueti
810 4486 936 4550 itineris
959 4486 991 4550 in
1016 4507 1079 4568 quo
1103 4507 1239 4569 peccare
1262 4487 1390 4554 solebat

58 4579 136 4659 post
157 4574 269 4658 plures
293 4595 422 4639 menses
446 4574 576 4639 demum
600 4575 716 4641 aderit.
764 4575 895 4641 Scilicet
919 4574 988 4640 eius
1019 4576 1175 4657 obligatio
1203 4580 1254 4642 est
1283 4577 1389 4642 locum

59 4664 153 4729 illum
176 4662 231 4728 vel
262 4662 393 4727 domum
423 4664 566 4740 evitare,
598 4668 657 4730 aut
686 4665 734 4729 ita
763 4685 799 4729 se
829 4685 945 4746 gerere
975 4669 1012 4729 ut
1041 4666 1175 4730 nonsit
1203 4667 1293 4731 solus
1316 4687 1389 4732 cum
