3044 5174
449 315 616 370 Matrimonii
634 316 705 370 ritus
723 316 793 370 sacri
814 319 841 370 et
861 315 1019 370 benedictio.
1332 319 1395 384 507

157 542 291 611 RITUS
316 543 441 611 SACRI
464 545 513 610 IN
537 544 698 621 QUIBUS
722 543 1017 610 MATRlMONlIS
1041 543 1300 609 ADHIBENDI.

634 711 743 778 dasne.
764 717 840 786 (258)

154 850 296 927 lunipero
305 851 436 927 parocho
454 871 487 910 se
506 852 617 910 sistunt
627 851 807 910 matrimonii
821 851 941 909 ineundi
957 871 1048 909 causa
1059 855 1232 927 sequentes:
1251 853 1278 922 1)
1290 850 1395 909 Oantin

64 949 131 990 cum
154 951 266 1009 sponso
287 931 470 1002 acatholico,
492 932 541 1007 qui
564 936 630 1007 post
652 931 751 990 datam
773 930 859 989 fidem
881 930 916 990 de
939 932 1087 990 catholica
1108 932 1200 1007 prolis
1222 931 1395 989 educatione

63 1030 130 1070 cum
151 1011 360 1071 benedictione
380 1011 560 1070 sacerdotali
582 1011 758 1070 contrahere
781 1012 918 1088 cupiunt,
947 1018 1053 1088 postea
1074 1013 1104 1069 in
1127 1011 1255 1069 ecclesia
1276 1011 1395 1070 acatho-

63 1091 123 1150 lica
144 1091 364 1152 matrimonium
386 1091 573 1162 celebraturi,
595 1093 672 1167 quod
693 1111 820 1168 sponsus
835 1091 924 1150 officii
940 1112 1030 1150 causa
1052 1097 1082 1150 et
1103 1092 1139 1150 ad
1161 1092 1395 1150 conservandam

63 1191 168 1248 pacem
191 1191 257 1231 curn
278 1192 333 1231 sua
354 1172 467 1230 familia
488 1191 578 1247 agere
600 1173 700 1244 debet3
724 1172 755 1243 2>
777 1172 922 1230 Gentiana
945 1192 1009 1230 cum
1032 1192 1140 1248 sponso
1164 1172 1395 1230 franconrurario

66 1251 216 1311 catholice
237 1252 398 1329 baptizato,
420 1253 469 1329 qui
485 1253 618 1311 confiteri
634 1251 740 1321 renuit,
764 1254 824 1322 sed,
848 1253 884 1310 ad
899 1253 1063 1327 augendam
1080 1253 1292 1322 celebritatem,
1315 1253 1397 1328 cupit

64 1332 203 1409 accipere
221 1352 286 1391 cum
307 1351 418 1410 sponsa
440 1333 610 1392 sollemnem
631 1332 865 1391 benedictionem
887 1333 917 1390 in
939 1333 1039 1402 missa,
1061 1333 1091 1391 in
1113 1352 1180 1409 qua,
1203 1333 1228 1390 si
1250 1353 1324 1409 opus
1347 1333 1395 1403 sit,

64 1432 124 1472 non
153 1413 254 1473 renuit
283 1432 398 1472 sumere
429 1433 469 1472 ss.
494 1413 723 1481 eucharistiam
755 1414 785 1483 3)
808 1413 986 1471 cantianilla
1020 1432 1084 1471 curn
1118 1432 1227 1488 sponso
1261 1415 1348 1472 atheo
1380 1433 1395 1471 c

64 1498 149 1552 secta
174 1492 351 1553 Oalviniana
371 1492 503 1563 oriundo,
527 1493 573 1551 cui
595 1499 735 1568 parentes
757 1493 883 1569 puellam
905 1493 1140 1568 desponderant:
1164 1493 1199 1551 de
1222 1494 1305 1551 cuiue
1326 1495 1396 1570 bap·

64 1573 153 1632 tismo
176 1592 286 1648 graves
307 1574 425 1632 omnino
441 1578 511 1632 sunt
524 1572 656 1631 rationes
678 1572 839 1643 dubitandi,
862 1573 913 1631 sed
930 1573 987 1648 qui,
1011 1592 1075 1631 cum
1091 1572 1247 1648 luniperus
1262 1579 1397 1632 moneret

65 1653 100 1712 de
121 1654 272 1730 baptismo
300 1654 406 1712 saltem
427 1653 525 1711 valido
554 1653 759 1729 suscipiendo,
788 1652 867 1711 hunc
895 1653 1067 1728 religiosum
1095 1653 1184 1712 ritum
1206 1653 1334 1723 deridet,
1364 1659 1396 1711 at

64 1732 203 1811 placendi
224 1752 353 1810 sponsae
374 1733 471 1808 gratia
493 1739 617 1810 paratus
639 1739 686 1792 cst
707 1753 774 1792 eum
795 1733 959 1792 admittere.

64 1845 244 1918 Qussarrua
267 1850 295 1905 1⁰
316 1847 416 1924 quiin
437 1848 543 1923 quibus
564 1848 760 1908 matrimoniis
782 1847 914 1923 religiosi
935 1849 1011 1907 ritus
1033 1847 1191 1906 adhibendi
1213 1848 1281 1906 sint.

266 1945 297 2003 2ο
318 1945 386 2020 quid
408 1945 444 2003 ad
467 1964 555 2004 casus
576 1946 755 2022 propositos,
779 1965 831 2004 seu
847 1946 991 2022 quomodo
1012 1946 1160 2022 parochus
1182 1965 1248 2004 curn
1270 1945 1396 2019 singulis

320 2044 410 2100 agere
431 2025 546 2084 debeat.

664 2199 799 2267 Solutio.

155 2341 209 2406 An
226 2362 417 2417 ouansrruu
437 2347 473 2408 1¹⁰
490 2342 528 2408 R.
549 2346 576 2409 1.
618 2343 761 2426 Sponsa,
786 2343 812 2407 si
838 2348 914 2409 suut
934 2344 1029 2409 ambo
1047 2344 1197 2410 catholici
1222 2345 1254 2408 in
1279 2344 1455 2415 unioneae1

63 2432 96 2495 et
120 2451 206 2514 pace
221 2431 391 2497 Ecclesiae
407 2433 568 2509 viventes,
594 2432 767 2497 adhibendi
791 2437 868 2498 suut
890 2433 913 2496 ii
936 2433 1020 2500 ritus
1044 2433 1129 2498 sacri
1153 2433 1206 2515 qui
1223 2433 1255 2497 in
1272 2433 1395 2498 Rituali

63 2524 96 2586 et
111 2519 241 2585 Missali
265 2521 481 2588 adnotantur:
506 2522 672 2587 sollemnis
696 2522 753 2586 illa
776 2522 958 2588 benedictio
982 2524 1015 2587 in
1039 2523 1163 2588 Missali
1187 2526 1303 2588 notata
1327 2530 1396 2588 tum

64 2614 206 2688 tanturn,
231 2610 360 2691 quando
384 2615 514 2694 tempus
538 2615 572 2676 et
594 2632 807 2694 personarum
830 2611 974 2676 condicio
999 2613 1031 2677 id
1055 2613 1226 2696 permittit.
1259 2613 1396 2678 Contra·

10 2736 13 2769 ;
64 2698 142 2764 here
173 2699 417 2765 matrimonium
448 2700 518 2765 sine
548 2700 681 2783 parochi
711 2722 768 2765 seu
799 2701 980 2766 sacerdotis
1009 2702 1215 2778 interventu,
1247 2702 1308 2766 nisi
1336 2702 1395 2766 im-

63 2787 266 2872 possibilitas
295 2788 340 2853 sit
369 2792 404 2853 et
435 2789 616 2855 necessitas
648 2794 782 2871 urgeat,
817 2811 947 2874 semper
976 2796 1010 2857 et
1041 2791 1158 2873 ubique
1190 2796 1262 2856 erat
1288 2795 1321 2855 et
1345 2795 1396 2856 est

64 2897 169 2959 grave
192 2883 364 2960 peccatum
389 2878 568 2944 catholicis.
620 2879 676 2945 [lh.
701 2902 741 2945 m.
765 2878 806 2956 ΙΙ,
833 2882 907 2948 693.

10 3058 12 3080 .
152 2991 193 3059 R.
219 2994 250 3059 2.
296 2993 468 3057 Sollenrnis
491 2992 593 3075 igitur
616 2994 674 3058 illa
697 2993 840 3058 Missalis
863 2994 1046 3059 benedictio
1077 3015 1141 3058 non
1166 2994 1263 3059 datur
1286 2993 1318 3057 in
1342 3015 1395 3058 se-

64 3081 179 3147 cundis
203 3081 325 3165 nuptiis
348 3081 560 3159 feminarum,
595 3082 622 3147 si
656 3083 785 3166 quando
815 3084 847 3148 in
872 3083 985 3167 primis
1009 3083 1076 3148 suis
1101 3084 1223 3166 nuptiis
1247 3105 1318 3147 earn
1342 3104 1394 3147 re-

63 3169 230 3257 ceperint;
254 3191 359 3253 neque
383 3170 536 3238 daturin
560 3172 786 3249 matrimoniis
811 3173 839 3237 si
863 3193 946 3254 quae
970 3177 1119 3255 ternpore
1136 3173 1246 3236 clauso
1264 3175 1394 3237 contra·

63 3260 203 3334 huntur;
234 3280 339 3343 neque
363 3265 459 3326 extra
483 3260 632 3337 missam,
663 3262 725 3326 uisi
755 3262 841 3326 forte
872 3261 1039 3344 singulare
1067 3263 1164 3345 plane
1188 3261 1395 3345 privilegium

63 3350 169 3417 Roma
193 3349 305 3415 datum
328 3349 429 3414 fuerit
452 3370 525 3414 eam
550 3349 647 3414 dandi
671 3355 767 3416 extra
790 3351 933 3416 missam.

153 3455 289 3532 Quando
314 3456 395 3521 haec
418 3455 585 3520 sollemnis
611 3457 792 3522 benedictio
816 3461 1019 3522 nrotrimonio
1043 3457 1197 3523 convenit
1216 3478 1320 3540 neque
1345 3480 1397 3523 re·

63 3550 161 3631 cepta
185 3549 252 3610 est:
283 3544 435 3610 hortandi
464 3544 593 3628 quidem
619 3550 696 3611 sunt
719 3545 890 3628 coniuges,
922 3568 985 3611 non
1010 3551 1122 3611 tamen
1146 3547 1328 3629 obligandi,
1360 3551 1398 3612 ut

63 3640 183 3720 postea
206 3655 279 3700 eam
303 3634 473 3719 recipiant.
526 3635 581 3701 Th.
607 3658 647 3701 on.
672 3635 713 3713 ΙΙ,
740 3638 813 3702 694.

153 3750 193 3816 R.
219 3752 248 3816 3.
295 3749 539 3816 Matrimonium
563 3751 702 3815 mixtum
731 3751 784 3815 vel
815 3772 925 3816 eorum
951 3773 1086 3834 quorum
1115 3754 1458 3835 alterute1·spon·882

63 3861 176 3907 sorum
199 3860 262 3904 non
287 3844 338 3906 est
362 3840 394 3904 in
419 3861 500 3923 pace
524 3843 558 3905 et
576 3841 694 3905 unione
711 3862 782 3905 cum
800 3841 957 3916 Ecclesia,
983 3842 1009 3905 si
1027 3863 1137 3908 coram
1154 3843 1293 3925 parocho
1311 3842 1396 3906 ccle-

63 3929 226 3996 brandum
250 3932 311 4006 est,
333 3952 392 4014 per
414 3952 448 3994 ec
471 3928 700 3995 celebrandurn
724 3934 775 3995 est
798 3930 989 3997 assistentia
1005 3936 1149 4016 passiva,
1174 3936 1270 3995 extra
1294 3931 1397 3996 eccle·

63 4019 158 4096 siam,
183 4018 253 4084 siue
277 4019 343 4083 ullo
367 4019 432 4084 ritu
457 4024 491 4085 et
514 4024 609 4085 veste
632 4041 736 4085 sacro.

154 4134 193 4200 R.
225 4136 255 4199 4.
302 4133 537 4210 NihilominuS,
569 4135 597 4198 si
627 4134 669 4199 ad
700 4134 856 4200 evitanda
887 4136 1012 4200 maiora
1043 4136 1130 4200 mala
1160 4134 1207 4198 iia
1241 4134 1395 4218 expedire

62 4222 238 4290 ordinariis
259 4223 399 4299 videtur,
423 4222 535 4288 licebit
558 4223 700 4305 aliquem
724 4224 822 4289 ritum
846 4246 975 4289 sacrum
1000 4223 1153 4289 adhibere
1178 4222 1223 4303 (in
1247 4225 1395 4288 favorem

62 4312 220 4378 videlicet
251 4313 355 4395 partis
386 4312 566 4377 catholicae
596 4312 629 4376 in
660 4333 741 4396 pace
772 4334 843 4378 curn
874 4313 1023 4378 Ecclesia
1054 4313 1226 4391 viventis),
1258 4334 1396 4394 eumque

62 4403 95 4468 in
122 4400 261 4467 ecclesia
285 4406 334 4479 et,
366 4405 394 4467 ai
424 4406 636 4467 accessorium
667 4405 781 4486 fucrit,
815 4423 942 4468 ornnem
968 4403 1077 4484 quiin
1103 4402 1226 4468 Rituali
1251 4407 1394 4474 notatur.

62 4493 205 4575 excepto
228 4512 358 4573 semper
381 4512 424 4557 ss.
450 4491 569 4556 missae
592 4492 752 4557 sacrificio
783 4491 997 4573 sollemnique
1021 4492 1248 4558 benedictione
1280 4513 1338 4575 per·
1361 4512 1396 4554 se

61 4581 152 4647 infra
184 4579 317 4644 missam
351 4580 467 4646 danda.
515 4580 567 4645 Ita
600 4602 642 4645 ex
665 4582 815 4647 Instruct.
848 4585 937 4646 iussu
965 4583 1019 4647 Pii
1045 4583 1101 4647 IX
1128 4583 1204 4646 dcto
1237 4605 1266 4645 a.
1294 4583 1397 4657 1858,-

60 4695 89 4740 υ.
117 4672 312 4737 Collectuncn
337 4671 371 4735 S.
398 4672 510 4754 Conpr.
536 4670 692 4756 deProp.
717 4672 854 4736 Fiden.
882 4674 977 4736 1430.
