3044 5174
147 255 211 320 546
613 246 818 303 Sacramentum
837 247 1008 303 matrimonii.

147 424 355 493 matrimonio
377 423 444 491 iam
465 445 566 507 supra
589 424 711 489 dictum
735 428 796 492 est.
842 422 982 507 Reliqua
1005 425 1069 491 duc
1092 425 1158 492 ista
1182 426 1395 494 matrimonia
1408 449 1462 494 non

147 521 224 583 sunt
253 536 296 581 ex
326 534 460 580 numero
486 533 596 579 eorum
621 533 705 595 quae
727 534 786 597 per
809 513 1008 580 ordinarium
1031 514 1085 580 vel
1107 516 1288 600 parochum
1311 521 1464 619 nequeant
1502 494 1511 627 Ι

147 605 297 673 absolute
320 601 507 668 revalidari.
546 600 701 679 Quaestio
724 602 796 668 sola
818 606 871 669 est
892 624 970 669 num
992 625 1029 669 re
1051 603 1123 689 ipsa
1145 605 1180 670 in
1202 605 1291 685 navi,
1316 627 1391 673 cum
1412 607 1465 672 vin

146 693 194 760 illi
225 694 265 759 de
295 692 366 758 vita
395 689 676 775 periclitarentur,
707 691 907 774 dispensatio
937 691 977 757 iis
1007 693 1153 777 potuerit
1182 694 1254 761 dari
1279 700 1382 779 atque
1404 696 1466 782 ipsa
1505 666 1514 779 Ι

42 788 45 793 “
147 781 357 849 matrimonia
386 779 545 845 Bernardi
578 784 612 845 et
641 779 806 847 cuniberti
839 780 1023 848 revalidata
1055 782 1131 851 sint.
1178 782 1271 860 Quod
1303 806 1385 852 sane
1416 805 1466 870 per

147 872 341 938 facultatem
364 868 396 935 S.
422 868 514 935 Offic.
540 868 617 934 anni
643 870 727 934 1888
751 869 822 935 fieri
843 892 908 935 non
925 874 1041 956 potuit.

236 978 324 1043 Nam
350 974 383 1058 1)
406 975 440 1041 in
469 975 534 1040 illis
565 975 819 1042 circumstantiis
847 977 1022 1060 periculosi
1051 977 1155 1044 morbi
1184 999 1244 1063 per
1274 980 1466 1046 ordinarium

149 1068 202 1134 vel
225 1066 429 1132 sacerdotem
453 1085 518 1130 non
540 1064 744 1131 revelidatur
767 1065 1019 1145 matrimonium,
1043 1067 1101 1132 sed
1125 1067 1336 1152 dispensatur
1360 1070 1402 1136 ab
1417 1069 1468 1135 im·

147 1155 352 1241 pedimentis,
378 1159 414 1221 ut
437 1153 679 1219 matrimonium
703 1154 812 1220 valide
835 1155 984 1221 contrahi
1007 1176 1092 1221 nunc
1115 1156 1229 1241 possit.
1274 1158 1468 1225 contrahere

148 1247 269 1311 debent
291 1243 353 1328 ipsi
376 1242 518 1327 putativi
542 1243 706 1326 coniuges.
742 1243 834 1320 Quod
851 1265 915 1310 non
938 1246 977 1311 fit
991 1265 1098 1328 neque
1112 1246 1182 1311 fieri
1198 1251 1321 1331 potest,
1346 1247 1469 1330 quando

147 1355 231 1401 unus
254 1354 296 1399 ex
320 1331 539 1399 contracturis
560 1331 594 1397 in
617 1331 700 1397 mari
724 1332 891 1399 Atlantico
915 1333 1063 1413 exsistit,
1095 1334 1182 1402 alter
1212 1335 1313 1419 longe
1347 1336 1469 1405 dmtuns

146 1424 181 1490 in
204 1420 358 1487 America
380 1424 542 1499 versatur,
567 1419 615 1486 rei
638 1420 768 1487 omnino
792 1421 937 1503 ignarus.

237 1529 323 1594 Sane
345 1526 403 1593 illa
425 1527 568 1593 facultas
590 1526 766 1611 praecipue
789 1528 869 1594 data
891 1531 943 1594 est
965 1549 1024 1612 pro
1048 1528 1178 1595 casibus
1200 1530 1341 1614 publicis
1361 1532 1470 1598 matri·

148 1619 328 1684 moniorum
357 1637 468 1682 coram
491 1616 639 1682 Ecclesia
663 1616 841 1696 nullorum,
872 1637 957 1700 quae
981 1617 1091 1684 valida
1114 1618 1200 1684 effici
1222 1625 1392 1702 nequeant
1414 1621 1470 1686 nisi

147 1728 307 1773 consensu
330 1726 415 1772 novo
439 1706 480 1771 ab
505 1710 644 1787 utroque
667 1726 752 1771 nunc
776 1706 934 1788 ponendo.
974 1706 1039 1772 Sed
1062 1706 1124 1773 etsi
1148 1707 1273 1786 damus,
1299 1714 1337 1777 ut
1358 1732 1471 1776 revera

147 1800 199 1862 est
222 1795 409 1873 dicendum,
435 1815 498 1860 non
521 1794 650 1860 excludi
672 1794 905 1878 impedimenta
928 1795 1073 1873 occulta,
1098 1816 1259 1880 posseque
1282 1819 1398 1865 casum
1420 1820 1470 1865 oc·

147 1905 277 1950 currere
307 1884 340 1949 in
371 1904 434 1966 quo
465 1904 614 1968 compare
645 1884 685 1948 de
715 1883 867 1950 nullitate
897 1884 1095 1950 matrimonii
1122 1889 1237 1970 aperte
1259 1887 1390 1954 moneri
1411 1910 1472 1954 non

147 1973 267 2058 possit:
298 1979 410 2039 tamen
433 1972 534 2038 etiam
556 1972 589 2038 in
612 1972 674 2038 hoc
698 1994 776 2040 casu
798 1978 872 2040 tota
894 1995 948 2040 res
971 1973 1085 2058 peragi
1108 1974 1222 2057 nequit
1245 1975 1287 2041 ab
1311 1997 1378 2044 uno
1401 1981 1471 2044 tan·

147 2067 233 2140 tum,
265 2063 324 2128 sed
353 2083 427 2128 cum
456 2060 552 2127 huius
582 2082 742 2127 consensu
772 2063 812 2127 de
842 2083 927 2129 novo
958 2062 1035 2130 date
1059 2064 1178 2130 saltem
1201 2063 1355 2148 coniungi
1380 2066 1472 2133 debet

148 2172 325 2218 consensus
348 2151 495 2228 alterius,
519 2151 573 2233 qui
597 2171 633 2216 se
656 2156 694 2217 ut
716 2171 932 2235 perseverans
954 2151 1007 2218 hic
1029 2155 1064 2217 et
1087 2150 1329 2220 nunc'externe
1345 2155 1471 2239 prodat.

147 2241 239 2318 Quod
269 2241 302 2306 in
334 2243 446 2305 nostro
477 2260 554 2305 casu
579 2240 612 2305 in
635 2239 844 2306 matrimonio
867 2262 972 2324 neque
995 2241 1155 2307 Bernardi
1177 2262 1285 2325 neque
1309 2242 1472 2311 Cuniberti

147 2330 301 2415 possibile
324 2334 384 2396 est.
431 2329 548 2405 Quare,
575 2328 637 2394 nisi
661 2329 881 2395 confessarius
904 2330 937 2395 in
961 2330 1037 2395 navi
1060 2330 1225 2397 exsistens
1248 2331 1405 2400 habuerit
1425 2334 1472 2399 fa·

148 2420 305 2486 cultatem
329 2419 426 2500 longe
450 2418 641 2500 ampliorem
665 2417 802 2483 sanandi
826 2417 984 2485 eiusmodi
1006 2418 1216 2486 matrimonia
1239 2419 1272 2485 in
1295 2421 1472 2500 radice,iu

148 2508 268 2574 nostris
299 2507 428 2572 casibus
457 2506 538 2570 nihil
560 2506 668 2590 potuit
691 2506 817 2584 facere,
849 2506 910 2572 nisi
934 2512 1009 2592 post
1032 2513 1203 2593 acceptam
1225 2509 1472 2592 promissionem

148 2617 216 2662 rem
241 2601 356 2679 postea
379 2595 442 2661 rite
466 2595 679 2679 componendi
702 2602 802 2678 atque
819 2595 929 2674 etiam,
954 2595 982 2662 si
998 2617 1079 2680 opus
1094 2597 1205 2676 fuerit,
1230 2621 1251 2664 a
1266 2598 1473 2666 matrimonio

146 2685 203 2751 illo
226 2685 315 2750 nullo
339 2684 520 2761 recedendi,
546 2684 634 2749 viros
656 2685 739 2750 istos
763 2707 783 2750 a
806 2685 950 2768 peccatis
973 2690 1008 2752 et
1031 2687 1176 2751 censuris
1200 2687 1386 2756 absolvere.

237 2792 271 2874 2)
300 2791 435 2858 Accedit
458 2791 545 2873 quod
567 2792 641 2856 finis
664 2790 747 2873 legis
769 2791 803 2856 in
826 2795 938 2856 nestro
963 2813 1041 2857 casu
1063 2814 1129 2857 non
1152 2793 1338 2876 attingitur.
1387 2795 1474 2861 Finis

146 2881 229 2964 legis
262 2886 313 2948 est
345 2901 386 2946 ne
418 2880 489 2962 quis
522 2881 555 2945 in
587 2881 744 2947 extremis
767 2880 893 2963 positus
922 2884 1046 2964 pereat.
1094 2882 1158 2948 Sed
1186 2881 1220 2948 in
1250 2888 1365 2950 nostro
1398 2906 1473 2951 casu

147 2970 259 3037 dilatio
291 2969 387 3035 huius
418 2969 542 3052 negotii
572 2969 785 3052 componendi
815 2991 879 3034 non
910 2969 1030 3036 conicit
1059 2971 1263 3037 Bernardum
1294 2972 1347 3037 vel
1379 2973 1472 3039 Cuni-

146 3061 274 3126 bcrtum
298 3059 332 3123 in
355 3059 533 3142 periculum
557 3058 683 3124 salutis.
730 3058 875 3141 Urgeret
899 3079 961 3136 res,
986 3059 1012 3123 si
1037 3080 1109 3125 curn
1132 3059 1293 3144 putativis
1317 3063 1472 3129 uxoribus

146 3149 241 3214 simul
266 3152 377 3214 essent
399 3148 432 3212 in
456 3149 542 3214 navi.
583 3148 646 3214 Sed
670 3148 799 3229 quando
823 3147 918 3213 simul
941 3146 1043 3214 futuri
1067 3149 1134 3215 sint
1150 3170 1222 3214 cum
1238 3149 1313 3215 istis
1329 3151 1471 3218 mulieri·

146 3239 221 3314 bue,
252 3237 433 3321 periculum
462 3236 577 3303 mortis
607 3257 665 3301 sen
696 3236 800 3301 morbi
830 3236 1001 3320 periculosi
1033 3236 1086 3302 diu
1111 3238 1175 3303 erit
1198 3240 1470 3326 praeterlapsum,

146 3326 292 3408 adeoque
315 3331 393 3391 tunc
416 3325 474 3390 illa
497 3325 706 3408 dispensandi
729 3324 881 3404 facultas,
906 3325 1129 3392 deficientibus
1153 3327 1398 3395 condicionibus
1418 3351 1472 3396 nc·

147 3414 297 3480 cessariis
321 3436 378 3498 pro
403 3414 519 3496 quibus
543 3416 621 3480 data
644 3419 705 3493 est,
730 3415 887 3499 applicari
912 3415 1052 3499 amplius
1076 3416 1198 3498 nequit.

85 3541 136 3594 953
237 3520 274 3586 lt.
300 3523 329 3586 5.
376 3521 440 3586 Pro
465 3522 612 3586 Conrado
636 3521 738 3604 igitur
761 3543 824 3586 non
848 3521 970 3588 sufficit
993 3543 1081 3604 vaga
1103 3522 1233 3588 illorum
1256 3523 1404 3590 virorum
1427 3525 1474 3591 in·

147 3609 284 3686 dicatio,
316 3609 400 3690 qued
431 3610 670 3677 absolutionem
694 3616 727 3676 et
751 3611 1027 3694 dispensationem
1059 3633 1079 3676 a
1108 3611 1309 3678 confessario
1340 3615 1473 3698 amplis·

147 3699 237 3764 simis
260 3698 472 3765 facultatibus
496 3700 656 3766 instructo
681 3700 877 3782 acceperint.
916 3701 1002 3765 Nam
1027 3722 1090 3766 non
1113 3705 1224 3784 potest
1247 3722 1291 3766 ex
1308 3700 1372 3768 hac
1389 3724 1474 3786 vaga

146 3788 343 3853 indicatione
374 3789 551 3870 prudenter
580 3789 724 3854 iudicare
748 3789 907 3854 Bernardi
931 3793 965 3855 et
988 3789 1153 3856 Cuniberti
1177 3790 1389 3857 matrimonia
1411 3793 1474 3858 iam

148 3878 257 3942 valida
287 3897 359 3942 esse
389 3877 496 3955 facta,
528 3878 680 3959 virosque
709 3877 798 3960 ipses
822 3878 863 3942 ab
887 3877 973 3942 omni
997 3884 1075 3944 voto
1099 3878 1250 3961 omnique
1274 3880 1473 3963 obligatione

146 3987 227 4048 erga
257 3966 386 4032 ordines
417 3988 498 4048 quos
529 3966 729 4048 reliquerant
759 3988 830 4032 csse
861 3967 996 4032 solutos
1043 3967 1107 4033 Sed
1138 3968 1243 4050 quoad
1272 3969 1355 4035 haec
1379 3971 1474 4036 debet

146 4078 222 4144 scos
246 4056 423 4122 facultates
447 4056 623 4139 inspicere,
649 4060 748 4136 atque
772 4055 905 4139 insuper
928 4056 1099 4122 attendere
1123 4057 1165 4122 ad
1189 4057 1382 4124 scandalum
1406 4060 1473 4125 sive

146 4145 408 4227 praecavendum
432 4145 502 4209 sive
526 4144 760 4228 reparandum:
786 4145 872 4227 quod
887 4145 992 4229 ipsum
1009 4144 1177 4211 decretum
1195 4146 1226 4213 S.
1244 4145 1351 4213 Officii
1375 4169 1474 4232 supra

147 4235 315 4300 laudatum
338 4239 459 4312 monet,
484 4233 511 4298 ai
536 4234 664 4315 quando
689 4255 766 4298 usus
790 4236 827 4299 fit
851 4234 1133 4300 extraordinariae
1156 4236 1328 4304 facultatis
1349 4238 1393 4303 ab
1416 4238 1473 4304 im·

146 4324 332 4406 pedirnento
356 4323 441 4388 sacri
465 4324 587 4388 ordinis
610 4323 663 4387 vel
686 4322 853 4388 sollemnis
877 4323 946 4390 veti
971 4323 1188 4407 dispensandi.

234 4431 273 4494 lt.
293 4434 322 4496 6.
361 4430 571 4512 Regulariter
593 4430 704 4512 itaque
728 4451 781 4495 res
805 4432 1027 4514 componenda
1050 4432 1114 4498 erit
1137 4453 1196 4516 per
1219 4453 1388 4499 recursum
1412 4435 1474 4501 Ro·

146 4541 233 4583 marn
257 4519 451 4585 faciendum.
492 4520 535 4584 Et
559 4519 711 4601 quoniam
727 4520 915 4585 Bernardus
939 4523 990 4585 vel
1008 4521 1202 4587 Ounibertus
1225 4527 1302 4589 actu
1327 4545 1394 4588 non
1412 4525 1475 4590 sint

146 4607 179 4672 in
202 4607 352 4691 proxima
375 4609 531 4691 peccandi
556 4608 735 4689 occasione,
761 4613 875 4692 utpote
900 4632 920 4675 a
943 4609 1140 4688 mulieribus,
1165 4630 1247 4692 quas
1266 4611 1329 4677 sibi
1345 4612 1474 4696 copula·
