3044 5174
138 288 202 352 100
657 281 698 337 De
715 299 753 338 aa.
772 283 945 339 eucharistia.

136 451 188 510 sed
208 450 261 510 vix
282 449 320 509 ad
340 449 503 524 gratiarum
525 449 671 509 actionem
692 448 722 508 in
745 448 912 509 sacristiam
935 469 967 509 se
987 449 1163 520 contulerat,
1184 467 1251 509 cum
1264 449 1396 510 vomitus
1418 470 1463 511 ac·

135 530 215 590 cidit.
257 529 445 607 Inspiciendo
474 529 548 589 nihil
576 548 728 588 sacrarum
756 529 920 607 specierum
948 529 1090 590 discernit
1111 535 1230 606 praeter
1251 529 1372 590 odorem
1392 530 1463 603 vini,

136 611 210 687 quod
233 616 332 669 tamen
355 629 388 670 ee
409 628 550 686 spernere
571 628 660 686 posse
680 615 775 686 putat,
797 609 940 686 siquidem
961 629 1015 686 pro
1031 610 1255 670 consecratione
1275 629 1382 687 parum
1402 610 1463 670 vini

136 691 296 767 sumpserit
316 696 347 749 et
368 690 461 749 multo
482 691 549 767 plus
570 709 665 766 aquae
685 710 739 766 pro
761 689 928 750 ablutione:
957 689 1026 749 binc
1047 690 1146 751 omnia
1166 696 1251 750 curat
1271 689 1304 749 in
1323 689 1463 751 latrinam

135 771 287 831 mittenda.

226 859 294 918 Alia
315 858 380 918 vice
402 877 468 917 cum
489 857 622 933 graviter
643 863 766 934 aegroto
793 858 993 918 ministrasset
1021 878 1061 919 ss.
1084 857 1294 918 eucharistiam
1315 827 1463 919 semihora

39 986 44 995 ,
135 945 204 1017 post
224 940 336 998 factum
357 939 590 1016 experimentum
613 957 678 997 cum
706 937 853 1014 particula
880 942 1144 1009 nonconsecrata,
1175 937 1369 999 nihilominus
1397 946 1462 1017 pest

136 1018 210 1078 duas
231 1020 321 1078 horas
336 1025 477 1094 aegrotus
493 1017 592 1095 coepit
605 1037 723 1077 vomere
744 1025 833 1095 atque
857 1019 930 1078 duas
944 1018 1110 1096 particulas
1124 1019 1187 1080 fere
1201 1018 1336 1095 integras
1351 1019 1461 1081 reiecit.

136 1133 314 1204 Quassmun
335 1133 365 1191 1ο
385 1131 541 1191 licueritne
556 1132 587 1190 in
605 1137 730 1208 utroque
745 1151 826 1204 casu,
841 1133 973 1209 periculo
988 1131 1118 1193 vomitus
1132 1133 1279 1209 neglecto,
1302 1153 1343 1194 aa.
1358 1134 1462 1194 eucha-

384 1211 499 1271 ristiam
521 1231 646 1272 sumere.

335 1310 366 1368 2⁰
386 1309 456 1386 quid
476 1315 544 1385 post
565 1309 707 1368 vomitum
728 1310 835 1369 fuisset
855 1310 1032 1372 faciendum.

730 1508 866 1576 Solutio.

75 1667 126 1723 178
225 1654 278 1718 An
307 1672 498 1728 Quassuuuu
531 1654 568 1716 1¹²¹
599 1650 637 1717 R.
665 1655 693 1718 l.
740 1650 929 1716 Generatim
960 1655 997 1718 ut
1026 1652 1126 1719 liceat
1154 1674 1198 1722 ss.
1229 1655 1461 1724 eucharistiam

135 1762 264 1808 sumere
288 1742 340 1806 vel
365 1741 538 1825 praebere,
570 1740 749 1825 perieulum
772 1740 915 1806 vomitus
939 1739 1036 1807 debet
1059 1741 1175 1808 morali
1197 1744 1339 1826 quadam
1364 1747 1461 1813 certi·

135 1831 248 1898 tudine
286 1851 358 1896 esse
392 1830 570 1896 exclusum.
603 1866 647 1874 -
679 1828 878 1896 Reverentia
912 1828 998 1895 enim
1030 1850 1110 1913 erga
1140 1852 1183 1899 ss.
1218 1832 1467 1903 sacramentum

135 1921 346 2006 postuletne
369 1918 609 2004 profanationis
636 1918 779 2002 periculo
803 1922 996 2002 exponatur.
1044 1919 1172 1986 Sufficit
1194 1926 1304 1988 autem
1327 1924 1462 1992 moralis

135 2010 294 2094 quaedam
320 2008 482 2074 certitudo
512 2007 647 2091 periculi
679 2008 840 2082 absentis;
871 2029 946 2074 nam
978 2008 1010 2073 in
1041 2029 1081 2074 ea
1110 2008 1284 2093 hypothesi
1311 2015 1375 2079 etsi
1398 2035 1462 2080 non

135 2101 297 2165 habeatur
319 2097 505 2163 omnimoda
529 2096 704 2173 certitudo,
728 2117 792 2161 non
816 2100 867 2162 est
890 2096 1040 2182 amplius
1053 2118 1166 2163 verum
1189 2099 1380 2182 periculum,
1405 2103 1461 2169 sed

135 2189 209 2255 leve
243 2191 372 2254 tautum
407 2186 539 2252 dubium
574 2190 609 2252 et
642 2185 880 2270 profanationis
913 2185 1131 2270 possibilitas:
1169 2188 1254 2254 bano
1288 2195 1399 2257 autem
1435 2193 1462 2258 si

135 2278 283 2344 Christus
313 2275 493 2342 cavendam
524 2295 596 2340 esse
622 2274 797 2352 voluisset,
828 2296 887 2358 pro
917 2275 1100 2342 hominibus
1128 2275 1190 2342 hoc
1219 2285 1462 2348 sacramentum

135 2389 200 2433 non
223 2364 437 2440 instituissem
469 2363 657 2446 ceteroquin
681 2364 861 2430 materialis
884 2368 953 2429 tum
977 2365 1041 2432 erit
1070 2365 1275 2451 profanatio,
1305 2390 1371 2435 nen
1396 2371 1462 2435 for-

135 2456 241 2523 malis.
265 2453 435 2519 -Immo
465 2474 538 2518 cum
567 2452 722 2517 eiusmodi
752 2451 930 2536 periculum
955 2474 1019 2519 non
1049 2455 1093 2522 sit
1122 2455 1155 2519 in
1179 2476 1215 2521 re
1237 2457 1351 2540 aliqua
1379 2459 1462 2525 indi·

135 2543 272 2620 visibili,
303 2564 437 2620 censeo,
462 2545 499 2607 ut
521 2562 625 2623 grave
648 2542 884 2607 irreverentiae
907 2548 1076 2626 peccatum
1101 2545 1344 2626 committatur,
1375 2550 1462 2633 peri-

134 2634 243 2699 culum
259 2632 377 2698 debere
393 2651 465 2697 esse
481 2651 600 2713 grave:
624 2631 653 2696 si
668 2630 773 2696 levius
790 2636 841 2697 est
857 2632 1035 2714 periculum
1050 2653 1156 2716 neque
1172 2655 1273 2703 causa
1289 2657 1460 2710 excusans,

133 2722 204 2788 fieri
234 2724 344 2805 potest
373 2725 412 2787 ut
440 2725 611 2804 peccatum
639 2720 770 2801 aliquod
800 2720 1035 2786 irreverentiae
1063 2722 1136 2788 leve
1160 2724 1404 2804 committatur;
1435 2726 1462 2792 si

133 2811 312 2896 periculum
336 2814 388 2876 est
411 2809 541 2875 omnino
565 2813 725 2875 remotum
749 2814 889 2886 tantum,
913 2815 1084 2893 peccatum
1107 2812 1242 2878 nullum.

73 2935 123 2988 179
222 2917 263 2983 R:
280 2919 311 2984 2.
346 2915 419 2993 Sed,
445 2918 481 2980 ut
497 2913 561 2979 iam
577 2914 677 2991 innui,
703 2915 788 2997 quod
812 2917 995 2998 generatim
1011 2936 1075 2981 non
1091 2918 1178 2996 lieet,
1202 2923 1314 3003 potest
1337 2919 1459 2987 licitum

134 3007 275 3072 evadere
299 3027 341 3071 ex
365 3025 465 3070 eausa
488 3003 583 3086 gravi
607 3004 812 3070 extrinsecus
836 3006 987 3072 advecta.

222 3103 274 3169 Ita
297 3123 389 3168 sume
419 3101 583 3167 hominem
606 3101 802 3167 catholicum
826 3102 1052 3167 moribundum
1076 3103 1225 3170 sensibus
1255 3104 1460 3181 destitutum,

134 3193 188 3275 qui
211 3213 271 3258 neo
295 3191 373 3274 ungi
396 3190 501 3276 possit
524 3211 583 3254 neo
607 3190 690 3256 satis
713 3195 804 3257 certo
829 3191 971 3269 absolvi,
1003 3197 1093 3259 certo
1123 3193 1234 3260 licebit
1264 3193 1356 3278 (post
1386 3219 1461 3263 con-

134 3282 330 3348 dicionalem
363 3278 613 3362 absolutionem)
644 3300 687 3346 ss.
716 3280 946 3345 eucharistiam
971 3281 1002 3345 ei
1033 3281 1127 3359 dare,
1159 3282 1288 3348 etiamsi
1319 3287 1461 3353 exsistat

133 3371 311 3456 periculum
342 3368 581 3453 profanationis
611 3389 675 3434 non
705 3369 789 3435 leve.
836 3369 923 3434 Nam
952 3369 985 3434 in
1016 3370 1077 3435 hoc
1107 3391 1185 3436 casu
1215 3393 1288 3438 cum
1319 3374 1461 3441 fortasse

135 3460 175 3526 de
206 3459 311 3525 medio
342 3458 458 3524 salutis
490 3478 548 3541 per
578 3458 729 3522 accidens
759 3458 944 3524 necessario
974 3463 1008 3524 et
1038 3458 1131 3525 unice
1160 3462 1307 3545 possibili
1331 3469 1460 3546 agatur,

134 3549 280 3615 succurri
295 3547 416 3613 homini
434 3546 531 3612 debet
547 3547 633 3611 omni
651 3547 796 3631 possibili
813 3549 919 3626 modo,
936 3569 1009 3613 oum
1021 3554 1228 3616 sacramenta
1244 3550 1311 3617 sint
1326 3559 1461 3637 propter

134 3638 289 3703 homines
325 3636 483 3703 Accidere
508 3636 592 3701 enim
616 3642 736 3719 potest,
761 3650 798 3703 ut
820 3637 873 3703 hic
895 3638 991 3703 homo
1015 3639 1059 3704 sit
1081 3639 1114 3702 in
1130 3642 1221 3704 statu
1237 3642 1367 3722 peccati
1391 3664 1461 3707 cum

135 3727 246 3792 dolore
269 3726 461 3810 imperfecto
485 3725 525 3790 de
548 3724 692 3809 peccatis
717 3725 906 3792 commissis.
942 3726 1005 3792 Per
1028 3747 1064 3792 se
1088 3728 1116 3793 ei
1142 3728 1271 3810 quidem
1295 3750 1361 3795 non
1386 3732 1461 3797 licet

134 3818 167 3880 in
191 3816 250 3882 tali
273 3819 364 3881 statu
389 3836 431 3879 ss.
450 3813 680 3879 eucharistiam
704 3835 843 3893 sumere,
867 3836 951 3898 quae
968 3815 1012 3882 sit
1034 3820 1275 3883 sacramentum
1292 3818 1459 3895 vivorum;

134 3909 171 3971 at
186 3905 212 3970 si
230 3903 471 3988 inculpabiliter
485 3904 671 3987 sumpserit,
688 3904 855 3987 probabile
870 3932 913 3948 -ὰ
929 3905 992 3969 etsi
1008 3926 1048 3970 ne
1064 3906 1116 3970 hic
1133 3906 1262 3988 quidem
1279 3913 1406 3974 certum
1418 3947 1461 3957 -

134 3998 274 4060 osteum
291 3993 324 4057 vi
340 3993 538 4058 sacramenti
553 3992 732 4059 iustificari.
765 3993 880 4076 Neque
904 3994 996 4059 danti
1012 4015 1055 4060 ss.
1073 3995 1303 4062 eucharistiam
1324 4005 1460 4080 peccato

134 4083 197 4150 erit
220 4083 249 4148 ei
273 4084 334 4147 hoc
351 4086 593 4146 sacramentum
610 4082 807 4159 ministrare,
832 4082 886 4164 qui
909 4082 1051 4150 fortasse
1068 4105 1109 4148 ex
1125 4090 1216 4151 statu
1233 4105 1292 4150 suo
1308 4086 1460 4169 indignus

134 4177 195 4249 est,
224 4171 280 4237 sed
306 4171 359 4253 qui
383 4173 518 4254 propter
541 4171 769 4254 inculpabilem
793 4172 1009 4255 sumptionem
1034 4173 1177 4238 fortasse
1200 4173 1344 4257 gratiam
1368 4177 1460 4243 iusti·

133 4260 295 4326 ficationis
319 4267 353 4325 et
377 4265 545 4326 aeternam
569 4261 709 4326 salutem
734 4298 777 4304 —
802 4261 921 4343 alioqui
946 4262 1110 4345 periturus
1134 4300 1176 4306 —
1200 4265 1394 4347 reportabit.

222 4358 315 4422 Alias
339 4357 469 4441 privata
494 4357 625 4421 devotio
642 4359 695 4422 vel
719 4358 899 4441 spiritualis
922 4358 1082 4440 quaedam
1100 4361 1225 4426 utilitas
1249 4383 1313 4425 non
1337 4363 1460 4428 sufficit

134 4452 171 4513 ut
193 4469 235 4512 ss.
261 4451 503 4512 sacramentum
525 4449 619 4529 prosi
642 4447 881 4529 profanationis
904 4448 1047 4531 periculo
1072 4453 1266 4532 exponatur.

222 4543 313 4620 Quod
326 4550 436 4609 autem
449 4549 584 4627 propter·
596 4544 759 4626 privatam
774 4566 906 4609 oausam
921 4567 983 4610 non
994 4545 1081 4615 licet.
1095 4547 1192 4612 licere
1203 4552 1313 4631 potest
1325 4555 1460 4634 propter

134 4654 266 4698 causam
289 4633 462 4716 publicam.
510 4632 595 4697 Hinc
619 4632 650 4696 in
677 4654 754 4698 casu
778 4632 886 4717 priore
910 4635 1084 4710 Tatianus,
1109 4636 1137 4700 si
1160 4636 1274 4702 habuit
1297 4640 1459 4729 rationem
