3044 5174
329 273 468 342 Obligatio
486 275 632 328 sumendae
652 278 734 343 atque
754 273 983 327 administrandae
1003 273 1192 327 eucharistiae.
1377 279 1418 342 85

94 450 203 508 Paulus
225 448 277 524 qui
298 453 368 508 ante
389 454 529 523 quattuor
550 448 627 517 dies,
659 448 766 507 Petrus
795 448 844 523 qui
872 449 928 506 hoo
949 449 1015 524 ipso
1036 448 1084 506 dia
1112 468 1203 508 sanus
1225 470 1265 509 ss.
1287 450 1420 508 euchari-

94 530 183 590 stiam,
211 528 349 606 sumpsit.
392 527 505 598 Quibus
535 529 668 587 omnihus
696 530 843 605 parochus
866 549 889 588 s.
911 528 1051 588 uiaticum
1081 529 1224 603 denegat,
1253 535 1419 600 contentus,

94 631 115 668 s.
136 609 281 668 unctione
303 628 354 668 eos
376 609 487 668 donari.

94 724 274 794 Qaasarrnn
298 727 327 783 1⁰
347 743 422 800 quae
444 724 484 783 sit
504 723 644 798 obligatio
666 723 873 800 suscipiendae
895 744 935 783 ss.
957 723 1163 783 eucharistiae.

297 823 329 881 2⁰
350 823 418 898 quid
439 822 477 880 ad
498 821 632 896 singulos
655 841 743 881 casus
765 821 921 881 dicendum
942 822 991 881 sit.

695 1005 830 1072 Salutio.

179 1147 236 1213 Aa
260 1168 453 1224 onaasrrnn
471 1152 508 1212 1¹¹²
531 1146 570 1214 R.
590 1151 618 1214 1.
653 1146 727 1212 Iure
751 1147 860 1213 divino
876 1169 1061 1214 necassarra
1077 1154 1128 1215 est
1143 1170 1186 1214 ss.
1204 1147 1421 1214 eucharistiae
1432 1162 1483 1216 150

91 1237 270 1322 susceptio,
294 1259 337 1303 ne
358 1236 471 1302 fideles
486 1235 573 1302 inter
594 1237 795 1302 tentationes
811 1241 845 1303 et
868 1238 1080 1304 difficultates
1104 1239 1198 1302 buins
1213 1237 1303 1304 vitae
1319 1237 1421 1302 vitam

92 1327 379 1412 supernaturalem
411 1324 576 1394 amittant.
631 1325 720 1402 Quae
752 1326 909 1408 obligatio
941 1330 1038 1409 urget
1070 1327 1242 1409 aliquoties
1274 1327 1308 1390 in
1340 1326 1420 1403 vita,

91 1415 237 1482 maxima
261 1415 350 1480 circa
373 1414 463 1480 vitae
492 1416 598 1481 finem.
644 1414 714 1480 Lex
738 1415 960 1481 ecclesiastica
988 1415 1167 1482 declaravit
1190 1416 1421 1481 necessitatem

92 1504 272 1571 sumendae
295 1525 339 1570 ss.
364 1503 581 1569 eucharistiae
604 1504 779 1586 quotannis
801 1507 949 1588 tempore
972 1505 1127 1588 paschali.

181 1612 222 1678 R.
249 1614 279 1679 2.
314 1611 407 1676 Haec
424 1610 604 1677 necessitas
626 1610 839 1691 restringitur
854 1612 896 1676 ad
919 1632 976 1677 eos
1000 1612 1064 1693 qui,
1090 1633 1192 1677 annos
1216 1611 1421 1677 discretionis

93 1701 220 1786 adepti,
253 1698 489 1766 tentationibus
513 1703 547 1763 ot
577 1699 824 1765 difficultatibus
847 1706 985 1783 possunt
1008 1722 1080 1767 esse
1105 1701 1252 1778 obnoxii;
1284 1701 1421 1783 ideoque

93 1791 133 1856 ad
156 1790 305 1855 infantes
328 1810 392 1853 non
416 1787 613 1854 extenditur.

182 1896 224 1962 R.
249 1899 279 1964 3.
327 1895 428 1961 Immo
453 1899 547 1960 aetas
577 1893 780 1960 discretionis
810 1895 934 1977 largius
964 1895 1048 1960 sumi
1077 1901 1187 1979 potest
1216 1918 1274 1980 pro
1299 1901 1420 1972 aetate,

94 2006 158 2068 qua
195 1985 375 2069 pleniorem
410 1983 562 2050 caelestis
595 1983 689 2067 panis
723 1984 941 2066 cognitionem
975 1984 1115 2062 habent,
1156 1991 1190 2050 et
1228 2007 1286 2068 pro
1322 1984 1422 2050 variis

93 2075 282 2156 regionibus
298 2078 399 2155 atque
415 2073 701 2139 consuetudinibus
718 2078 927 2157 computatur
942 2095 963 2139 a
978 2094 1063 2139 nono
1079 2095 1181 2156 usque
1197 2075 1238 2138 ad
1263 2073 1421 2139 decimum

95 2168 250 2246 quartum
274 2184 405 2240 annum,
429 2163 477 2229 ita
500 2167 537 2227 ut
559 2162 647 2228 intra
670 2163 753 2228 hanc
776 2167 921 2230 aetatem
945 2162 1109 2228 ordinaria
1132 2162 1289 2244 obligatio
1312 2164 1422 2228 deter-

94 2252 211 2318 minari
248 2252 353 2336 possit
387 2274 408 2318 a
441 2252 584 2335 parocho
618 2252 671 2317 vel
706 2251 857 2335 episcopo
880 2252 945 2316 -vel
981 2273 1050 2317 usn.
1106 2253 1228 2317 Verum
1264 2250 1420 2333 obligatio

93 2341 362 2407 extraordinaria
390 2362 450 2425 pro
479 2345 628 2424 tempore
658 2341 772 2406 mortis
802 2340 909 2406 aderit
939 2362 1141 2422 quacumque
1165 2344 1291 2417 aetate,
1323 2361 1420 2423 quam

94 2430 233 2514 primum
258 2431 443 2513 non‘plena
466 2431 609 2513 quidem,
633 2430 800 2495 sufficiens
823 2435 933 2495 tamen
958 2431 1101 2513 cognitio
1124 2430 1219 2495 huius
1242 2452 1284 2497 ss.
1309 2451 1420 2496 sacra·

93 2519 197 2586 menti
219 2518 370 2585 habetur.

183 2625 224 2692 R.
255 2629 286 2692 4.
339 2625 613 2692 Extraordinaria
643 2625 800 2706 obligatio
832 2626 963 2710 saepius
996 2626 1173 2691 sumendae
1203 2624 1420 2691 eucharistiae

92 2715 210 2780 adessa
233 2718 345 2798 potest
360 2736 402 2780 ex
423 2714 518 2796 gravi
533 2713 723 2780 infirmitate
739 2715 912 2798 spirituali,
936 2737 1033 2798 quam
1051 2715 1122 2797 quis
1139 2736 1175 2780 se
1190 2720 1420 2798 superaturum

93 2826 156 2869 non
175 2806 289 2887 sperat
312 2803 375 2868 nisi
397 2802 618 2885 frequentiore
634 2825 676 2868 ss.
696 2803 913 2871 eucharistiae
930 2826 999 2870 usu.
1036 2804 1125 2881 Quae
1142 2803 1299 2887 obligatio
1316 2804 1419 2869 invito

92 2914 167 2959 raro
198 2892 397 2977 imponenda
419 2892 473 2958 vel
502 2892 610 2976 potius
641 2892 834 2974 explicanda
863 2897 929 2970 est,
962 2915 1034 2958 oum
1066 2893 1194 2959 demum
1224 2894 1289 2958 alia
1313 2894 1421 2959 media

92 2982 279 3067 spiritualia
308 2982 418 3047 adsint
448 2981 563 3063 quibus
593 2981 680 3062 quis,
714 2983 741 3045 si
772 2981 870 3059 velit,
902 2983 1028 3064 gratias
1058 2983 1186 3048 divinas
1217 2983 1420 3048 necessarias

93 3073 154 3138 sibi
179 3071 355 3137 conciliare
378 3070 481 3153 iisque
503 3071 644 3136 fideliter
668 3070 715 3135 uti
738 3071 852 3154 possit.
904 3072 959 3137 lh..
984 3095 1024 3137 m.
1049 3072 1089 3150 II,
1116 3074 1189 3138 148.

182 3187 237 3250 An
258 3205 449 3261 onassrrun
466 3187 505 3248 2⁰²
528 3185 566 3251 R.
586 3188 614 3251 1.
651 3185 763 3261 Quoad
779 3186 939 3262 Carolum,
965 3207 1098 3269 puerum
1115 3207 1308 3263 novennem,
1334 3186 1478 3254 nraleltl

94 3274 173 3341 fecit
191 3273 355 3357 parochus
371 3273 561 3355 denegando
578 3296 603 3340 s.
621 3275 786 3340 viaticum.
824 3275 909 3340 Nam
926 3275 1055 3341 etiamsi
1071 3275 1205 3340 Carolus
1221 3277 1263 3341 ad
1279 3275 1418 3359 primam

92 3386 118 3429 s.
143 3363 404 3429 communionem
427 3364 568 3428 nondum
592 3363 636 3428 sit
651 3364 836 3442 admissus,
867 3364 937 3429 iure
968 3364 1077 3428 divino
1101 3369 1178 3430 ante
1208 3367 1305 3430 finem
1329 3365 1419 3430 vitae

93 3475 135 3518 ss.
161 3451 394 3518 eucharistiam
417 3473 546 3517 sumere
569 3452 682 3529 debet,
714 3453 741 3517 si
765 3453 860 3517 modo
884 3453 967 3518 sciat
991 3454 1044 3518 val
1067 3452 1184 3519 instrui
1208 3455 1312 3537 possit
1342 3454 1419 3535 quid

92 3541 136 3607 sit
166 3562 211 3606 ss.
243 3541 450 3608 eucharistia.
497 3540 604 3617 Quare
634 3541 661 3605 si
691 3541 892 3607 sufficienter
923 3542 1103 3609 instructus
1132 3544 1274 3607 nondum
1308 3543 1417 3619 fuerit,

93 3629 229 3715 parochi
253 3634 326 3696 erat
348 3652 412 3695 non
427 3630 599 3711 denegare
621 3651 665 3696 ss.
690 3631 931 3706 eucharistiam,
956 3633 1013 3697 sed
1034 3632 1184 3697 Carolum
1208 3652 1417 3715 praeparare,

93 3726 129 3787 ut
160 3741 235 3785 curn
264 3719 375 3785 fructu
404 3718 572 3803 percipere
596 3725 715 3803 posset.
769 3722 824 3786 Tb.
856 3744 896 3787 m.
921 3721 968 3798 ΙΙ,
1002 3723 1082 3791 147;
1114 3723 1225 3787 Marc
1256 3744 1286 3786 n.
1315 3723 1417 3795 157&

94 3810 125 3875 S.
149 3809 268 3893 Alph.
294 3808 350 3886 VI,
375 3811 437 3874 301
464 3811 538 3875 dub.
564 3812 601 3884 2;
627 3809 781 3874 Suarez
806 3809 887 3894 disp.
913 3813 965 3888 70,
990 3833 1016 3876 s.
1043 3815 1071 3888 1,
1096 3833 1127 3876 n.
1153 3813 1190 3887 5;
1215 3811 1343 3893 Lago,
1368 3812 1419 3876 De

95 3901 180 3965 areb.
205 3899 236 3964 d.
264 3901 315 3975 13,
339 3919 370 3964 n.
395 3899 447 3963 37.

182 4005 222 4071 R.
241 4007 270 4070 2.
304 4003 394 4080 Quod
410 4003 511 4069 Iulius
528 4026 548 4069 a
563 4004 679 4087 viginti
697 4005 790 4070 annis
807 4005 914 4069 officia
931 4005 1110 4070 christiana
1126 4006 1206 4071 adeo
1224 4005 1416 4088 neglexerit,

92 4116 156 4160 non
181 4098 233 4159 est
256 4094 341 4160 ratio
365 4115 422 4158 cnr
445 4115 529 4158 nunc
553 4094 585 4158 in
608 4094 751 4176 periculo
774 4094 888 4158 mortis
912 4115 950 4157 ea
967 4095 1065 4158 etiarn
1082 4096 1256 4177 neglegere
1281 4095 1415 4169 debeat3

93 4183 149 4248 sed
183 4182 289 4249 maior
319 4183 405 4248 ratio
437 4204 494 4247 cnr
525 4184 687 4266 parochus
719 4205 848 4249 omnem
879 4187 1030 4248 conatum
1062 4184 1230 4261 adhibeat,
1265 4189 1302 4250 ut
1332 4205 1416 4247 nunc

93 4273 222 4338 demum
255 4293 329 4336 curn
357 4271 427 4336 Deo
459 4277 557 4354 atque
587 4272 737 4338 Ecclesia
766 4272 1002 4337 reconcilietur.
1057 4272 1164 4348 Quare
1194 4273 1221 4337 si
1253 4273 1417 4336 sincerum

92 4362 238 4428 dolorem
269 4359 413 4426 ostendit
442 4364 542 4443 atque
571 4362 776 4427 voluntatem
807 4383 849 4427 ss.
874 4361 1093 4427 eucharistiae
1122 4384 1180 4445 pro
1209 4362 1329 4426 viatico
1361 4382 1416 4424 ac·

91 4451 271 4536 cipiendae,
296 4449 489 4533 imperfecta
513 4450 672 4515 confessio
693 4473 758 4516 non
780 4450 916 4533 impedit
939 4471 1000 4515 aa.
1019 4452 1251 4515 communione.
1288 4449 1416 4515 Sufficit

91 4540 213 4606 inillis
237 4538 417 4622 angustiis,
448 4543 485 4604 ut
508 4539 608 4603 Iulius
638 4540 739 4605 faciat
770 4540 854 4620 quod
885 4539 1003 4621 possit,
1035 4539 1132 4620 idque
1155 4540 1295 4603 hnmano
1319 4538 1415 4602 modo

90 4630 160 4695 sine
184 4629 286 4695 nimia
309 4626 428 4692 virium
458 4629 682 4706 contentione,
714 4633 748 4694 et
771 4634 808 4695 ut
837 4628 934 4706 velit,
966 4629 992 4692 si
1023 4634 1139 4711 postea
1163 4627 1277 4691 melius
1300 4626 1414 4710 possit,
