3044 5174
397 256 513 311 Materia
532 255 670 326 proxima:
689 255 823 310 confessio
842 285 878 295 —
896 257 954 312 eine
973 258 1126 327 integritas.
1361 266 1425 330 209

91 432 278 503 Quanmrun
300 431 329 490 1⁰
351 431 494 507 quomodo
515 432 705 491 remittantur
725 437 849 510 peccata
870 431 1018 492 oblivione
1034 433 1131 492 aliove
1146 434 1317 511 inculpabili
1339 437 1426 498 titulo

348 512 379 570 in
401 513 587 571 confessione
608 514 727 573 emissa.

302 611 333 668 2⁰
354 610 431 669 sitne
454 611 594 686 obligatio
615 611 667 670 illa
689 631 775 688 quam
796 611 920 687 primurn
934 612 983 670 vel
1005 617 1074 671 ante
1089 632 1112 672 s.
1128 615 1358 673 communionem
1378 617 1425 674 vel

351 691 382 749 in
403 691 497 767 prima
518 692 704 751 confessione
726 692 870 751 confiteri.
1080 720 1082 724 ¹

303 790 332 848 3⁰
354 788 422 865 quid
443 789 631 848 iudicandum
653 789 688 847 de
709 789 823 848 Evodia
848 795 879 849 et
899 790 1036 865 magistri
1064 790 1272 851 exercitiorum
1294 792 1426 852 consilio.

698 989 833 1056 Salutio.

189 1129 243 1195 An
267 1149 459 1205 onassrnun
489 1131 526 1193 1¹¹¹
549 1129 588 1195 R.
616 1133 644 1195 l.
692 1129 935 1214 Quamprimum
968 1131 1130 1196 confessio
1161 1135 1213 1198 est
1243 1133 1427 1200 formaliter
1436 1147 1489 1202 357

97 1221 233 1302 integra
257 1223 292 1284 et
315 1217 477 1284 absolutio
500 1218 621 1294 valida,
645 1218 737 1285 valet
758 1218 802 1296 id,
828 1219 913 1300 quod
940 1220 1030 1285 Cone.
1060 1220 1149 1287 Tria.
1174 1242 1254 1287 sess.
1277 1225 1327 1300 14,
1353 1243 1380 1289 c.
1406 1226 1426 1288 5

98 1311 138 1375 de
161 1306 312 1393 peccatis
335 1305 523 1390 inculpabili
547 1305 709 1373 oblivione
740 1308 868 1373 omissis
899 1308 993 1374 dicit:
1030 1309 1185 1392 „Reliqua
1217 1316 1327 1377 autern
1350 1332 1427 1396 pec-

98 1403 193 1475 cata,
226 1417 310 1480 quae
335 1395 509 1478 diligenter
538 1396 697 1477 cogitanti
720 1417 785 1461 non
814 1401 1006 1476 occurrunt,
1037 1399 1070 1462 in
1094 1399 1281 1465 universum
1312 1400 1426 1467 eadem

99 1486 306 1553 confessione
328 1485 456 1550 inclusa
478 1504 550 1550 esse
573 1484 842 1568 intelleguntur“;
873 1507 931 1552 seu
961 1488 1056 1552 horno
1081 1509 1099 1552 e
1128 1492 1220 1555 statu
1243 1488 1370 1573 peccati
1393 1489 1427 1555 in

98 1580 225 1645 etatum
249 1573 378 1657 gratiae
401 1573 637 1640 sanctificantis
660 1574 869 1641 transfertur.

189 1681 230 1748 R.
257 1682 287 1745 2.
332 1677 552 1745 Nihilominus
574 1679 655 1744 haec
678 1685 817 1763 peccata
840 1682 994 1746 indirecte
1017 1689 1140 1746 tantum
1165 1681 1316 1748 absoluta
1338 1687 1426 1761 sunt,

102 1792 163 1837 non
190 1770 315 1835 directe
339 1789 396 1833 seu
420 1789 479 1851 per
502 1769 716 1846 sententiam,
741 1768 961 1851 quaciaria,
986 1775 1023 1836 ut
1046 1771 1195 1853 specifice
1219 1772 1318 1850 talia,
1342 1771 1426 1837 iudi·

101 1860 231 1927 cialiter
253 1859 323 1924 lata
345 1857 399 1922 sit.
438 1856 599 1923 Dicuntur
620 1856 778 1923 indirecte
801 1859 971 1936 absoluta,
997 1858 1073 1941 quia
1096 1881 1160 1925 non
1184 1860 1256 1943 ipsa
1279 1860 1427 1926 formalis

101 1950 267 2031 absolutio,
292 1945 349 2011 sed
374 1945 444 2011 eius
467 1947 602 2013 effectus
625 1947 691 2012 ista
706 1953 843 2030 peccata
859 1969 932 2013 cum
948 1947 1081 2031 reliquie
1098 1949 1249 2021 abstulit:
1274 1950 1426 2016 nimirum

100 2037 213 2120 gratia
235 2035 455 2112 sanctificans,
480 2056 564 2117 quae
588 2039 639 2102 est
655 2037 791 2101 effectus
814 2035 1039 2115 absolutionis,
1064 2038 1232 2119 quodlibet
1254 2042 1425 2122 peccatum

101 2127 243 2194 mortale
266 2123 374 2207 quoad
397 2128 524 2189 reatum
548 2124 664 2208 culpae
687 2125 785 2192 delet.

190 2250 246 2315 An
275 2250 530 2324 ouaae1ruu2¹²
560 2247 599 2313 R.
628 2251 656 2314 l.
703 2247 927 2315 Certissimum
958 2253 1011 2316 est
1041 2255 1179 2332 peccata
1206 2250 1263 2315 illa
1294 2250 1425 2329 omissa,
1436 2265 1489 2320 358

100 2340 129 2405 si
152 2343 271 2423 postea
294 2335 471 2401 memoriae
495 2340 669 2402 occurrunt
685 2338 738 2402 vel
761 2337 789 2402 si
805 2337 890 2403 ratio
907 2357 947 2403 ea
963 2338 1094 2404 tacendi
1110 2338 1216 2417 desiit,
1242 2340 1426 2406 accusanda

103 2435 137 2495 at
160 2428 287 2492 directa
310 2425 514 2491 absolutione
537 2425 735 2492 remittenda
759 2447 840 2492 esse.
887 2426 972 2492 Nam
997 2427 1197 2511 anticipatus
1221 2428 1350 2511 quidem
1375 2433 1427 2494 est

103 2519 241 2584 effectus
264 2514 462 2580 sacramenti
486 2514 585 2580 etiam
609 2516 716 2597 quoad
739 2517 815 2581 hoec
838 2520 993 2599 peccata,
1025 2520 1061 2581 at
1090 2516 1241 2582 similiter
1270 2518 1355 2597 fere,
1389 2524 1427 2585 ut

103 2604 277 2689 anticipari
307 2607 418 2688 potest
448 2605 582 2669 effectus
612 2604 808 2671 sacramenti
839 2604 946 2686 quoad
969 2608 1076 2671 cornio
1108 2609 1245 2688 peccata
1268 2628 1327 2691 per
1349 2629 1426 2672 con·

104 2694 272 2763 tritionem
295 2692 493 2777 perfectam:
524 2692 582 2758 sed
605 2693 686 2758 haec
717 2694 852 2759 effectus
876 2692 1067 2778 anticipatio
1098 2716 1163 2759 nun
1186 2696 1224 2761 fit
1247 2696 1316 2760 sine
1340 2697 1426 2762 rela-

103 2785 194 2852 tione
218 2783 259 2848 ad
283 2781 425 2847 medium
449 2781 612 2847 aChristo
636 2803 696 2866 per
718 2803 754 2847 se
770 2781 957 2849 institutum
974 2787 1011 2848 ut
1033 2782 1241 2851 ordinarium.
1273 2785 1319 2850 Et
1342 2785 1427 2851 sicut

102 2874 136 2938 in
159 2894 210 2950 eo,
235 2870 290 2954 qui
314 2866 509 2937 contritione
531 2871 679 2954 perfecta
701 2870 896 2938 iustificatus
919 2877 980 2949 est,
1005 2876 1153 2938 remanet
1169 2873 1325 2954 obligatio
1350 2895 1426 2939 con·

103 2961 217 3029 fitendi
242 2966 275 3027 et
298 2958 536 3026 absolutionem
559 2960 735 3044 recipiendi
759 2959 866 3042 quoad
890 2961 998 3026 omnia
1021 2966 1174 3044 peccata,
1200 2961 1246 3027 ita
1270 2963 1369 3029 etiam
1392 2963 1426 3028 in

103 3074 151 3130 eo,
177 3049 233 3134 qui
257 3049 368 3131 aliqua
390 3052 527 3132 peccata
557 3049 709 3115 mortalia
738 3049 773 3114 in
803 3049 1006 3116 confessione
1036 3050 1277 3134 inculpabiliter
1306 3051 1425 3130 omisit,

103 3143 254 3206 remanet
285 3137 442 3220 obligatio
474 3137 555 3202 haec
586 3138 706 3204 omissa
736 3143 874 3221 peccata
904 3137 1080 3204 confitendi
1113 3143 1148 3204 et
1176 3139 1352 3224 recipiendi
1384 3143 1425 3207 ab

103 3229 142 3295 iis
172 3227 421 3294 absolutionem.
468 3226 516 3292 ef.
541 3228 641 3292 thesin
665 3231 706 3292 11
732 3229 772 3292 ab
796 3227 911 3296 Alex.
935 3227 999 3292 VII
1029 3229 1232 3294 domnotoni:
1266 3230 1426 3307 „Peccata

102 3319 136 3384 in
159 3315 365 3384 confessione
389 3314 518 3393 omissa,
543 3320 601 3381 aut
624 3317 741 3394 oblita,
773 3318 813 3382 ob
836 3316 965 3383 instans
987 3317 1165 3401 periculum
1190 3318 1279 3383 vitae
1303 3323 1361 3384 aut
1384 3321 1425 3385 ob

102 3408 203 3474 aliam
228 3427 360 3472 causam
383 3427 448 3471 non
471 3407 620 3471 tenemur
642 3407 675 3471 in
700 3406 848 3488 sequenti
872 3405 1075 3471 confessione
1099 3407 1310 3491 exprimere.“

193 3512 233 3578 R.
259 3515 289 3579 2.
320 3511 413 3577 Haec
436 3511 610 3578 confitendi
633 3511 790 3594 obligatio
814 3534 877 3578 non
901 3516 998 3594 urget
1020 3533 1080 3595 per
1095 3534 1130 3578 se
1154 3514 1424 3597 quamprimum.

102 3603 192 3669 Nam
214 3622 255 3666 ne
278 3600 366 3685 apud
389 3622 462 3666 eum
486 3600 632 3682 quidem,
664 3602 717 3682 qui
747 3601 936 3684 neutiquam
968 3601 1095 3685 peccati
1125 3603 1238 3685 gravis
1262 3604 1425 3670 commissi

102 3690 328 3757 remissionem
351 3690 412 3754 sibi
435 3691 640 3773 procuravit,
672 3696 722 3756 est
746 3691 891 3776 obligatio
922 3714 1016 3777 quom
1036 3694 1180 3775 primam
1210 3714 1242 3756 se
1266 3695 1426 3759 cum'Deo

101 3781 343 3857 reconciliandi,
367 3778 429 3844 etsi
451 3783 586 3863 propter
609 3779 697 3845 vitae
719 3780 881 3846 humanae
903 3779 1165 3845 incertitudinem
1189 3781 1425 3863 periculosissi-

103 3891 193 3935 mum
217 3867 346 3935 sithoc
369 3867 516 3943 differre;
540 3867 646 3933 minus
670 3867 768 3935 etiam
794 3869 880 3952 apud
904 3890 977 3934 eum
1003 3873 1054 3934 est
1070 3869 1227 3951 obligatio
1252 3872 1425 3938 confitendi

100 3980 202 4042 quam
226 3956 382 4041 primum,
413 3956 468 4039 qui
492 3977 550 4040 per
573 3957 802 4023 contritionem
826 3957 1007 4041 perfactam
1029 3958 1327 4024 reconciliationem
1352 3982 1424 4025 cum

100 4050 173 4114 Deo
197 4045 354 4121 obtinuit;
380 4045 486 4128 magis
510 4046 609 4111 etiam
633 4048 784 4129 neganda
807 4053 858 4112 est
881 4048 962 4112 haec
979 4047 1135 4129 obligatio
1151 4047 1184 4111 in
1208 4069 1256 4124 ec,
1283 4049 1334 4130 qui
1360 4072 1425 4114 non

99 4138 174 4203 sola
202 4135 397 4202 contritione
426 4174 471 4182 -
501 4157 584 4217 quae
614 4136 668 4200 via
698 4136 805 4201 minus
834 4158 951 4202 secura
979 4141 1030 4202 est
1059 4137 1424 4204 —reconciliationem

100 4224 278 4310 quaesivit,
302 4223 359 4289 sed
382 4245 441 4308 per
464 4225 736 4290 sacramentalem
760 4226 997 4292 absolutionem
1021 4225 1169 4293 obtinuit.

192 4336 232 4402 R.
258 4338 288 4402 3.
334 4335 422 4400 Num
446 4339 565 4416 urgeat
588 4334 745 4418 obligatio
777 4337 969 4415 confitendi,
1005 4341 1155 4402 cessante
1186 4341 1262 4401 ante
1286 4359 1311 4401 s.
1337 4358 1424 4401 corn-

99 4426 290 4494 munionem
312 4423 553 4509 impedimento,
578 4447 641 4490 non
666 4447 730 4489 una
754 4429 805 4489 est
828 4427 1054 4508 theologorum
1078 4426 1252 4490 sententia.
1285 4426 1425 4491 Veteres

98 4515 249 4598 theologi
271 4514 369 4596 longe
393 4513 593 4579 communius
617 4514 783 4580 affirmant
806 4515 1037 4581 necessitatem
1054 4519 1123 4580 tum
1147 4534 1189 4577 ex
1205 4514 1313 4578 verbis
1332 4517 1423 4582 Conc.

103 4608 195 4674 Trid.
222 4625 304 4670 sess.
331 4606 381 4680 13,
406 4624 433 4670 c.
460 4604 489 4680 7,
513 4608 583 4669 tum
607 4624 649 4667 ex
672 4604 848 4670 universali
872 4605 967 4689 praxi
991 4603 1167 4668 Ecclesiae.
1204 4602 1326 4669 Verum
1348 4610 1425 4688 post

149 4712 324 4761 Lehmknhl.
339 4713 410 4756 casos
424 4713 584 4756 conscientiae.
608 4714 636 4755 11.
1172 4705 1206 4759 14
