3044 5174
313 307 439 362 Officium
459 306 673 360 administrandi.
692 336 726 343 —
746 306 904 361 Communia
923 307 1058 374 frequens.
1302 308 1341 372 81

76 507 83 548 ι
108 482 216 550 solum
239 482 273 548 iu
296 504 373 548 suos
396 482 582 564 religiosos,
607 482 665 547 sed
689 481 788 548 etiam
812 482 845 547 in
868 482 1046 548 familiares
1069 504 1197 560 omnes,
1229 483 1345 566 quibus

76 572 243 638 :ensendos
271 592 344 638 esse
374 573 522 637 alumnos
552 570 756 638 coamatores
782 576 853 638 tum
876 592 919 636 ex
942 592 978 637 se
1000 572 1167 656 probabile
1191 577 1252 650 est,
1276 577 1345 639 tum

86 662 191 727 variis
214 661 395 745 privilegiis
418 660 460 726 ad
483 660 682 725 removenda
698 660 862 725 efficacius
881 661 979 727 dubia
995 682 1150 745 expresse
1173 667 1224 727 est
1247 662 1346 726 oolla·

76 773 103 817 n.
159 751 267 828 Quare
304 750 385 815 haec
423 753 700 816 sacramentorum
740 750 979 816 administratio
1014 751 1200 817 nullatenus
1237 749 1347 831 tangit

76 838 394 905 {ommunicationem
427 860 527 922 supra
561 842 719 905 notatam.
778 839 833 905 fb.
868 863 909 905 m.
941 839 988 917 ΙΙ,
1027 842 1099 906 136.
1135 842 1216 911 396;
1252 839 1347 904 Gas-

79 929 140 994 rri
164 951 195 994 n.
224 930 318 995 1073.

114 1034 168 1100 Ad
191 1039 319 1100 tertiam
348 1055 460 1099 casum
490 1034 528 1099 R.
555 1037 584 1099 1.
632 1033 805 1098 Dissidium
836 1034 916 1099 illud
933 1035 1035 1117 ‚quod
1065 1035 1246 1101 excitatum
1276 1038 1349 1100 erat
1360 1041 1409 1095 143

76 1146 114 1190 er
137 1125 318 1208 parochum
341 1127 375 1189 et
397 1124 566 1205 regulares
591 1122 677 1187 illius
700 1123 854 1200 civitatis,
880 1127 1007 1189 tantum
1028 1125 1122 1190 abest
1144 1128 1182 1191 ut
1197 1124 1241 1189 sit
1264 1124 1349 1189 ratio

76 1238 82 1251 ·
115 1218 292 1280 censeatur
325 1212 477 1279 sacerdos
512 1211 566 1294 qui
601 1211 764 1278 ministret
798 1233 841 1277 ss.
873 1212 1103 1280 eucharistiam
1142 1213 1273 1292 deesse,
1312 1216 1350 1278 ut

76 1303 136 1368 ius
161 1303 205 1369 sit
226 1302 312 1368 ratio
335 1301 472 1368 tollendi
495 1301 620 1366 dissidii
644 1305 678 1366 et
701 1301 869 1367 auferendi
893 1301 1039 1368 scandali
1062 1302 1148 1385 quod
1171 1301 1284 1368 fideles
1308 1323 1350 1368 ex

76 1391 188 1458 smodi
211 1391 344 1456 dissidio
366 1390 464 1456 facile
487 1395 629 1457 sumunt.

117 1498 158 1564 R.
184 1500 214 1564 2.
246 1498 368 1562 Verum
384 1497 413 1562 si
436 1497 559 1580 reipsa
582 1517 703 1578 magna
719 1501 791 1563 erat
807 1496 984 1563 difficultas
1006 1497 1189 1563 advocandi
1210 1497 1350 1581 aliquem

76 1587 245 1665 rerdotem,
268 1587 333 1664 lex,
358 1607 399 1652 ne
422 1585 495 1668 quis
510 1585 571 1651 sibi
593 1586 664 1669 ipse
687 1590 796 1652 sumat
819 1586 1085 1664 communionem,
1109 1608 1175 1652 non
1199 1588 1351 1652 obstabat

76 1677 204 1742 ominus
215 1678 362 1741 sacerdos
375 1676 475 1741 etiam
488 1674 670 1741 devotionis
682 1696 782 1740 causa
794 1675 1090 1741 communicaturus
1102 1676 1163 1741 sibi
1175 1697 1218 1742 ss.
1231 1676 1351 1741 eueha-

75 1766 157 1833 tiam
181 1785 310 1830 sumere
330 1765 443 1848 possit.
487 1765 542 1830 Tb.
559 1787 600 1830 m.
618 1763 658 1840 ΙΙ,
686 1766 767 1842 136;
793 1765 824 1829 S.
849 1763 965 1848 Alph.
989 1764 1046 1842 VI,
1072 1768 1155 1841 238;
1181 1766 1352 1831 Ballen-

76 1855 153 1920 rlm.
177 1858 220 1920 tr.
245 1854 284 1933 X,
309 1858 389 1919 sect.
413 1853 470 1931 IV,
495 1875 526 1919 n.
552 1856 610 1928 933
636 1853 744 1918 Marc
767 1875 798 1919 n.
827 1855 911 1917 1534
935 1863 997 1920 etc.

76 2049 381 2118 nssNIsrRATlo
395 2050 450 2117 SS.
462 2049 1089 2126 auosaamrmn-FREQUENS
1106 2049 1351 2117 COMMUNIO.

603 2216 714 2282 Casus.
733 2224 790 2290 (41)

120 2357 314 2428 Bonfrerius,
342 2358 527 2434 importunae
555 2357 721 2416 devotionis
750 2375 833 2427 osor,
862 2355 1017 2415 devotulas
1042 2376 1146 2415 severe
1173 2361 1299 2429 tractat,
1329 2358 1354 2416 si

76 2441 152 2499 ando
174 2439 253 2497 infra
274 2437 486 2496 hebdomadam
508 2459 530 2497 s.
553 2438 784 2496 communionem
812 2441 932 2512 petunt,
962 2455 1014 2513 per
1041 2438 1142 2496 horam
1171 2443 1201 2496 et
1228 2438 1354 2514 amplius

76 2541 94 2578 m
118 2520 227 2586 differt,
250 2518 316 2577 dein
337 2518 500 2576 mussitans
522 2537 555 2577 se
577 2520 692 2576 confert
706 2519 736 2575 in
752 2517 916 2587 ecclesiam,
938 2522 971 2575 ut
985 2517 1116 2594 excipiat
1130 2517 1353 2588 confessionem,

76 2621 122 2659 am
154 2599 277 2657 cuilibet
307 2598 503 2657 communioni
531 2603 563 2656 ut
591 2597 782 2673 praemittant
810 2598 955 2673 postulat;
983 2602 1044 2655 tam
1072 2598 1254 2673 frequentem
1280 2618 1354 2656 com·

76 2681 203 2739 mionem
234 2698 293 2737 non
324 2698 390 2737 esse
410 2678 468 2736 loci
490 2676 730 2736 consuetudinem
759 2695 848 2753 saepe
870 2677 957 2745 dicit,
985 2696 1079 2752 neque
1107 2697 1170 2737 eam
1194 2698 1356 2753 congruere

76 2761 185 2820 roribus
207 2758 367 2818 rusticanis
388 2757 494 2834 quibus
515 2757 686 2834 parochiani
702 2757 747 2816 sui
762 2757 822 2815 sint
845 2756 970 2827 addicti;
993 2759 1041 2834 qui
1063 2758 1200 2817 eximiam
1214 2759 1355 2835 pietatem
1384 2809 1386 2812 .

76 2844 133 2900 lant
153 2859 245 2917 posse
267 2840 371 2914 quovis
392 2857 493 2896 mense
517 2839 667 2907 accedere,
689 2837 819 2912 alioquin
834 2843 939 2912 quater
952 2837 983 2895 in
998 2856 1091 2907 anno;
1114 2858 1146 2897 se
1168 2839 1241 2897 satis
1257 2859 1356 2915 super·

76 2942 87 2980 e
108 2921 168 2980 sibi
190 2919 344 2995 gratulari,
366 2919 392 2977 si
412 2917 463 2977 ille
483 2937 546 2976 mos
568 2917 598 2976 in
619 2937 673 2976 sua
694 2917 835 2993 parochia
849 2917 1013 2976 retineatur
1033 2924 1121 2993 atque
1141 2926 1356 2995 promoveatur.

76 3053 213 3095 nuarrua
236 3035 264 3092 1⁰
285 3052 360 3110 quae
382 3032 422 3090 sit
442 3032 583 3108 obligatio
605 3032 830 3091 administrandi
852 3052 891 3091 ss.
914 3031 1131 3092 eucharistiam.

237 3131 267 3188 2⁰
289 3129 356 3206 quid
377 3129 562 3189 iudicandum
584 3130 624 3188 sit
645 3130 680 3187 de
702 3130 808 3204 agendi
829 3129 943 3189 ratione
965 3129 1121 3187 Bonfrerii.

239 3231 268 3287 3⁰
288 3248 363 3303 quae
384 3227 447 3286 dari
468 3229 564 3304 possit
584 3227 683 3285 brevis
704 3228 808 3301 regula
829 3228 864 3286 de
886 3228 1084 3303 frequentiore
1106 3229 1317 3288 communione.

632 3411 766 3477 solutio.

124 3557 179 3621 Aa
210 3574 399 3629 ouacsruusr
427 3558 462 3618 1¹¹²
494 3554 531 3619 R.
559 3559 586 3620 l.
634 3554 694 3630 Qui
726 3575 768 3618 ex
803 3554 909 3618 officio
942 3575 1000 3618 suo
1034 3575 1144 3619 curam
1177 3555 1359 3623 animarum
1372 3579 1420 3631 144

76 3646 197 3728 saepit,
232 3642 299 3707 suis
322 3642 460 3709 subditis
483 3647 615 3709 tenetur
638 3648 845 3709 sacramenta
870 3647 968 3725 atque
991 3643 1148 3725 imprimis
1171 3665 1214 3711 ss.
1240 3648 1358 3712 eueha-

76 3736 162 3801 tiam
188 3732 388 3809 ministrare,
420 3733 547 3813 quoties
571 3733 811 3799 rationabiliter
841 3737 973 3815 petunt,
1006 3732 1054 3796 ita
1076 3737 1188 3797 tamen
1219 3740 1256 3802 ut
1279 3760 1358 3800 roro

76 3823 171 3906 gatio
196 3822 247 3886 vel
273 3822 396 3897 dilatio,
421 3823 549 3902 quando
573 3823 752 3887 necessitas
776 3822 909 3903 eiusque
932 3821 1072 3905 suspicio
1096 3821 1187 3888 nulla
1210 3829 1270 3902 est,
1296 3848 1359 3891 non

76 3913 150 3979 avis
175 3910 233 3976 sed
256 3910 394 3976 venialis
417 3911 516 3976 officii
538 3912 639 3977 laesio
663 3912 716 3977 sit.

128 4017 166 4083 R..
193 4020 222 4082 2.
270 4017 331 4093 Qui
361 4038 402 4081 ex
426 4017 532 4082 officio
564 4019 605 4083 ad
636 4041 747 4083 curam
778 4017 958 4083 adimarum
989 4036 1051 4079 non
1083 4020 1238 4084 tenentur
1261 4020 1358 4101 (idem

76 4130 88 4174 3
112 4107 154 4171 de
178 4107 319 4189 parocho
343 4106 448 4171 relate
477 4107 519 4172 ad
545 4108 658 4171 fideles
682 4107 888 4188 extraneos),
917 4104 1148 4187 obligationem
1174 4108 1295 4173 habent
1319 4132 1360 4174 ex

76 4199 108 4263 la
134 4197 291 4261 caritate:
317 4195 390 4260 hinc
407 4200 443 4261 ut
466 4194 487 4260 ii
512 4197 571 4260 sub
595 4197 689 4277 gravi
705 4201 912 4262 sacramenta
929 4195 1158 4260 administrare
1175 4201 1359 4266 teneantur.

76 4286 218 4369 quiritur
251 4284 284 4348 in
319 4290 452 4368 petente
486 4286 539 4351 vel
570 4287 717 4352 subiecto
755 4285 868 4367 gravis
906 4283 1085 4349 necessitas
1124 4292 1223 4368 atque
1254 4290 1359 4369 quoad

76 4376 224 4441 inistrum
248 4373 432 4439 deficientia
455 4375 590 4441 alterius
614 4375 754 4441 ministri
788 4376 841 4458 qui
866 4396 907 4439 ex
932 4373 1038 4438 officio
1062 4378 1215 4440 teneatur
1238 4399 1360 4458 suoque

76 4466 146 4531 licio
172 4462 367 4529 satisfaciat.

128 4572 183 4636 Ao
208 4590 398 4644 ourrsrruu
423 4574 461 4633 2¹¹²
486 4570 513 4634 lt
541 4575 567 4637 l.
602 4572 633 4637 Si
660 4594 742 4653 quae
767 4594 801 4636 re
825 4574 897 4655 ipsa
921 4569 1129 4635 indiscretam
1154 4571 1359 4638 devotionem
1374 4593 1422 4645 145

77 4683 118 4728 ae
149 4680 187 4724 se
211 4657 339 4735 ferant,
369 4661 429 4724 bas
453 4661 617 4744 corrigere
648 4663 766 4726 bonum
796 4668 863 4735 est,
895 4659 952 4725 sed
982 4678 1022 4721 ne
1051 4656 1112 4724 hae
1136 4660 1262 4740 quidem
1287 4682 1360 4727 cum

91 4769 267 4814 Lebmkulrl.
281 4769 352 4811 Casus
367 4772 525 4813 conscientiae.
547 4773 573 4812 11.
1138 4765 1153 4815 6
