3044 5174
150 277 216 343 564
617 273 824 332 Sacramentum
840 271 1013 328 matmmonii,

148 450 230 518 libet
253 454 389 535 peracta
411 450 445 516 in
469 456 561 518 certa
583 449 753 533 parochia,
784 448 904 514 ibidem
934 469 1043 514 coram
1066 448 1209 533 parocho
1233 449 1469 516 matrimonium

150 540 259 607 valide
283 539 432 607 contrahi
454 539 568 623 possit.

240 647 414 713 Decretum
440 647 471 713 S.
497 643 605 712 Officii
627 644 660 709 in
684 643 841 728 singulari
872 665 972 709 causa
998 642 1143 710 civitatis
1166 644 1209 712 N.
1233 644 1264 711 d.
1290 645 1321 711 d.
1347 648 1367 710 9
1392 646 1471 714 Nov.

152 738 255 813 1898,
288 736 422 820 approb.
457 738 491 801 et
523 736 667 801 confirm.
699 733 729 801 d.
764 737 801 799 ll
834 732 935 800 eiusd.
961 754 1003 799 m.
1029 753 1049 797 a
1072 733 1180 798 Leone
1203 733 1292 811 XIII,
1324 739 1377 802 est
1401 735 1471 801 hoc:

155 825 295 904 ,Orator
324 823 531 907 acquiescat,
563 827 596 889 et
626 822 782 888 addatur:
814 822 855 888 Se
885 822 1092 887 conferentes
1118 822 1150 887 in
1174 821 1345 889 civitatem
1370 824 1413 891 N.
1437 847 1472 891 ex

149 914 215 980 alio
238 915 309 980 loco
328 914 381 979 vel
404 912 566 998 paroecia,
590 911 761 977 dummodo
784 911 829 976 ibi
852 911 1044 977 commorati
1067 910 1189 977 fuerint
1211 913 1244 976 in
1268 913 1381 995 aliqua
1405 935 1472 999 par·

150 1002 243 1070 occia
272 1023 331 1086 per
359 1023 419 1068 sex
456 1023 600 1079 menses,
634 1001 812 1067 censendos
840 1000 959 1065 ibidem
992 1000 1113 1066 habere
1151 1000 1473 1083 quasi-domicilium

148 1092 183 1157 in
215 1092 328 1157 ordine
361 1092 402 1158 ad
435 1090 695 1167 matrimonium,
731 1091 808 1171 quin
840 1089 1006 1172 inquisitio
1035 1089 1187 1155 facienda
1218 1089 1263 1156 sit
1295 1091 1336 1156 de
1370 1092 1473 1158 animo

149 1181 445 1336 fflergrfflrendi
482 1201 541 1265 per
578 1179 734 1246 maiorem
774 1179 850 1245 anni
888 1181 1046 1263 partem.“
1102 1178 1155 1245 Ita
1192 1184 1273 1246 Acta
1313 1183 1347 1248 S.
1385 1183 1474 1248 Sedit

87 1405 141 1462 987
239 1392 292 1458 An
316 1413 507 1469 ouunsmuu
532 1395 571 1457 2²¹¹
594 1393 633 1460 It.
660 1395 688 1460 1.
739 1391 912 1474 Delegatio
943 1391 1041 1457 debet
1071 1413 1143 1458 esse
1172 1413 1252 1458 vere
1284 1394 1383 1480 dato,
1415 1416 1473 1460 non

149 1481 272 1549 sufficit
295 1486 523 1567 praesumpta,
555 1502 675 1563 eaque,
706 1480 768 1546 nisi
798 1481 1005 1564 asuperiore
1031 1480 1174 1564 delegati
1200 1482 1313 1561 detur,
1345 1504 1367 1549 a
1391 1485 1474 1550 dele·

149 1576 229 1654 gato
262 1580 442 1658 acceptata:
474 1592 558 1654 quae
592 1576 704 1637 tamen
736 1570 920 1653 acceptatio
954 1570 1023 1635 fieri
1055 1575 1167 1655 potest
1197 1591 1284 1654 vago
1313 1573 1412 1641 modo
1445 1577 1475 1638 et

150 1661 396 1738 universaliter3
430 1659 516 1726 sicut
547 1659 647 1725 etiam
679 1659 843 1742 delegatio
872 1659 941 1725 fieri
967 1663 1079 1744 potest
1102 1661 1156 1725 vel
1188 1660 1402 1744 particularis
1426 1663 1474 1727 vel

148 1749 322 1834 generalis.

238 1856 331 1922 Dixi:
360 1855 438 1935 ,nisi
456 1877 476 1921 a
492 1855 658 1939 superiore
675 1855 802 1921 detur“:
827 1876 902 1921 nam
927 1855 961 1920 iu
984 1877 1022 1920 eo
1047 1876 1124 1920 casu
1143 1856 1329 1940 acceptatio
1346 1859 1474 1943 proprie

150 1945 239 2011 dicta
275 1967 338 2010 non
377 1944 573 2027 requiritur,
612 1945 670 2009 sed
704 1945 827 2010 sufficit
860 1944 1025 2026 generalis
1060 1945 1213 2011 voluntas
1247 1966 1283 2011 se
1319 1947 1473 2013 subdendi

149 2033 326 2118 superiori;
356 2034 454 2098 immo
479 2055 624 2098 summus
646 2033 796 2118 pontifex
819 2037 929 2117 potest
952 2035 1167 2100 reluctantem
1190 2033 1334 2100 habilem
1358 2042 1472 2104 testem

149 2123 350 2189 constituere
387 2123 420 2188 in
459 2123 519 2189 tali
556 2144 593 2188 re
632 2143 715 2206 qnae
754 2143 817 2187 non
857 2123 1001 2205 requirat
1039 2123 1245 2207 personalem
1283 2129 1397 2192 actum
1437 2147 1473 2192 ex

148 2217 244 2297 parte
268 2212 374 2279 testie.

238 2320 278 2386 R.
302 2323 331 2385 2.
379 2319 495 2386 Relate
520 2319 560 2384 ad
585 2322 811 2384 contracturos
834 2318 998 2400 delegatio
1024 2318 1120 2384 debet
1150 2340 1222 2384 esse
1246 2320 1472 2399 determinata,

148 2407 245 2489 idque
275 2409 308 2473 in
342 2408 508 2474 individuo
542 2408 570 2473 si
601 2409 641 2473 de
671 2407 860 2492 particulari
892 2407 1098 2490 delegatione
1128 2408 1255 2490 rugitum
1291 2410 1378 2476 alias
1408 2411 1473 2477 fieri

148 2501 259 2581 potest
282 2496 446 2578 delegatio
470 2496 673 2563 universalis.

237 2603 276 2670 R.
298 2606 327 2669 3.
374 2604 532 2684 Delegari
562 2624 627 2669 non
656 2607 767 2686 potest
797 2602 857 2667 nisi
889 2604 1058 2678 sacerdos;
1088 2603 1240 2687 delegare
1269 2610 1385 2688 potest
1408 2611 1472 2674 tum

149 2694 309 2776 parochus
342 2699 411 2759 tum
445 2692 627 2757 ordinarius
660 2692 870 2758 dioecesanus
905 2690 998 2775 (ergo
1031 2692 1130 2758 etiam
1163 2693 1305 2759 vicarius
1336 2717 1473 2778 genera·

148 2781 188 2846 lis
213 2787 258 2935 etf
270 2782 347 2848 sede
372 2785 512 2846 vacante
538 2782 716 2865 capitulum
742 2802 800 2847 seu
826 2781 967 2847 vicarius
993 2782 1208 2865 capitularis),
1233 2787 1303 2848 tum
1330 2807 1474 2851 summus

147 2877 239 2954 ponti
257 2892 308 2937 ex.

86 3010 139 3064 988
238 2994 291 3059 An
310 3015 501 3070 qunasmun
519 2996 558 3059 3¹¹²
574 2994 613 3061 R.
634 2998 660 3059 I.
693 2993 865 3076 Delegatio
890 3015 931 3059 ex
951 2999 1045 3077 parte
1069 2994 1252 3078 delegantis
1275 2995 1309 3061 in
1334 3005 1472 3082 utroque

148 3103 225 3148 casu
250 3084 332 3149 satis
356 3084 435 3150 data
458 3087 546 3158 erat;
577 3105 653 3148 nam
683 3088 820 3166 possunt
850 3083 960 3165 sponsi
992 3083 1087 3166 dirigi
1111 3084 1154 3149 ad
1177 3085 1342 3167 quoslibet
1366 3109 1472 3153 sacer-

148 3172 252 3248 dotes,
277 3173 309 3237 in
334 3194 396 3255 quo
421 3194 498 3238 casu
515 3171 678 3254 delegatio
695 3171 846 3255 compleri
865 3173 962 3238 debet
978 3173 1136 3238 electione
1156 3194 1214 3257 per
1230 3195 1370 3258 sponsos
1387 3177 1473 3243 facta

148 3265 183 3326 et
205 3262 367 3327 sacerdoti
393 3263 498 3328 electo
522 3282 581 3345 per
605 3282 660 3326 eos
685 3261 862 3327 notificata.

237 3368 275 3434 R.
302 3371 331 3435 2.
376 3369 414 3433 In
431 3372 539 3454 primo
564 3389 641 3433 casu
658 3368 822 3450 delegatio
839 3389 859 3433 a
875 3368 1016 3453 parocho
1034 3369 1112 3434 data
1127 3369 1250 3434 nullum
1268 3373 1471 3439 sacerdotem

148 3456 319 3523 constituit
342 3457 523 3540 legitimum
547 3461 683 3535 testem,
715 3458 777 3523 nisi
808 3457 862 3539 qui
891 3458 1128 3539 delegationem
1152 3458 1294 3542 positivo
1319 3465 1398 3528 actu
1421 3484 1472 3528 ac·

148 3546 281 3628 ceperit.
314 3546 404 3623 Quod
429 3568 464 3611 re
480 3568 560 3612 vera
582 3548 688 3612 locum
712 3568 776 3611 non
800 3546 923 3613 habuit.
956 3547 1041 3612 Nam
1066 3548 1173 3613 nullus
1189 3569 1231 3613 ex
1247 3551 1472 3618 sacerdotibus

147 3635 358 3716 congregatis
379 3635 563 3701 voluntarie
587 3635 694 3702 astitit
717 3635 929 3701 declarationi
957 3658 1159 3720 sponsorum,
1184 3658 1288 3719 neque
1313 3648 1414 3707 antea
1436 3641 1472 3705 iis

147 3723 227 3789 data
250 3728 323 3791 erat
346 3725 562 3807 delegationis
585 3724 748 3808 generalis
765 3725 891 3791 notitia.
929 3725 1016 3807 Ergo
1032 3725 1112 3791 illud
1129 3726 1373 3794 matrimonium
1391 3730 1473 3796 inter

147 3813 366 3878 Hortulanum
391 3818 424 3879 et
448 3814 615 3881 Silvanum
640 3814 836 3879 censendum
860 3821 911 3880 est
935 3816 1068 3880 nullum.

84 3942 138 3997 939
235 3920 273 3985 R.
300 3923 329 3987 3.
375 3920 574 3986 insecundo
605 3942 682 3986 casu
713 3920 797 3985 idem
830 3921 890 3984 dici
923 3921 1019 3986 debet
1043 3942 1084 3986 ex
1108 3926 1204 4005 parte
1227 3943 1341 3989 eorum
1366 3947 1472 3992 sacer·

147 4007 258 4074 dotum
283 4009 338 4091 qui
362 4031 403 4074 ex
428 4009 542 4075 alienis
566 4008 767 4074 dioecesibus
791 4014 902 4076 erant:
934 4032 1009 4074 nam
1041 4031 1113 4075 cum
1144 4013 1176 4077 hi
1207 4012 1361 4098 episcopo
1388 4016 1472 4081 dele·

146 4097 239 4180 ganti
263 4120 326 4162 non
347 4102 457 4164 essent
473 4099 603 4174 subditi,
628 4120 686 4182 per
702 4099 803 4163 solam
823 4100 1041 4165 voluntariam
1058 4101 1318 4185 acceptationem
1335 4104 1470 4188 legitimi

145 4190 250 4253 testes
275 4187 429 4253 constitui
453 4192 617 4271 poterant.
665 4186 772 4253 Aliter
795 4188 925 4254 uidetur
948 4190 1119 4254 dicendum
1149 4212 1191 4254 ex
1220 4195 1317 4274 parte
1340 4194 1470 4277 parochi

146 4276 199 4357 qui
224 4282 437 4343 remanserat.
485 4278 571 4342 Nam
601 4277 653 4341 hic
684 4284 735 4343 est
765 4278 906 4361 episcopi
931 4279 1113 4360 delegantis
1144 4279 1293 4346 subditus
1317 4289 1420 4365 atque
1441 4284 1471 4347 in

145 4364 303 4431 habituali
329 4366 539 4450 dispositione
563 4366 717 4448 sequendi
735 4367 939 4432 voluntatem
963 4368 1011 4432 sui
1030 4368 1193 4445 ordinarii,
1219 4370 1304 4450 quod
1321 4374 1471 4438 sufficere

147 4454 292 4531 videtur,
324 4460 360 4520 ut
392 4456 559 4537 legitimus
591 4456 687 4521 testis
717 4457 913 4521 matrimonii
946 4481 966 4522 a
989 4457 1139 4523 Romana
1168 4461 1201 4522 et
1224 4458 1370 4526 Hercule
1399 4484 1471 4527 con·

145 4544 307 4620 trahendi,
325 4543 424 4610 etiam
441 4566 477 4610 se
492 4546 603 4622 inscio,
626 4546 726 4610 fuerit
742 4546 949 4613 constitutus.
981 4547 1097 4629 Neque
1113 4547 1342 4614 difficultatem
1361 4571 1472 4617 creare

145 4653 263 4698 censeo
288 4634 371 4699 banc
395 4633 692 4711 circumstantiam,
724 4634 809 4715 quod
838 4635 937 4700 etiam
969 4636 1038 4719 ipse
1069 4638 1123 4702 ille
1146 4636 1309 4721 parochus
1333 4642 1472 4724 positive
