3044 5174
133 294 338 349 Matrimonium
355 292 457 348 infidel.
476 292 594 347 solubile
611 292 639 346 in
658 292 781 346 favorem
800 292 871 348 fidoi.
892 321 926 328 -
945 290 1039 345 Privil.
1060 291 1213 346 Paulinum.
1293 294 1356 359 517

76 477 127 539 otc
152 472 288 538 dissolvi
311 493 376 537 non
399 471 558 556 possint“,
583 471 733 538 concedit
755 469 923 537 conversis
939 475 976 537 ut
991 492 1105 536 norum
1122 473 1232 536 ineunt
1245 471 1357 534 metri-

76 565 180 641 m'mu,
205 561 267 627 bac
290 561 421 642 quidem
445 560 597 627 cautione
619 580 661 625 ne
684 569 797 627 temere
820 560 971 626 laedatur
986 558 1037 624 ius
1052 558 1170 643 prioris
1195 558 1357 641 coniugis:

76 651 227 716 ammodo
250 655 391 728 constet,
416 650 516 717 etiam
539 650 715 714 summarie
731 655 766 717 et
781 648 1084 725 extraiudicialiter,
1109 647 1280 731 coniugem
1299 647 1357 712 ab·

76 745 155 806 rtem
190 740 314 805 moneri
345 739 492 822 legitime
523 760 587 803 non
620 759 735 822 posse,
769 742 827 804 aut
858 737 1017 804 monitum
1046 736 1136 803 intra
1164 740 1295 821 tempus
1323 734 1357 800 iu

76 831 144 895 leno
166 828 345 896 monitione
368 829 548 914 praefixum
565 848 658 893 suam
674 828 878 894 voluntatem
895 848 959 892 nou
975 826 1207 911 significasse.“
1242 824 1358 890 Matri-

76 917 138 984 =nia
160 939 241 984 vero
272 938 312 983 ea
333 916 514 1003 apostolica
538 916 781 1001 dispensatione
804 936 864 983 con
865 921 975 983 tracta
996 916 1092 981 firma
1115 935 1187 981 esse
1211 914 1359 979 declarat

76 1028 174 1074 umus
189 1005 340 1091 pontifex
362 1009 478 1073 contra
501 1005 680 1088 quamlibet
698 1005 965 1073 reclamationem
980 1004 1099 1089 prioris
1115 1002 1261 1107 coniugis
1275 1000 1357 1158 letgi-

76 1117 145 1163 iae:
171 1095 257 1179 quod
281 1116 354 1161 esse
370 1117 434 1161 nou
450 1099 573 1179 posset,
597 1092 659 1160 nisi
682 1116 827 1161 summus
842 1094 991 1180 pontifex
1014 1093 1094 1159 illud
1109 1091 1228 1178 prioris
1243 1095 1358 1158 matri·

76 1183 128 1250 =nii
152 1185 317 1251 vinculum
341 1185 470 1251 solvere
493 1186 646 1270 possete
628 1183 848 1252 etsolvisset.
824 1183 1008 1262 t,Quae
1037 1182 1167 1266 quidem
1190 1186 1259 1248 mat
1260 1181 1358 1247 rimo·

76 1278 116 1350 ι“,
141 1272 190 1342 ait
212 1295 358 1340 summus
379 1273 539 1358 pontifex,
568 1272 714 1349 ,etiarnsi
731 1277 848 1358 postea
863 1270 1043 1338 innotuerit
1063 1269 1218 1354 coniuges
1234 1269 1359 1356 priores

76 1362 177 1429 ideles
200 1385 292 1429 auom
315 1365 422 1430 colunt
410 1371 504 1428 tutem
528 1365 609 1429 iuste
632 1363 800 1448 impeditos
816 1363 983 1428 declarare
1006 1383 1069 1427 ιιοιι
1091 1364 1238 1448 potuisse,
1264 1368 1291 1426 et
1315 1361 1359 1425 od

76 1475 123 1519 cm
141 1455 233 1518 eiiam
250 1461 386 1538 lantpero
401 1459 545 1519 troueoct
547 1475 558 1516 ι
533 1453 706 1517 saecundi
720 1453 918 1517 matrimonii
934 1472 1096 1517 conversos
1109 1450 1222 1534 fuisse,
1242 1448 1358 1515 nihilo-

76 1562 137 1607 nus
167 1540 307 1607 rescindi
337 1562 514 1625 numquam
544 1540 680 1618 debere,
711 1540 769 1606 sed
792 1539 905 1606 valida
934 1542 969 1606 et
998 1540 1094 1604 firma
1117 1544 1218 1605 esse.“
1268 1538 1357 1604 Idem

76 1629 374 1699 coadunavit
396 1629 489 1696 Urb.
513 1629 604 1697 VIII
650 1629 698 1696 Cf.
727 1630 784 1696 Th
809 1652 849 1697 m.
873 1628 915 1706 ΙΙ,
941 1629 1014 1694 707.

120 1735 216 1803 Unde
245 1741 339 1822 patet
305 1736 550 1803 etclarissime
573 1736 739 1802 Romanos
761 1740 842 1819 pont
827 1734 933 1802 tifices
960 1734 1023 1800 sibi
1052 1734 1236 1800 vindicasse
1265 1737 1358 1818 pote·

76 1830 152 1928 item
176 1846 235 1891 sua
260 1831 337 1893 auct
322 1826 422 1893 torita
423 1829 457 1892 te
480 1825 627 1891 solvendi
654 1846 696 1890 ex
724 1823 819 1908 gravi
849 1844 950 1890 causa
980 1824 1056 1891 fidei
1086 1824 1221 1889 favente
1244 1821 1358 1889 matri·

76 1913 174 1980 mium
206 1914 239 1979 in
270 1914 464 1982 infidelitate
429 1919 718 1990 tcontractum,
750 1918 820 1981 tum
850 1912 979 1996 quando
1003 1913 1051 1978 alt
1037 1917 1125 1980 tteru
1127 1932 1163 1977 er
1186 1911 1359 1993 coniugum

94 2004 194 2069 fidem
219 2024 397 2069 conversus
420 2004 569 2080 fuerit,t
570 2025 624 2069 um
648 2004 778 2086 quando
802 2022 979 2069 conversus
1002 2001 1046 2068 sit
1070 2000 1187 2067 coniux
1210 2005 1358 2082 uterque,

76 2092 276 2159 strimonium
309 2097 419 2160 autem
450 2097 526 2178 post
557 2093 726 2175 utriusque
758 2091 1002 2158 conversionem
1037 2088 1178 2156 noudum
1210 2110 1360 2156 coneum·

76 2187 165 2249 itum.

121 2287 233 2354 Verba
257 2287 455 2371 Gregorii
478 2287 556 2353 Xlll
586 2291 683 2355 tanta
704 2287 903 2353 necessitate
929 2287 1015 2352 hunc
1036 2307 1167 2352 sensum
1190 2285 1361 2369 postulant

92 2376 274 2442 adversarii
299 2382 460 2460 cogantur
483 2398 614 2442 sensum
638 2376 720 2442 miro
743 2377 838 2442 medo
860 2381 1086 2458 contorquere.
1117 2375 1170 2442 Ita
1184 2374 1360 2441 Pontius

76 2466 198 2532 ‚Bam
222 2465 299 2530 XIV
322 2466 343 2532 l.
369 2488 395 2532 c.
421 2487 451 2532 n.
478 2465 535 2547 38)
565 2470 678 2532 censet
702 2464 895 2548 (tragurium
918 2465 997 2530 XIII
1025 2462 1227 2530 solummodo
1253 2463 1360 2531 dicere

76 2553 118 2620 lle
148 2560 224 2639 post
253 2555 512 2631 matrimonium,
544 2555 725 2639 apostolica
748 2553 990 2639 dispensatione
1014 2557 1236 2632 contractum,
1263 2553 1361 2619 fidem

76 2665 97 2708 n
128 2643 268 2727 amplius
297 2643 446 2709 adbiberi
476 2644 606 2727 coniugi
635 2644 736 2729 priori
766 2643 939 2728 apparenti
969 2646 1069 2724 atque
1093 2643 1212 2709 dicenti
1235 2664 1271 2708 se
1294 2643 1359 2708 iam

79 2753 134 2797 ase
158 2753 352 2798 conversum
376 2753 481 2816 neque
504 2733 650 2817 potuisse
673 2733 877 2800 voluntatem
907 2753 1001 2799 suam
1028 2738 1177 2816 tempore
1199 2732 1233 2796 in
1255 2732 1359 2797 moui·

76 2842 121 2886 ne
144 2824 292 2905 praefixo
316 2822 502 2898 declarare;
533 2826 632 2906 alque
656 2822 704 2890 ita
727 2843 769 2887 ex
793 2822 872 2886 iuris
896 2821 1176 2906 praesumptione,
1208 2820 1359 2904 quaesit

76 2909 110 2976 is
134 2911 231 2976 etde
254 2911 341 2987 iure,
366 2912 451 2977 banc
474 2910 810 2978 uon-declarationem
835 2910 1017 2977 voluntatis
1039 2910 1152 2976 haberi
1176 2931 1235 2994 pro
1260 2909 1358 2974 dene·

76 2999 166 3066 tione
182 3000 337 3084 pacificae
353 3000 613 3067 cohabitationis
642 3039 680 3047 -
696 3001 818 3066 Verum
834 3000 906 3082 quis
922 3000 1036 3066 credat
1051 2998 1232 3064 Ecclesiam
1249 2997 1358 3064 facere

76 3109 115 3155 nc
134 3093 461 3174 praesumptionem
450 3093 543 3173 raris,
567 3111 665 3172 quam
688 3089 722 3154 in
744 3088 837 3155 mult
813 3093 857 3155 trs
880 3088 1010 3154 casibus
1032 3087 1204 3155 evidenter
1226 3087 1357 3171 probari

76 3178 135 3244 ssit
164 3199 185 3243 a
214 3199 293 3244 vero
322 3199 358 3244 re
390 3179 462 3262 ipsa
491 3180 660 3255 recedere,
692 3182 792 3260 atque
815 3177 997 3243 Ecclesiam
1027 3197 1070 3242 ex
1093 3176 1357 3260 praesumptione

76 3289 113 3334 eo
137 3266 223 3333 futili
246 3267 390 3332 iudicare
414 3267 623 3333 consuevisse
646 3271 761 3334 contra
783 3267 925 3350 ligamen
949 3264 1171 3331 matrimonii
1162 3286 1232 3331 rure
1248 3264 1357 3331 divino

88 3356 232 3423 naturali
256 3356 454 3423 consistens!

119 3463 159 3528 R.
177 3466 207 3529 3.
245 3463 298 3528 Ex
321 3462 498 3547 disputatis
520 3467 614 3546 patet
637 3462 837 3545 quaestionis
861 3466 1000 3544 quartae
1023 3461 1127 3530 nostri
1150 3482 1246 3527 casus
1270 3460 1419 3532 solu-899

78 3573 153 3617 nem
184 3551 321 3617 eandem
352 3573 424 3618 esse
455 3552 589 3627 debere,
625 3553 696 3617 sivo
728 3552 799 3617 sola
827 3551 929 3617 Ricca
958 3550 1028 3616 sive
1060 3550 1158 3616 etiam
1189 3549 1356 3616 Abraham

95 3640 192 3706 fidem
217 3662 394 3707 conversus
418 3641 534 3715 fuerit;
568 3662 673 3723 neque
697 3641 839 3707 dubitari
860 3661 957 3725 posse
982 3641 1022 3706 de
1047 3640 1086 3706 R.
1112 3640 1274 3724 pontificis
1299 3662 1357 3724 po-

76 3735 155 3797 rtate
187 3731 221 3795 in
253 3751 374 3812 genere
406 3752 482 3794 num
515 3731 620 3815 possit
652 3730 809 3796 eiusmodi
842 3729 1085 3796 matrimonium
1117 3730 1265 3802 solvere,
1299 3730 1355 3795 sed

76 3841 137 3885 mm
168 3819 335 3901 negotium
366 3819 477 3885 reduci
507 3820 548 3884 ad
578 3820 640 3884 hoc
671 3824 778 3885 utrum
802 3841 844 3885 ex
875 3819 1036 3886 adiunctis
1061 3818 1235 3903 colligatur
1257 3839 1357 3884 causa

76 3929 113 3974 eo
139 3908 252 3990 gravis
275 3912 313 3976 ut
337 3908 440 3992 possit
462 3930 608 3974 summus
631 3908 781 3992 pontifex
804 3909 837 3974 in
860 3909 922 3975 hoc
945 3929 1022 3975 casu
1047 3930 1108 3974 sua
1130 3907 1275 3989 generali
1299 3928 1357 3990 po·

76 4003 156 4065 tate
180 3997 237 4063 uti.

121 4104 165 4170 Et
198 4124 334 4181 revera,
370 4108 407 4169 ut
442 4108 518 4169 acta
551 4104 585 4168 in
619 4103 762 4169 archivis
792 4104 949 4170 Romanis
982 4109 1164 4178 testantur,
1200 4124 1265 4168 non
1298 4103 1356 4167 ob·

76 4197 143 4259 rute
176 4192 295 4257 iudicio
334 4197 369 4258 et
403 4192 536 4258 consilio
568 4193 847 4260 Lambertiuii
882 4193 1067 4269 secretarii,
1103 4192 1240 4258 aliorum
1272 4191 1356 4257 iudi-

76 4304 117 4347 ιιιι
140 4281 341 4365 praevaluit,
373 4286 473 4364 atque
501 4303 646 4347 suurmus
669 4282 836 4366 pontifex,
860 4283 969 4348 soluto
992 4280 1200 4347 matrimonio
1222 4281 1356 4347 Riccam

76 4392 117 4437 er
148 4376 182 4437 et
214 4372 399 4446 Abraham,
434 4371 509 4436 huic
544 4371 692 4454 permisit
726 4393 798 4436 cum
832 4372 958 4437 Blanca
992 4375 1067 4454 post
1102 4371 1244 4435 omnium
1279 4392 1355 4436 con·

76 4460 216 4526 rsiouem
245 4460 459 4526 christianum
489 4460 731 4526 matrimonium
761 4460 852 4526 inire.
907 4459 954 4525 Of.
986 4459 1354 4525 Ballerini·Palm.

76 4571 102 4616 o.
129 4572 159 4615 n.
186 4551 259 4615 709.
