3044 5174
326 298 475 369 Dispositio
493 300 527 352 ad
546 301 703 354 sumendam
723 317 760 354 ss.
780 298 987 354 eucharistiam:
1008 329 1040 336 -
1060 299 1196 354 ieiunium.
1375 304 1417 368 93

101 475 360 560 inseparabiliter
375 478 417 543 ab
435 497 475 542 ea
491 482 525 543 et
548 476 778 542 insensibiliter
794 498 865 541 curn
883 496 921 541 ea
937 477 1207 558 transglutiatur;
1233 477 1266 557 b)
1290 477 1317 541 si
1341 476 1417 559 quid

99 589 150 650 per
178 567 310 632 modum
341 569 549 650 aspirationis
577 566 611 630 in
640 566 844 632 stomachum
874 565 1058 644 descendit,
1091 566 1216 631 scilicet
1245 565 1331 646 quod
1360 587 1418 649 per

99 675 205 719 aerem
228 655 323 721 volat
352 660 387 720 et
416 676 489 720 cum
519 676 595 721 aere
625 655 789 721 hauritur:
821 655 867 719 sic
896 654 996 720 etiam
1020 676 1131 720 musca
1161 654 1220 720 tali
1244 655 1339 719 modo
1368 655 1418 719 in-

98 743 282 809 voluntarie
311 744 507 809 transmissa
536 766 600 809 non
631 743 765 827 impedit
796 765 821 810 s.
846 744 1119 819 communionem
1151 765 1264 808 verum
1289 744 1317 808 si
1347 744 1418 826 quis

97 833 273 898 advertens
289 854 435 898 muscam
451 834 498 899 sic
513 833 663 898 haustam
680 835 783 898 notens
798 853 840 898 ex
852 854 908 898 ore
924 832 957 898 in
970 833 1172 899 stomachum
1189 833 1417 910 transmiserit,

97 943 165 987 cum
191 921 298 1006 possit
321 943 498 1006 exspuere,
528 922 625 988 laesit
647 921 801 987 ieiunium
824 923 991 998 naturale;
1023 922 1055 1004 c)
1078 921 1106 987 si
1131 945 1192 1008 per
1221 924 1348 987 niodum
1373 932 1418 987 at-

95 1014 262 1077 tractionis
292 1032 351 1095 per
380 1032 477 1076 nares
507 1009 629 1093 aliquid
660 1016 792 1095 praeter
821 1010 1034 1076 intentionem
1066 1010 1318 1089 transmittitur,
1354 1033 1419 1075 non

95 1106 251 1166 censetur
272 1100 427 1166 ieiunium
450 1100 600 1165 naturale
624 1100 757 1167 violare.

185 1206 226 1272 R.
258 1209 288 1274 3.
341 1206 531 1289 Requiritur
562 1210 599 1272 ut
633 1206 718 1290 qnod
752 1211 916 1290 sumptum
951 1206 995 1272 sit
1028 1207 1137 1288 aliquo
1170 1206 1265 1271 modo
1300 1205 1421 1272 habeat

93 1295 258 1361 rationem
282 1295 344 1361 cibi
368 1296 421 1361 vel
450 1299 548 1380 potus
570 1295 623 1361 vel
653 1296 752 1362 etiam
775 1294 970 1373 medicinae,
1000 1295 1109 1362 itaut
1135 1295 1261 1360 nutrire
1291 1295 1419 1377 quidem

95 1406 161 1449 non
185 1383 372 1450 necessario
395 1384 529 1463 debeat,
560 1385 680 1451 debeat
702 1388 813 1451 tamen
836 1384 945 1466 aliquo
968 1385 1064 1450 modo
1088 1406 1108 1451 a
1131 1385 1300 1450 stomacho
1324 1405 1420 1468 posse

94 1473 242 1539 alterari.
278 1473 330 1538 Ex
353 1493 419 1555 qua
433 1494 533 1539 causa
549 1473 693 1558 capillos,
717 1474 837 1551 lanam,
862 1474 1040 1551 metallum,
1064 1474 1186 1539 vitrum
1208 1473 1420 1557 deglutivisse

94 1584 160 1627 non
185 1566 238 1628 est
265 1561 368 1628 laesio
397 1562 523 1639 ieiunii;
555 1567 642 1629 esset
665 1584 760 1635 vero,
791 1563 819 1627 si
849 1583 908 1646 per
937 1564 1067 1628 modum
1095 1563 1275 1628 medicinae
1298 1563 1418 1645 aliquid

94 1651 243 1735 pulveris
266 1651 423 1718 metallici
447 1655 640 1718 sumeretur.
691 1653 747 1717 Th.
771 1675 812 1718 m.
837 1651 878 1728 ll,
905 1655 978 1717 160.

186 1783 240 1848 An
263 1805 454 1860 nuasmruu
478 1787 517 1849 3¹⁰
541 1783 582 1849 ad
601 1787 744 1870 primum
766 1805 878 1849 casum
901 1783 940 1850 R.
968 1787 996 1852 1.
1035 1783 1150 1849 Ericus
1172 1805 1237 1850 non
1260 1784 1419 1867 peccavit,
1432 1794 1481 1850 165

94 1895 171 1938 cum
188 1872 349 1955 evigilans
364 1879 463 1939 noctu
486 1872 614 1950 biberit,
639 1873 714 1954 quia
738 1872 845 1956 potuit
867 1872 928 1938 iuri
952 1872 1128 1938 sumendae
1144 1895 1187 1938 ss.
1204 1873 1420 1938 eucharistiae

94 1963 200 2027 libere
223 1961 422 2041 renuntiare,
446 1961 474 2026 si
497 1961 583 2028 forte
606 1961 670 2027 iarn
694 1962 801 2027 media
825 1982 891 2027 nox
914 1961 1098 2038 transierit3
1123 1966 1222 2044 atque
1239 1962 1321 2027 satis
1337 1969 1419 2039 erat,

94 2053 124 2116 si
156 2054 274 2135 postea
297 2051 359 2116 bac
381 2050 422 2116 de
444 2071 481 2115 re
503 2050 719 2134 inquisiverit.
766 2050 874 2116 Aliter
897 2050 1068 2116 dicendum
1092 2054 1143 2115 est
1172 2050 1206 2116 in
1229 2072 1268 2115 eo
1291 2054 1420 2118 tantum

94 2161 176 2205 casu
207 2161 270 2222 quo
300 2140 416 2205 Ericus
447 2140 599 2207 habuerit
630 2161 766 2222 gravem
797 2139 1028 2222 obligationem
1060 2140 1235 2205 sumendae
1264 2140 1335 2222 ipso
1365 2141 1420 2205 illo

95 2229 149 2293 die
181 2250 206 2295 s.
238 2229 471 2295 communionis
500 2229 553 2294 vel
585 2229 799 2294 celebrandae
822 2229 958 2294 missae:
989 2250 1064 2294 nam
1095 2229 1128 2293 in
1156 2229 1218 2294 hac
1247 2228 1421 2313 hypothesi

96 2318 240 2383 debebat
270 2319 330 2382 sub
359 2318 455 2401 gravi
486 2340 603 2384 cavere
633 2318 809 2384 laesionem
839 2318 947 2383 ieiunii
979 2318 1090 2383 eiusve
1119 2318 1314 2402 periculum,
1349 2318 1421 2383 aliis

95 2406 225 2472 verbis:
259 2407 370 2474 debuit
402 2411 501 2474 antea
533 2408 644 2472 videre
676 2408 762 2473 sitne
794 2408 1020 2491 praeterlapsa
1051 2408 1159 2473 media
1191 2429 1273 2486 n0x;
1307 2408 1421 2490 quodsi

95 2496 199 2562 fuerit
222 2497 458 2580 praeterlapsa,
484 2517 504 2561 a
527 2496 665 2561 bibendo
689 2496 800 2561 debuit
824 2497 998 2563 abstinere.

119 2633 123 2639 ·
187 2602 226 2667 R.
259 2605 289 2669 2.
336 2602 414 2667 Cum
444 2601 564 2669 viderit
596 2602 800 2683 horologium
831 2602 975 2667 indicare
1007 2603 1122 2668 horam
1155 2600 1256 2685 111s2,
1290 2606 1421 2686 poterat

94 2696 172 2758 tuto
196 2712 232 2756 se
254 2711 367 2756 somno
399 2692 504 2756 denuo
528 2691 731 2757 committere
762 2697 795 2757 et
819 2692 1021 2759 voluntatem
1046 2713 1142 2757 mnne
1165 2692 1421 2757 communicandi
1501 2723 1506 2730 ¹

96 2781 259 2856 retinere,
283 2781 441 2863 siquidem
465 2779 495 2844 ei
518 2801 559 2844 ne
582 2780 615 2845 in
639 2784 780 2845 mentem
806 2781 935 2863 quidem
958 2781 1066 2858 venit,
1091 2780 1240 2846 accidere
1263 2782 1418 2865 potuisse,

96 2875 134 2935 nt
158 2869 363 2951 horologium
386 2868 510 2933 moveri
534 2869 676 2937 desierit.

188 2975 226 3041 R.
252 2978 282 3041 3.
329 2977 407 3040 Cum
430 2979 546 3058 postea
568 2976 771 3057 horologium
796 2976 989 3041 examinans
1012 2975 1140 3042 videret
1172 2975 1251 3040 illud
1275 2976 1419 3052 stetisse,

95 3063 298 3147 impossibile
321 3064 349 3129 ei
374 3069 446 3130 erat
476 3065 606 3129 dubium
630 3065 757 3130 solvere
781 3069 889 3130 utrum
917 3069 1063 3148 tempore
1087 3086 1150 3146 quo
1173 3065 1292 3131 biberit
1314 3066 1421 3131 media

97 3175 165 3219 nox
189 3173 225 3218 re
248 3174 328 3218 vera
351 3154 463 3237 elapsa
490 3153 555 3218 iarn
585 3154 684 3219 fuerit
714 3175 825 3220 necne.
872 3154 993 3219 Verum
1016 3153 1171 3218 ieiunium
1201 3155 1325 3219 laesum
1349 3176 1422 3219 esse

98 3244 198 3308 debet
213 3242 358 3325 probari;
375 3242 517 3324 alioquin
533 3243 648 3307 Ericus
664 3243 785 3308 retinet
800 3244 850 3308 ius
866 3244 908 3308 ad
924 3265 950 3309 s.
964 3243 1219 3309 communionem
1236 3244 1420 3310 accedendi.

99 3332 209 3408 Quare
245 3332 308 3396 nisi
344 3332 513 3397 moraliter
550 3336 657 3397 certus
692 3332 735 3396 sit
769 3353 917 3397 somnum
952 3333 1083 3397 brevius
1117 3332 1218 3397 fuisse
1253 3353 1349 3414 quam
1386 3339 1422 3398 ut

98 3421 244 3504 incipere
273 3421 419 3504 potuerit
449 3427 526 3486 ante
555 3421 695 3486 mediam
725 3425 871 3498 noctem,
905 3421 1034 3486 dubium
1065 3422 1119 3486 vel
1148 3421 1362 3506 probabilitas
1392 3422 1420 3486 ei

98 3533 124 3576 s.
162 3511 419 3575 communionem
454 3531 518 3575 non
552 3510 726 3577 interdicit.
783 3510 814 3576 S.
847 3510 963 3594 Alph.
997 3510 1059 3588 Vl,
1096 3512 1160 3575 282
1193 3511 1274 3576 haec
1305 3512 1420 3577 habet:

104 3600 201 3678 ,Cum
226 3599 287 3664 hoc
311 3605 521 3683 praeceptum
544 3599 587 3664 sit
612 3599 800 3681 negativum
825 3600 865 3664 de
888 3621 952 3664 non
976 3599 1157 3665 accedendo
1176 3601 1217 3665 ad
1241 3622 1284 3665 ss.
1302 3601 1421 3666 eucha-

99 3690 230 3755 ristiam
253 3693 328 3772 post
351 3689 591 3765 comestionem,
615 3710 680 3753 non
703 3689 825 3754 teneris
844 3689 885 3754 ab
909 3689 965 3754 illa
982 3689 1155 3768 abstinere,
1181 3691 1334 3776 quamdiu
1360 3713 1419 3755 nan

99 3802 131 3844 es
162 3787 281 3860 cetus,
312 3783 346 3844 et
376 3782 470 3844 tanto
501 3778 606 3859 magis
636 3778 663 3843 si
691 3779 814 3843 nullam
843 3778 945 3842 habes
967 3778 1125 3843 rationem
1157 3779 1358 3861 probabilem
1389 3785 1421 3844 te

99 3867 297 3942 comedisse;
321 3873 400 3933 tunc
423 3867 508 3932 enim
532 3867 638 3932 adbuc
661 3888 773 3932 manes
796 3868 829 3932 in
853 3867 1058 3951 possessione
1081 3871 1158 3932 tuae
1181 3869 1372 3934 libertatis.“

191 3983 230 4048 R.
255 3985 285 4047 4.
321 3982 422 4048 lmrno
446 3982 545 4048 etiam
569 3982 596 4046 si
613 3982 729 4047 Ericus
752 3983 900 4065 primum,
925 4004 998 4046 cum
1014 3982 1204 4062 evigilasset
1219 3989 1252 4048 et
1276 3984 1419 4061 bibisset,

99 4071 304 4153 horologium
322 4093 385 4136 non
403 4071 599 4155 inspexisset
615 4072 786 4148 ullatenus,
811 4076 936 4155 postea,
954 4093 991 4136 eo
1009 4072 1094 4152 quod
1111 4072 1149 4135 de
1164 4072 1282 4136 ieiunio
1299 4074 1421 4138 violato

99 4185 164 4227 non
190 4165 367 4239 constaret,
391 4182 455 4225 non
479 4165 567 4226 esset
590 4161 807 4244 prohibendus
832 4182 851 4224 a
875 4182 899 4225 a.
926 4161 1159 4226 communione.

191 4294 244 4359 Ad
274 4296 445 4359 secnirdnm
476 4315 586 4360 casum
617 4294 655 4359 R.
704 4294 754 4357 Ex
784 4294 899 4375 regula
929 4313 1028 4375 supra
1059 4292 1137 4357 data
1166 4292 1242 4357 illae
1272 4293 1421 4372 guttulae
1433 4304 1482 4356 166

99 4388 253 4468 sumptae
284 4405 348 4447 non
380 4388 456 4449 sunt
490 4404 548 4466 per
580 4383 709 4447 modum
744 4385 841 4466 potus
873 4404 911 4447 ac
944 4381 1037 4465 proin
1070 4381 1326 4445 communionem
1357 4402 1421 4445 non

99 4474 290 4559 impediunt.
339 4471 370 4537 Si
395 4493 474 4537 vero
498 4472 650 4537 notabilis
674 4473 767 4555 copia
796 4472 829 4536 in
853 4493 889 4535 os
916 4471 1116 4545 influxisset,
1148 4491 1226 4534 sane
1257 4468 1422 4535 debuisset

100 4566 217 4629 Ericus
241 4582 417 4644 exspuere;
442 4561 533 4637 alias,
559 4561 585 4625 si
610 4582 683 4626 eam
698 4561 884 4626 voluntarie
907 4560 1153 4634 transmisisset,
1177 4559 1227 4623 ius
1245 4559 1421 4623 communi-

99 4652 195 4720 candi
220 4672 285 4715 non
309 4651 446 4734 amplius
470 4651 614 4717 haberet.
