3044 5174
147 271 212 335 296
602 263 808 320 Sacramentum
826 266 1018 335 paenitentiae.

145 465 210 509 nou
226 443 444 525 abstulitque
460 446 494 508 et
494 442 560 509 iam
576 464 661 508 nuuc
676 442 848 509 timeretur
863 442 1022 527 relapsus.
1052 443 1173 545 Magno
1189 447 1302 510 autem
1317 443 1476 510 scandalo

146 532 279 612 fuisset,
310 532 338 598 si
361 533 448 600 forte
471 533 554 598 Laet
539 536 593 598 tus
617 532 731 598 eodem
754 532 822 609 die,
854 553 967 615 quos.
992 533 1250 598 communionem
1276 536 1519 629 sumpserat

145 623 255 688 ebrius
285 621 472 705 conspectui
504 621 646 687 omnium
676 641 749 686 sese
779 621 962 688 obiecisset.
1015 621 1123 699 Quare
1152 622 1219 688 salt
1204 626 1271 687 tem
1302 623 1347 688 ad
1377 634 1519 689 uuam

145 713 328 778 alteramve
351 711 589 776 hebdomadam
613 710 734 776 differri
758 710 870 776 debuit
856 714 917 777 ta
944 710 1135 777 communio.
1176 710 1289 776 Sed
1263 732 1290 776 s1
1314 732 1376 796 per
1396 711 1473 777 illud

144 810 275 885 ternpus
305 821 341 865 se
370 801 467 884 plane
497 804 574 865 cont
559 799 658 865 tinuit
687 800 728 865 ab
758 799 863 865 ebriet
849 804 935 878 t,ate
966 799 1074 866 officia
1104 799 1215 865 diviua
1244 799 1379 866 iuterim
1408 800 1518 866 ire·

145 889 334 973 quentavit:
366 909 480 954 secure
509 887 640 954 admitti
614 893 801 972 tpoterat
825 889 867 954 ad
890 911 934 956 ss.
958 889 1133 955 eucharist
1109 893 1189 955 tram
1213 893 1314 971 atque
1338 889 1472 968 moneri,
1516 924 1519 979 l

145 984 182 1046 ut
220 977 384 1061 frequenti
421 981 702 1043 sacramentorum
739 999 799 1043 usu
837 978 956 1043 bonam
991 979 1127 1044 volunta
1129 981 1194 1043 tem
1233 979 1340 1044 aleret
1375 984 1520 1089 atque

145 1069 326 1133 roboraret.

456 1216 663 1282 MONENDI
687 1216 843 1283 MUNUS
867 1216 1162 1283 CONFESSARII.

702 1382 812 1448 (lasus.
832 1388 908 1457 (148)

233 1523 349 1600 Eligius
364 1524 565 1583 confessarius
581 1528 688 1583 nactus
703 1528 750 1582 est
758 1523 958 1599 paenitentem
973 1542 1057 1599 quem
1073 1521 1131 1582 scit
1146 1521 1224 1582 dorni
1237 1522 1357 1600 publice
1371 1529 1474 1583 tenere

46 1626 48 1630 ’
145 1609 176 1662 et
196 1605 295 1680 legere
317 1604 521 1681 ephemerides
542 1623 668 1680 pravas,
697 1623 792 1679 neque
814 1608 914 1661 tamen
935 1604 971 1661 de
992 1623 1027 1662 eo
1049 1623 1081 1662 se
1110 1608 1241 1663 accusat
1282 1603 1400 1679 Eligius
1429 1624 1470 1663 se·
1518 1636 1520 1665 ι

145 1702 211 1742 cunr
232 1686 417 1761 perpendens
438 1705 475 1744 ex
497 1704 557 1743 uua
576 1689 662 1761 parte
682 1685 776 1742 malos
798 1684 913 1742 fructus
940 1703 993 1760 pro
1022 1683 1193 1760 paenitente
1214 1683 1337 1759 eiusque
1358 1684 1473 1743 familia

145 1784 183 1823 ex
203 1765 263 1823 ista
290 1765 419 1824 lectione
448 1764 603 1836 oriundos,
632 1784 670 1822 ex
698 1765 794 1823 altera
821 1764 956 1822 timorem
985 1784 1023 1822 ne
1051 1764 1197 1823 inutiliter
1226 1764 1355 1822 suadeat
1375 1764 1404 1823 ei
1425 1765 1472 1840 qui
1518 1828 1520 1839 ,

144 1845 290 1920 speciosis
317 1845 523 1922 praetextibus
543 1865 604 1904 nou
625 1850 724 1917 caret,
752 1863 856 1903 eumve
878 1863 916 1902 ex
943 1847 1022 1903 bona
1042 1844 1073 1902 in
1094 1845 1202 1903 malam
1223 1844 1310 1902 fidem
1332 1845 1474 1916 coniciet,

144 1925 213 1984 silet
234 1933 322 2001 atque
342 1925 541 2003 paenitentem
564 1925 700 1985 absolvit.
742 1924 883 1984 Similiter
904 1924 978 1984 facit
997 1944 1072 1983 ¹cum
1093 1925 1327 1984 francomurario
1356 1931 1473 1985 etcum
1518 1970 1520 2003 ,

144 2005 208 2065 viro
229 2025 315 2081 quern
336 2005 529 2082 deprehendit
549 2005 703 2065 ouauismo
725 2005 862 2064 deditum.
1518 2020 1520 2027 ·

144 2119 322 2190 Quaeramus
345 2123 373 2179 1ο
393 2120 516 2179 monitio
538 2120 653 2196 quaudo
676 2120 716 2179 sit
736 2120 842 2192 danda,
865 2121 981 2196 quaudo
1003 2119 1173 2179 omittenda,
1512 2107 1520 2157 4

344 2221 374 2276 2⁰
395 2223 514 2277 rectene
535 2218 651 2293 Eligiua
671 2217 849 2277 monitiones
871 2219 997 2279 omittat.
1518 2219 1520 2234 ²

743 2401 878 2468 Solutio.

80 2551 134 2607 520
231 2543 284 2607 An
307 2563 498 2618 ouuasrruu
525 2546 561 2607 1¹¹²
584 2542 623 2607 R.
648 2546 676 2608 1.
715 2542 851 2609 Monitio
875 2542 1088 2625 distinguitur
1110 2542 1240 2625 quidem
1264 2542 1305 2607 ab
1329 2541 1474 2607 instruc-

142 2631 247 2709 tione,
281 2653 353 2697 cum
384 2654 425 2698 ca
453 2637 565 2698 tamen
595 2632 749 2701 cohaeret
778 2653 915 2715 eamque
945 2631 1159 2698 communiter
1188 2631 1335 2697 includit.
1382 2631 1471 2697 Nam

142 2720 278 2787 monitio
302 2721 421 2786 dicitur
444 2721 484 2786 de
511 2720 551 2785 iis
574 2741 658 2803 quae
688 2722 859 2804 paenitens
882 2741 982 2804 agere
1012 2722 1125 2799 debet,
1155 2720 1328 2787 instructio
1360 2719 1402 2786 de
1432 2719 1474 2785 iis

143 2831 226 2892 quae
257 2811 355 2876 debet
383 2810 478 2880 scire.
526 2811 589 2876 Sed
613 2832 697 2892 quae
721 2811 775 2893 agi
799 2812 934 2887 debent,
966 2814 1066 2876 autea
1096 2811 1216 2876 debent
1245 2809 1338 2886 sciri3
1369 2812 1474 2891 atque

141 2899 176 2964 in
199 2900 388 2984 paenitente
411 2899 591 2966 necessitas
615 2900 809 2965 admonendi
833 2902 1023 2984 plerumque
1047 2921 1151 2965 exeo
1175 2899 1280 2964 oritur
1303 2898 1391 2981 quod
1416 2898 1474 2964 ille

141 2989 269 3055 nesciat
298 2991 352 3055 vel
382 3011 447 3054 uon
477 2990 629 3055 attendat
658 2989 701 3054 ad
732 3010 771 3055 ea
801 3011 886 3072 quae
916 3010 1015 3071 agere
1042 2991 1086 3055 sit
1109 2989 1284 3071 obligatus.
1332 2986 1474 3053 Monitio

141 3083 254 3146 tamen
277 3100 408 3163 semper
430 3084 561 3162 spectat
584 3079 732 3161 proxime
756 3079 900 3161 praxim
931 3078 1105 3144 instructio
1127 3098 1192 3142 uon
1216 3077 1275 3145 ita.
1322 3076 1473 3161 Simplex

140 3168 243 3251 igitur
265 3167 449 3246 instructio,
472 3189 557 3250 quae
581 3188 645 3232 uon
668 3168 811 3234 refertur
834 3169 876 3233 ad
898 3172 1078 3251 practicam
1102 3166 1224 3250 aliquid
1247 3165 1369 3248 agendi
1389 3166 1474 3231 obli-

141 3258 318 3339 gationem,
344 3257 572 3323 difficultatem
596 3257 793 3323 confessario
818 3278 881 3321 uon
901 3261 1002 3334 creat,
1027 3277 1131 3339 neque
1156 3257 1337 3322 deliberare
1361 3255 1473 3333 debet,

142 3347 228 3413 sitne
258 3346 409 3413 facienda
438 3367 480 3411 an
511 3346 701 3413 omittenda.
755 3346 840 3422 Nam
872 3346 899 3410 si
928 3349 1058 3429 tempus
1090 3349 1261 3429 suppetat,
1294 3344 1474 3411 instructio

142 3456 254 3500 eorum
284 3457 368 3517 quae
397 3435 473 3499 sciri
503 3435 623 3501 debent
652 3456 782 3518 semper
811 3435 961 3501 facienda
991 3440 1051 3502 est.
1098 3434 1190 3512 Quod
1221 3435 1261 3499 de
1290 3434 1475 3501 monitione

142 3546 207 3589 nou
231 3545 361 3608 semper
383 3523 520 3591 obtinet.
565 3524 613 3589 df.
638 3524 671 3589 S.
695 3523 812 3608 Alph.
837 3524 893 3601 VI,
920 3527 995 3592 608.

80 3653 130 3707 521
231 3631 271 3697 R.
297 3634 327 3697 2.
374 3630 510 3696 Monitio
540 3631 640 3696 etiam
665 3631 815 3696 facienda
837 3652 967 3714 semper
989 3634 1056 3707 est,
1087 3629 1115 3695 si
1138 3634 1229 3696 certo
1258 3630 1475 3714 praevidetur

142 3720 287 3794 fructus;
320 3725 356 3785 at
385 3741 450 3785 nou
476 3719 550 3785 ilico
575 3720 772 3797 omittenda,
801 3719 830 3784 si
853 3720 980 3786 fructus
1004 3742 1068 3785 non
1091 3721 1311 3804 praevidetur.
1359 3720 1472 3786 Etiam

141 3813 210 3876 tum
240 3809 392 3874 facienda
416 3813 467 3875 est
490 3809 620 3873 omnino
643 3809 795 3887 monitio,
826 3809 854 3874 si
878 3830 920 3874 ex
944 3830 984 3875 ea
1007 3809 1127 3874 omissa
1150 3809 1276 3874 maiora
1299 3810 1389 3874 mala
1420 3830 1473 3874 se-

142 3903 286 3980 quuntur
309 3919 407 3981 quam
429 3920 472 3962 ex
496 3919 535 3963 ea
558 3898 664 3971 facta;
690 3899 870 3964 omittenda
891 3920 980 3976 vero,
1005 3899 1033 3964 si
1050 3921 1067 3964 e
1084 3898 1248 3964 contrario
1265 3919 1307 3962 ex
1323 3919 1364 3964 ea
1380 3898 1473 3965 facta

141 3987 268 4054 maiora
296 3993 477 4070 sequuntur
506 3988 594 4052 mala
624 4009 722 4068 quam
752 4009 793 4053 ex
824 4010 865 4053 ea
894 3988 1024 4055 omissa.
1075 3989 1198 4053 Verum
1227 3992 1264 4052 ut
1293 3987 1377 4052 haec
1407 3987 1472 4053 rite

141 4077 386 4160 intellegantur,
404 4076 664 4142 descendendum
680 4081 732 4143 est
747 4078 789 4142 ad
805 4076 910 4159 maga
923 4077 1144 4161 particularia,
1162 4075 1324 4142 utstatim
1337 4077 1473 4143 notabo.

230 4184 269 4249 R.
294 4187 324 4250 3.
372 4184 477 4268 Saepe
508 4183 638 4248 dubium
670 4187 722 4249 est
745 4184 798 4248 vel
828 4205 893 4248 nou
924 4189 1049 4250 certum
1072 4187 1180 4249 utrum
1206 4182 1311 4266 prosit
1334 4182 1473 4248 monitio

141 4294 184 4338 an
213 4278 341 4341 noceat.
316 4274 451 4339 tPro
483 4294 545 4354 quo
576 4294 653 4338 casu
683 4277 777 4339 tone:
804 4274 836 4355 1)
859 4295 923 4338 nou
948 4295 1019 4338 esse
1045 4272 1257 4338 dubitandum
1288 4271 1359 4337 siue
1381 4272 1475 4338 iusta

141 4362 195 4427 vel
218 4364 313 4445 gravi
337 4384 452 4439 causa3
482 4365 516 4443 2)
540 4384 737 4446 quamquam
760 4363 942 4444 generatim
967 4362 1217 4427 confessarius
1208 4384 1241 4426 m
1265 4362 1474 4427 consessione

140 4451 299 4535 imprimis
330 4452 499 4535 spirituale
529 4452 647 4518 bonum
675 4452 873 4536 paenitentis
896 4451 1059 4534 respicere
1082 4452 1195 4553 debet:
1225 4457 1339 4517 tamen
1369 4451 1472 4518 etiam

141 4541 310 4606 observari
334 4542 432 4608 debet
455 4542 607 4606 damnum
631 4543 684 4607 vel
708 4542 826 4606 bonum
851 4561 1021 4605 commune
1044 4540 1205 4623 gravioris
1223 4533 1381 4607 momenti
1398 4563 1475 4606 esse

142 4650 239 4711 quam
275 4632 428 4696 damnum
463 4631 625 4695 bonumve
659 4630 873 4713 particulare;
912 4628 946 4710 3)
982 4651 1087 4712 neque
1121 4632 1226 4696 solum
1260 4630 1381 4695 bouum
1418 4630 1473 4695 vel
