3044 5174
362 270 402 326 De
422 273 549 344 baptismi
569 273 684 344 patrinis
702 276 730 328 in
749 272 884 344 baptismo
903 273 1098 328 conditionata
1350 280 1391 342 51

64 449 234 531 quaelihet
258 450 507 518 communicatio
533 473 605 516 curn
629 451 795 516 haeretico
819 451 852 514 in
876 450 940 515 ritu
972 452 1134 516 catholico
1159 456 1210 517 est
1233 452 1391 517 eiusmodi

64 540 196 621 signum
221 560 415 605 consensus:
449 561 543 606 secus
566 541 598 605 in
622 543 709 606 nullo
733 562 810 606 casu
835 539 1079 605 matrimonium
1102 540 1241 606 mixtum
1266 542 1390 607 licitum

64 629 208 694 evadere
232 633 353 712 potest.
393 629 561 694 Eiusmodi
585 628 834 695 communicatio
864 650 964 711 saepe
991 651 1056 694 non
1079 629 1204 695 indicat
1226 631 1289 696 nisi
1312 631 1391 697 hae-

64 718 160 783 retici
184 718 429 802 persuasionem
454 719 487 783 in
519 721 575 783 hoc
602 720 721 784 saltem
745 719 811 783 ritu
836 718 1015 783 catholicos
1039 719 1121 785 bene
1145 719 1268 786 sentire
1291 724 1391 802 atque

64 811 156 873 recte
188 828 298 889 agere.
352 808 405 872 Ex
437 807 666 874 aestimatione
699 812 811 873 autem
843 807 1010 872 hominum
1040 808 1081 873 ad
1117 830 1236 874 munus
1269 810 1392 893 patrini

64 896 197 962 admitti
220 895 343 962 nostris
365 896 568 980 temporibus
590 897 661 962 fere
684 897 825 963 habetur
839 917 899 980 pro
919 895 1042 961 honore
1058 918 1147 962 mere
1171 898 1270 976 civili,
1294 920 1391 982 prae·

64 985 182 1052 sertim
205 1006 264 1069 pro
289 984 377 1050 civili
401 987 523 1051 honore
553 991 683 1052 tanturn
706 986 735 1050 si
765 986 897 1051 diversa
925 992 976 1052 est
999 986 1120 1069 patrini
1146 992 1181 1054 et
1203 988 1391 1071 baptizandi

64 1074 223 1157 religiosa
245 1074 417 1159 professio.
464 1075 599 1152 Quando
623 1075 725 1159 igitur
748 1096 843 1141 omne
867 1075 996 1156 signum
1020 1096 1198 1141 consensus
1230 1079 1326 1160 pravi
1350 1079 1390 1144 ah

63 1163 265 1229 admissione
285 1163 443 1230 haeretiei
458 1165 578 1250 patrini
596 1165 737 1241 exsulat,
763 1166 931 1231 decretum
947 1165 978 1231 S.
998 1164 1105 1230 Officii
1121 1165 1155 1230 in
1171 1167 1391 1250 compluribus

63 1253 175 1319 causis
198 1253 419 1335 singularibus
442 1252 547 1319 latum
578 1255 711 1319 obstare
741 1275 805 1319 non
837 1253 968 1319 videtur
999 1254 1078 1334 quin
1106 1274 1148 1319 ex
1172 1256 1267 1337 gravi
1291 1276 1391 1322 causa

64 1342 229 1426 parochus
252 1342 452 1408 haereticum
469 1343 634 1419 admittat,
659 1343 686 1408 si
710 1342 910 1427 impossibile
927 1346 978 1408 est
993 1363 1068 1408 eum
1083 1345 1251 1427 impedire.
1283 1346 1390 1412 Inter-

64 1432 257 1515 rogationes
279 1453 358 1497 vero
383 1436 417 1498 et
439 1453 598 1516 responsa
620 1432 653 1497 in
678 1431 743 1497 ritu
767 1431 991 1516 baptismalia
1012 1431 1142 1515 patrino
1166 1434 1275 1499 danda
1298 1442 1391 1501 curet

63 1521 239 1606 parochus,
263 1523 301 1587 ut
316 1521 370 1586 vel
386 1520 457 1605 ipse
473 1521 530 1587 det
545 1520 600 1586 vel
622 1525 660 1586 ut
682 1542 722 1587 ea
738 1521 795 1588 det
811 1521 974 1588 obstetrix
995 1521 1103 1586 aliave
1118 1542 1260 1605 persona
1277 1524 1390 1590 catho-

63 1612 146 1677 lica:
175 1609 263 1692 quod
286 1630 324 1676 eo
348 1610 477 1676 facilius
501 1611 662 1677 obtinebit
684 1610 761 1692 quia
784 1610 836 1676 vir
857 1610 1059 1677 acatholicus
1079 1610 1112 1675 in
1136 1611 1253 1677 ritibus
1276 1613 1391 1679 catho-

63 1701 134 1766 licis
158 1721 224 1765 non
250 1703 301 1765 est
324 1704 486 1766 versatus.

270 1899 621 1967 CONDIOIONATUS
644 1898 890 1967 BAPTISMUS
913 1898 969 1965 ET
993 1902 1185 1970 PATRINI.

636 2065 747 2131 Casus.
767 2072 825 2140 (25)

151 2206 266 2265 Paulus
287 2211 389 2265 natum
411 2206 467 2265 sibi
495 2207 587 2265 filiurn
614 2208 701 2266 valde
730 2207 854 2265 debilem
882 2207 913 2265 in
943 2208 1078 2267 absentia
1107 2210 1229 2285 parochi
1250 2210 1390 2287 privatim

63 2286 134 2345 iecit
155 2286 314 2363 baptizari,
337 2287 469 2346 abhibito
491 2288 609 2363 patrino
624 2289 745 2347 Ioanne.
775 2287 926 2346 Perochus
950 2308 983 2346 re
1005 2290 1176 2349 examinata
1198 2291 1390 2367 deprehendit

63 2366 226 2425 adhibitam
249 2386 315 2426 esse
343 2387 448 2442 aquarn
477 2387 637 2427 rosaceam.
680 2368 867 2443 Quapropter
894 2368 1038 2428 infantem
1067 2372 1122 2429 sub
1151 2371 1322 2431 condicione
1343 2372 1390 2430 de·

63 2467 120 2505 nuo
142 2448 294 2524 baptizat,
323 2448 441 2524 patrino
469 2449 570 2507 eodem
592 2448 719 2507 Ioanne:
750 2448 815 2523 qui,
844 2449 985 2508 defuncto
1006 2448 1113 2522 Paula,
1144 2452 1207 2510 eins
1236 2452 1390 2527 coniugem

64 2529 256 2604 superstitem
277 2527 308 2585 in
329 2528 546 2587 matrimonium
568 2529 657 2588 ducit.

64 2642 243 2710 Quaeramus
266 2645 295 2701 1ο
315 2661 384 2701 num
404 2648 486 2702 recte
507 2644 613 2702 fecerit
632 2642 790 2721 parochus,
813 2660 878 2700 cum
899 2644 1067 2719 baptizaret
1088 2648 1143 2704 sub
1166 2646 1347 2707 condicione.

269 2742 300 2804 2⁰
320 2743 539 2802 contraxeritne
553 2742 681 2800 Ioannes
695 2741 788 2818 primo
802 2741 852 2801 vel
865 2741 994 2801 secundo
1014 2743 1161 2819 baptismo
1184 2744 1390 2819 cognationem

318 2822 500 2898 spiritualem
531 2842 606 2899 qnae
627 2821 759 2880 ‘dirimat
791 2822 1009 2881 matrimonium
1043 2823 1121 2881 inter
1148 2844 1181 2883 se
1211 2831 1241 2883 et
1268 2844 1390 2884 uxorem

317 2901 411 2962 Pauli.

267 3001 297 3057 3ο
318 2999 394 3074 quid,
417 3000 442 3058 si
463 3000 611 3075 parochus
633 2998 767 3058 absolute
788 2998 972 3075 baptizasset
993 2999 1097 3060 denuo.

661 3191 796 3258 Salutio.

154 3332 209 3396 An
222 3353 414 3408 ounssrrurr
429 3332 512 3398 1¹²¹R.
537 3333 587 3397 De
599 3332 660 3396 hac
672 3353 709 3396 re
721 3331 763 3397 af.
774 3353 875 3416 sopra
887 3354 918 3400 n.
931 3334 983 3398 62.
1007 3332 1104 3415 Aqua
1116 3353 1261 3410 rosacea,
1275 3352 1389 3414 quam·
1399 3347 1433 3401 87
1506 3330 1512 3341 '

10 3430 12 3435 '
65 3443 164 3503 quam
176 3425 230 3487 est
241 3422 381 3487 materia
394 3421 489 3487 valde
505 3420 719 3504 probabiliter
729 3420 851 3497 valida,
868 3425 989 3498 tamen,
1006 3422 1033 3486 si
1046 3442 1161 3487 succus
1178 3442 1220 3486 ex
1232 3422 1316 3486 rosis
1331 3443 1389 3486 ex-

64 3532 200 3593 pressus
223 3510 389 3576 admixtus
419 3515 487 3586 est,
521 3531 580 3592 pro
610 3511 733 3575 maiore
757 3510 945 3592 quantitate
974 3511 1063 3575 succi
1087 3510 1224 3576 admixti
1249 3511 1388 3576 evadere

64 3605 176 3683 potest
207 3599 321 3676 dubia;
352 3599 445 3683 proin
475 3599 657 3682 baptismus
686 3599 720 3663 in
750 3619 790 3663 ea
813 3599 953 3664 collatus
975 3600 1084 3682 potius
1112 3600 1171 3664 sub
1202 3600 1389 3665 condicione

63 3689 263 3773 repetendus
287 3693 347 3763 est,
372 3689 434 3753 nisi
457 3692 586 3753 constet
602 3708 644 3752 ex
663 3709 760 3752 succo
776 3709 925 3753 rosarum
940 3709 1056 3773 parum
1072 3688 1173 3754 fuisse
1196 3689 1387 3755 admixtum.

64 3779 110 3845 ef.
138 3778 170 3843 S.
196 3777 312 3862 Alph.
340 3778 394 3854 VI,
423 3781 493 3843 104.
518 3816 562 3823 —
585 3776 622 3841 In
646 3777 857 3859 sequentibus
880 3779 1045 3862 responsis
1069 3778 1273 3862 supponitur,
1297 3779 1388 3843 illum

64 3867 263 3952 baptismum
287 3867 388 3931 fuisse
413 3866 508 3931 dubie
532 3866 696 3932 collatum.

156 3991 209 4054 Au
232 4011 423 4064 Qunasrruu
445 3994 484 4053 2¹¹²
507 3989 545 4055 R.
566 3993 594 4054 1.
626 3990 719 4054 Duae
736 3994 812 4055 sunt
828 3989 973 4055 rationes
996 3990 1170 4072 exquibus
1194 3989 1388 4056 exsistentia
1398 4004 1432 4058 88

62 4079 288 4163 impedimenti
305 4079 486 4144 dirimentis
502 4079 534 4143 in
556 4079 781 4161 quaestionem
805 4079 917 4143 vocari
932 4079 1052 4162 possit:
1078 4100 1141 4143 una
1161 4081 1246 4161 quod
1262 4079 1387 4162 baptis·

62 4191 137 4234 mus
161 4168 261 4234 fuerit
285 4168 445 4252 privatus,
471 4169 578 4234 altera
602 4168 687 4250 quod
711 4167 812 4233 fuerit
835 4168 931 4233 dubie
955 4169 1092 4234 validus.

154 4266 267 4344 Quoad
298 4266 522 4349 quaestionem
555 4266 770 4349 posteriorem
801 4287 843 4330 ex
874 4266 1023 4330 doctrina
1055 4266 1087 4331 S.
1116 4265 1275 4348 Alphonsi
1309 4288 1387 4330 con-

62 4357 150 4424 cludi
182 4356 280 4421 debet
310 4376 352 4420 ex
383 4356 479 4421 dubio
502 4355 665 4439 baptismo
693 4376 758 4420 non
782 4355 860 4420 oriri
883 4354 1150 4437 impedimentum
1182 4355 1386 4436 cognationis

61 4444 246 4531 spiritualis
270 4444 324 4524 (cf.
350 4445 405 4521 VI,
433 4446 528 4524 151),
562 4466 634 4509 oum
665 4445 753 4510 dicat
790 4466 880 4522 ,cum
905 4445 1065 4509 communi
1089 4444 1159 4508 DD.
1185 4445 1266 4507 bene
1291 4466 1386 4527 posse

61 4536 214 4603 contrahi
239 4534 491 4611 matrimonium,
517 4533 645 4616 quando
662 4538 737 4616 post
754 4534 933 4599 adhibitam
950 4533 1154 4616 diligentiam
1179 4532 1301 4596 nullum
1325 4533 1385 4597 im·

60 4626 285 4711 pedimentum
311 4630 400 4689 certo
425 4624 540 4688 adesse
564 4625 753 4706 probatur“.
