3044 5174
195 286 237 342 De
255 291 430 343 sacramento
448 288 584 359 baptismi.
604 317 637 327 ·-
657 289 773 343 Materia
792 293 821 344 et
838 290 925 345 forma
943 321 978 328 —
997 290 1120 345 defectus
1138 290 1166 345 in
1185 290 1228 347 iis.
1335 295 1377 359 39

135 461 190 528 ho
212 485 406 540 Qunasrrnu
423 468 462 530 3³
484 466 523 530 lt.
543 469 571 532 1.
608 465 721 543 Quoad
744 466 956 531 intentionem
981 487 1077 548 quarn
1095 467 1244 533 minister
1264 468 1422 534 habuitto

64 555 257 619 rmutanda
280 554 388 620 forma
410 554 491 620 haec
512 560 585 621 erat
608 555 738 638 quidem
760 555 900 622 intentio
923 555 1071 622 mutandi
1094 556 1193 622 ritum
1211 557 1378 623 Ecclesiae

64 642 251 722 atholicae,
286 646 322 710 et
353 643 458 709 videri
492 648 603 728 potest
635 644 779 710 abfuisse
815 644 971 722 „intentio
1004 644 1144 710 faciendi
1180 645 1266 728 quod
1297 646 1378 713 facit

64 731 230 809 lcclesia‘,
248 732 394 814 adeoque
408 736 650 799 sacramentum
668 754 740 799 esse
756 733 945 801 invalidum.
962 734 1145 799 —Verum
1161 734 1289 801 nonita
1305 756 1378 801 esse

65 841 177 888 cnseo.
213 821 366 887 Minister
388 822 503 888 habuit
525 823 751 907 principaliter
766 825 800 888 et
823 843 979 906 expresse
998 822 1214 889 intentionem
1237 824 1378 890 faciendi

64 909 135 992 quod
167 909 272 976 faciat
300 933 376 975 vero
405 911 524 978 Christi
555 912 704 978 Ecclesia
733 911 917 994 Christique
949 911 1145 978 institutioni
1176 933 1248 979 sese
1280 914 1378 997 plane

64 1000 292 1065 onformandi:
323 1005 422 1083 atque
444 1000 479 1065 in
501 999 562 1065 hoc
585 1004 715 1067 tantum
739 1001 863 1067 erravit
893 1002 978 1084 quod
1005 1001 1174 1085 putaverit
1196 1002 1378 1069 Ecclesiam

64 1088 397 1155 emano-catholicam
422 1090 605 1174 corrupisse
628 1091 777 1159 formam.
816 1089 924 1168 Quare
947 1092 988 1157 de
1010 1094 1182 1158 intentione
1203 1091 1379 1159 sufficienti

64 1177 182 1243 lubium
206 1179 329 1244 moveri
352 1179 476 1261 nequit.

137 1285 178 1351 R.
198 1288 228 1350 2.
264 1284 380 1368 Neque
403 1285 510 1368 quoad
533 1306 665 1351 sensum
689 1284 861 1351 discrimen
877 1288 930 1352 est
951 1285 1097 1352 notabile
1112 1286 1166 1352 vel
1185 1287 1377 1364 essentiale:

64 1373 105 1439 ed
129 1394 248 1439 sensus
270 1377 368 1441 realis
396 1373 481 1440 idem
506 1378 574 1452 est,
604 1374 675 1440 sive
698 1373 777 1440 dicis
806 1374 856 1454 „in
879 1374 1027 1440 nomine‘
1054 1375 1125 1442 sive
1152 1374 1204 1455 „in
1226 1377 1377 1456 nomen“‚

64 1463 112 1530 atsi
143 1463 404 1546 grammaticalis
434 1484 549 1529 sensus
578 1484 715 1548 parvam
746 1464 910 1548 quandam
939 1465 1065 1549 patitur
1093 1464 1377 1533 modificationem.

64 1553 201 1634 ltroque
224 1553 320 1618 modo
343 1553 538 1637 exprimitur
559 1553 758 1636 baptismum
780 1553 850 1618 lieri
873 1554 1082 1619 mandatust
1104 1554 1302 1622 auctoritate
1318 1554 1379 1620 Dei

64 1641 146 1707 inias
179 1646 216 1708 et
245 1641 342 1720 trini,
375 1645 413 1708 ut
444 1642 474 1708 ei
506 1642 722 1726 baptizandus
751 1642 938 1727 specialiter
970 1642 1182 1710 devinciatur.
1236 1643 1379 1710 Ministri

64 1731 194 1797 brmula
208 1730 383 1798 translatio
399 1735 452 1797 est
467 1731 508 1796 de
522 1732 624 1797 verbo
640 1733 682 1797 ad
705 1733 841 1798 verbum
865 1731 1026 1798 formulae
1049 1753 1147 1815 quam
1171 1754 1197 1798 s.
1214 1733 1379 1817 scriptura

64 1840 171 1902 praece
194 1819 329 1887 exhibet
358 1822 405 1897 εἷς
428 1823 464 1885 τὸ
491 1819 608 1907 ὄνομα,
641 1841 725 1903 quae
755 1821 884 1903 quidem
909 1821 1093 1904 expressio,
1126 1842 1197 1887 curn
1223 1843 1243 1888 a
1265 1821 1379 1905 lingua

64 1910 171 1976 latina
194 1909 277 1975 satis
300 1909 408 1975 aliena
431 1909 490 1988 sit,
521 1909 638 1976 Latine
661 1910 694 1975 in
718 1910 909 1976 authentica
931 1911 1082 1976 versione
1106 1914 1297 1977 constanter
1319 1933 1378 1977 ex-

64 1999 182 2066 libetur
204 2019 265 2083 per
286 1999 404 2064 verba:
433 1998 484 2076 „in
506 1998 668 2066 nomine“.

138 2104 180 2173 R.
213 2107 244 2172 3.
290 2106 398 2188 Magis
430 2104 528 2171 dubia
560 2109 612 2172 est
644 2125 748 2188 aquae
781 2104 966 2190 applicatio.
1020 2105 1107 2170 Nam
1139 2108 1236 2187 gutta
1269 2106 1421 2189 aliqua61

64 2199 181 2262 antam
204 2198 344 2277 tangore
366 2198 494 2279 partem
518 2195 663 2278 corporis
687 2195 786 2260 dubia
809 2197 861 2260 est
883 2195 973 2262 lotio.
1012 2194 1085 2259 Nisi
1108 2194 1210 2277 igitur
1232 2195 1378 2278 pluribus

64 2284 156 2366 natis
191 2283 225 2349 in
259 2283 371 2366 digitis
409 2284 620 2350 haerentibus
654 2285 708 2349 vel
743 2305 785 2349 ex
818 2283 859 2349 iis
898 2283 1113 2349 defluentibus
1147 2284 1379 2368 baptizandum

64 2372 266 2440 nadeiecerit
287 2394 346 2439 seu
368 2373 402 2437 in
426 2373 567 2439 frontem
590 2372 718 2456 aliquas
735 2394 840 2455 aquae
862 2377 975 2454 guttas
999 2372 1173 2450 diffuderit,
1197 2374 1379 2458 baptismus

64 2484 92 2529 rx
115 2463 180 2528 hac
202 2467 298 2546 parte
320 2467 373 2528 est
397 2463 522 2529 dubias.
570 2462 601 2531 S.
627 2461 741 2546 Alph.
766 2462 823 2539 vl,
850 2465 922 2540 107,
947 2483 978 2544 q.
1004 2464 1034 2528 6.

140 2553 175 2618 S.
190 2552 339 2636 fficium
350 2552 588 2634 interrogatum
605 2552 646 2617 de
658 2551 829 2635 baptismis
841 2551 969 2617 collatis
986 2571 1063 2634 „per
1074 2551 1205 2616 modum
1217 2551 1379 2618 unctionis

64 2663 83 2706 n
105 2641 219 2707 fronte
241 2662 314 2706 cum
337 2641 454 2724 pollice
477 2642 510 2705 in
526 2661 613 2723 aqua
635 2640 823 2724 baptismali
841 2640 1045 2706 madefacto“
1072 2640 1102 2705 d.
1122 2643 1163 2704 14
1179 2641 1257 2706 Dec.
1275 2661 1377 2725 resp:

64 2730 260 2804 ‚Curandum
282 2733 321 2795 ut
349 2730 468 2796 iterum
497 2729 706 2814 baptizentur
732 2729 887 2814 privatim
910 2729 970 2794 sub
994 2728 1258 2797 condicione...
1285 2729 1380 2795 ct'cd

64 2819 216 2886 antam.
263 2820 358 2884 Mens
380 2824 432 2886 est
462 2823 499 2884 ut
528 2819 669 2886 attentio
693 2819 849 2884 ordinarii
872 2821 1047 2884 revocetur
1069 2817 1204 2902 speciali
1227 2818 1323 2883 modo
1346 2819 1379 2883 in

64 2930 107 2974 os
123 2929 167 2974 ex
189 2908 239 2975 ita
261 2907 447 2992 baptizatis,
471 2908 499 2973 si
523 2908 577 2990 qui
600 2907 723 2974 fuerint
745 2912 862 2992 postea
885 2906 1025 2991 promoti
1042 2907 1083 2972 ad
1104 2928 1217 2973 sacros
1233 2907 1379 2973 ordines:

64 2997 208 3063 ddelicet
229 3001 267 3063 ut
295 2997 455 3081 imprimis
484 2997 598 3062 horum
627 2996 810 3080 baptismus
834 2999 868 3063 et
897 2996 1011 3062 horum
1036 2995 1197 3062 ordinatio
1220 3017 1279 3080 per
1302 3017 1379 3061 con·

64 3086 250 3153 licionatam
273 3086 503 3171 repetitionem
525 3086 558 3151 in
583 3090 655 3152 tuto
675 3086 861 3153 collocetur.
897 3085 945 3152 Cf.
961 3088 1117 3152 Analecta
1142 3086 1300 3162 eschilli,
1326 3088 1378 3151 61.

139 3193 181 3261 R.
205 3196 237 3258 4.
284 3193 376 3270 Quod
406 3214 525 3276 aquam
555 3193 771 3277 applicaverit
798 3193 869 3258 sive
899 3192 932 3256 in
963 3192 1072 3259 fronte
1095 3191 1220 3257 sivein
1244 3190 1381 3257 maxilla

64 3282 120 3348 ive
135 3283 172 3347 in
187 3281 312 3348 vertice
325 3282 434 3363 (modo
451 3285 569 3360 cutem,
587 3303 652 3347 uon
668 3282 775 3347 crines
790 3285 919 3348 tantum
936 3280 1090 3364 abluerit)
1103 3281 1210 3362 quoad
1225 3280 1379 3364 baptismi

64 3372 199 3437 alerem
222 3371 308 3436 idem
333 3376 400 3450 est,
434 3391 539 3455 neque
563 3391 605 3436 ex
628 3371 690 3437 hoc
714 3375 803 3437 esset
827 3370 959 3449 dubius,
984 3370 1012 3434 si
1035 3369 1251 3435 sufficientem
1274 3390 1380 3452 aquae

64 3460 178 3545 opiam
212 3460 431 3531 adhibuisset:
464 3482 540 3526 nam
570 3461 640 3525 sive
669 3460 730 3525 hoc
760 3460 831 3526 sive
861 3459 925 3525 alio
955 3458 1051 3524 modo
1080 3460 1156 3538 fiat,
1186 3460 1225 3526 fit
1255 3457 1380 3525 ablutio

64 3549 193 3616 :ominis
216 3550 250 3615 in
273 3550 397 3635 capite:
422 3549 476 3632 qui
499 3549 614 3615 modus
638 3549 819 3615 certissime
843 3551 895 3614 est
917 3547 1055 3614 validus.

140 3645 181 3714 R.
195 3649 226 3714 5.
251 3646 285 3713 Si
301 3647 430 3730 quando
447 3651 557 3714 autem
573 3649 677 3713 solam
692 3668 824 3712 manum
836 3667 923 3728 aqua
938 3644 1097 3728 tetigerit,
1115 3644 1178 3711 etsi
1193 3643 1380 3729 plenissime

64 3735 177 3816 abluat,
202 3736 411 3802 nihilominus
434 3736 549 3801 dubius
572 3739 685 3802 manet
708 3735 900 3820 baptismus,
925 3734 1077 3817 quoniam
1101 3755 1218 3800 manus
1240 3755 1305 3799 nou
1329 3738 1380 3800 est

64 3827 233 3893 nembrum
256 3825 396 3892 hominis
412 3826 494 3892 adeo
509 3825 688 3910 principale
710 3828 749 3890 ut
771 3825 914 3909 persius
930 3823 1130 3890 ablutionem
1148 3825 1237 3889 bomo
1253 3824 1381 3889 dicatur

64 3916 194 3983 brutus.
241 3914 365 3980 Verum
391 3915 426 3980 in
449 3936 528 3981 casu
550 3915 756 3982 necessitatis
779 3914 856 3981 talis
886 3912 1072 3997 baptizandi
1095 3912 1210 3978 modus
1234 3913 1380 3979 adhiberi

64 4025 130 4070 rane
147 4004 247 4071 debet
262 4005 322 4069 sub
338 4005 535 4080 condicione,
554 4008 670 4088 postea
685 4010 807 4082 tamen,
825 4002 851 4067 si
868 4002 1021 4086 possibile
1038 4007 1098 4079 est,
1116 4002 1176 4066 sub
1193 4002 1380 4067 condicione

66 4094 206 4178 ncapite
219 4094 415 4178 repetendus
431 4094 623 4177 baptismus.
647 4094 738 4171 Quod
748 4093 880 4158 Rituale
892 4092 1073 4156 Romanum
1086 4095 1180 4157 notat
1195 4091 1378 4156 faciendum

64 4204 142 4262 ase,
176 4183 205 4248 si
237 4182 419 4267 baptismus
450 4183 657 4249 necessitatis
688 4183 722 4247 in
754 4186 852 4266 partu
885 4181 1008 4246 difficili
1042 4180 1181 4246 collatus
1212 4180 1313 4245 fuerit
1346 4179 1379 4244 in

64 4293 256 4355 quocumque
286 4271 351 4359 alio
383 4273 527 4338 membro
558 4294 655 4354 quam
685 4273 718 4336 in
749 4271 866 4355 capite.
914 4270 960 4336 cf.
991 4270 1022 4336 S.
1054 4270 1170 4353 Alph.
1202 4269 1264 4347 VI,
1299 4271 1378 4344 107;

64 4362 112 4428 lt.
136 4385 178 4428 m.
203 4361 245 4441 Π,
272 4364 324 4427 62.

139 4468 179 4535 R.
198 4470 228 4538 6.
264 4469 361 4551 Aqua
384 4489 521 4534 rosacea
544 4489 628 4550 quae
651 4468 791 4533 habetur
813 4488 872 4550 per
895 4464 1149 4531 destillationem
1173 4484 1271 4546 super
1286 4484 1379 4528 rosas
1390 4475 1423 4529 62

64 4558 174 4625 aetam
204 4579 271 4624 non
294 4558 426 4623 videtur
454 4579 513 4641 per
540 4558 600 4623 hoc
624 4557 763 4623 evadere
794 4555 933 4621 materia
964 4556 1076 4631 dubia,
1108 4572 1305 4635 quamquam
1329 4557 1380 4619 est

66 4648 174 4716 llicita.
224 4647 289 4715 Sed
313 4647 341 4712 si
364 4647 539 4713 notabilior
561 4649 599 4712 iit
622 4646 737 4712 mixtio
763 4667 836 4710 cum
860 4645 968 4711 aliena
990 4642 1139 4719 materia,
1164 4641 1259 4705 valor
1282 4641 1378 4707 facile
