3044 5174
601 257 807 313 Sacramentum
826 260 1017 330 paenitentiae.
1114 321 1118 334 Ι

363 462 641 530 PROPOSITUM
664 461 790 528 claua
813 461 1009 528 Paculus
1033 458 1258 528 VENIALIA.

718 629 828 696 Casus.
848 637 907 704 (95)

239 777 357 836 Amulio
377 778 476 855 puella
497 799 515 837 a
535 778 652 837 mortali
673 778 789 854 quidem
810 783 933 855 peccato
954 780 1111 838 immunem
1133 798 1166 838 se
1187 779 1330 850 servavit,
1352 780 1406 839 sed
1426 779 1471 838 iis·

150 856 214 914 dem
237 877 353 934 semper
373 858 540 917 venialibus
560 859 693 935 peccatis
715 859 844 918 obnoxia
865 866 927 920 est:
950 860 1122 933 arrogantia
1143 878 1215 934 erga
1229 859 1365 931 ancillas,
1386 860 1471 919 immo

150 954 221 1011 erga
242 943 381 1007 matrem,
403 937 533 998 dicteriis
556 944 659 998 contra
680 939 771 1011 alios,
793 939 953 998 mendaciis
974 939 1132 1010 officiosis,
1154 939 1289 1021 vanitate
1309 941 1340 998 in
1360 940 1473 999 vestitu

151 1021 181 1074 et
202 1017 283 1075 cultu
304 1018 446 1094 corporis.
487 1019 629 1077 Attamen
650 1038 716 1078 cum
737 1019 816 1078 iuter
835 1019 901 1097 pias
922 1020 1036 1096 puellas
1057 1019 1130 1079 velit
1151 1020 1323 1096 computari,
1346 1020 1471 1095 singulis

149 1095 252 1155 diebus
272 1097 435 1157 Dominicis
457 1102 487 1156 et
507 1097 592 1157 festis
614 1099 695 1175 cupit
715 1119 738 1158 s.
761 1100 992 1159 communionem
1014 1118 1130 1158 sumere
1151 1104 1182 1158 et
1202 1100 1334 1175 quolibet
1348 1103 1473 1160 sabbato

148 1176 225 1236 solet
245 1177 387 1237 confiteri,
429 1177 635 1237 confessarius
663 1179 712 1255 qui
739 1198 793 1256 per
820 1181 931 1256 aliquot
958 1199 1076 1239 meuses
1103 1199 1169 1239 eam
1196 1181 1370 1240 observavit
1391 1181 1473 1256 eique

149 1256 317 1396 {desideratal
338 1257 469 1327 indulsit,
491 1258 596 1336 incipit
617 1259 751 1318 dubitare
773 1265 803 1318 et
823 1260 927 1319 timere
949 1260 984 1319 de
1006 1259 1165 1319 sufficienti
1187 1259 1287 1320 dolore
1309 1280 1345 1319 ac
1366 1261 1403 1319 de
1424 1281 1473 1319 va-

161 1355 212 1395 ore
232 1340 305 1396 abso
319 1337 437 1397 utionis.

150 1451 326 1522 Quaaurrua
349 1455 377 1512 1⁰
398 1473 468 1512 num
489 1453 620 1512 sufficiat
640 1453 671 1512 iu
691 1454 824 1531 peccatis
844 1455 1012 1514 venialibus
1032 1455 1129 1514 minor
1142 1455 1354 1515 universalitas
1376 1462 1408 1516 et
1427 1456 1473 1514 fir-

397 1533 485 1593 mitas
506 1533 651 1610 propositi
671 1554 757 1610 quam
778 1535 809 1593 in
830 1535 1004 1594 mortalibus
1024 1535 1165 1612 peccatis.

349 1632 379 1690 2⁰
400 1632 467 1708 quid
490 1632 525 1691 de
546 1632 665 1692 Amulio
686 1633 726 1692 sit
746 1633 933 1693 iudicandum
954 1639 985 1692 et
1006 1634 1147 1710 quomodo
1168 1633 1221 1693 illa
1241 1634 1407 1694 tractanda.

742 1813 877 1880 Salutio.
1513 1819 1516 1896 l

88 1975 139 2029 325
238 1958 291 2022 An
314 1977 505 2033 ouaasrrun
531 1959 568 2021 1¹¹¹
595 1956 634 2022 R.
662 1958 690 2022 1.
737 1956 868 2022 Certum
899 1960 952 2022 est
980 1957 1183 2040 propositum
1213 1956 1300 2022 circa
1330 1957 1472 2022 venialia

149 2067 213 2111 non
244 2046 429 2112 necessario
462 2046 581 2111 debere
611 2066 683 2111 esse
712 2045 908 2112 universale.
961 2046 1053 2110 Haec
1084 2045 1186 2128 igitur
1214 2045 1472 2113 universalitatis

114 2144 117 2148 “
149 2135 293 2201 condicio
328 2135 397 2200 siue
433 2134 528 2200 dubio
562 2156 627 2200 non
660 2155 698 2199 ea
730 2134 908 2218 requiritur
939 2155 1023 2217 quae
1054 2133 1231 2217 requiritur
1263 2135 1296 2200 in
1328 2135 1472 2218 peccatis

149 2225 351 2291 mortalibus,
397 2223 451 2290 Ita
474 2246 588 2291 oannes.
633 2223 681 2289 Cf.
706 2244 805 2307 supra
828 2246 891 2289 cos.
917 2226 969 2290 93.

238 2322 276 2388 R.
309 2325 339 2389 2.
391 2321 484 2387 Circa
514 2321 645 2404 aliquod
675 2321 728 2385 vel
759 2321 869 2403 aliqua
902 2336 944 2385 ea
975 2320 1136 2404 peccatis,
1169 2321 1198 2386 si
1230 2322 1301 2386 sola
1333 2321 1473 2387 venialia

149 2411 295 2477 clavibus
330 2410 496 2476 Ecclesiae
534 2410 751 2487 subiciuntur,
790 2410 993 2494 propositum
1028 2410 1187 2477 exsistere
1222 2411 1336 2489 debet,
1377 2411 1472 2493 idque
1509 2400 1516 2505 Ι

147 2503 284 2584 firmana.
324 2499 413 2577 Quae
436 2499 584 2577 firmitas,
608 2499 636 2564 si
652 2503 807 2565 accurate
829 2499 917 2581 loqui
939 2500 1098 2578 volumus,
1122 2520 1159 2564 re
1181 2520 1262 2566 vera
1278 2503 1365 2565 circo
1381 2523 1472 2565 aarum

149 2590 299 2655 obtectum
322 2589 436 2655 eadem
460 2609 532 2654 esse
556 2589 653 2655 debet
676 2609 761 2670 quae
783 2588 816 2652 in
840 2588 984 2671 peccatis
1007 2587 1209 2654 mortalibus.

238 2687 276 2751 a.
302 2689 332 2752 3.
377 2687 499 2752 Verum
524 2687 685 2752 obiectum
709 2685 868 2769 propositi
891 2686 923 2750 in
947 2685 1130 2752 venialibus
1152 2685 1306 2770 peccatis,
1331 2687 1473 2751 maxime

148 2776 181 2840 in
205 2775 491 2850 semideliberatis,
522 2780 633 2859 potest
656 2795 729 2840 esse
752 2775 856 2840 maior
879 2775 1049 2856 diligentia
1075 2774 1109 2840 in
1133 2775 1287 2840 cavendis
1317 2776 1472 2858 peccatis,

148 2864 201 2930 vel
237 2864 336 2930 etiam
370 2865 404 2929 in
439 2864 628 2930 deliberatis
662 2864 816 2929 voluntas
849 2864 976 2930 vitandi
1011 2864 1230 2947 frequentiam
1263 2869 1472 2948 peccatorum

148 2975 252 3036 eaque
275 2953 455 3036 singularia
477 2957 631 3037 peccata,
663 2974 746 3034 quae
773 2953 990 3035 frequentiam
1013 2954 1047 3018 in
1070 2955 1235 3037 peccando
1259 2955 1471 3020 constituant.

148 3042 354 3127 Quapropter
376 3043 578 3127 propositum
602 3045 728 3107 bituradi
750 3045 877 3126 stapulo
898 3051 1025 3127 peccato
1050 3046 1188 3108 verr-ictio
1204 3063 1268 3107 nou
1288 3043 1472 3109 necessario

149 3133 246 3198 debet
261 3132 382 3198 habere
397 3132 534 3197 eandem
549 3131 739 3197 firmitatem
755 3152 794 3196 ac
810 3132 1013 3214 propositum
1029 3131 1154 3196 vitandi
1171 3135 1298 3218 stapulo
1313 3136 1472 3198 mortalia.

237 3230 328 3306 Quod
358 3230 460 3311 igitur
488 3229 521 3293 in
551 3229 658 3313 priore
689 3250 767 3294 casu
798 3229 920 3295 dictum
950 3234 1002 3296 est
1032 3250 1104 3294 esse
1133 3229 1336 3314 propositum
1362 3250 1472 3295 essen·

147 3319 273 3385 tialiter
296 3340 446 3385 mancum
470 3318 576 3401 quoad
591 3318 744 3384 mortalia
760 3321 905 3401 peccata,
930 3318 1077 3383 hocloco
1093 3318 1215 3384 suflicit
1229 3318 1263 3383 in
1279 3319 1470 3389 venialibus.

148 3412 185 3473 ut
214 3407 340 3473 scilicet
369 3406 487 3490 aliquis
516 3407 602 3473 serio
625 3411 788 3491 proponat
815 3410 984 3493 paullatim
1007 3408 1182 3473 emendare
1205 3407 1470 3474 consuetudinem

148 3497 321 3562 venialiter
350 3497 517 3580 peccandi.
565 3496 612 3562 Cf.
643 3497 675 3563 S.
701 3496 852 3573 Thom.‚
884 3499 1017 3563 Samum
1046 3499 1134 3563 theol.
1164 3500 1200 3576 3,
1232 3519 1262 3580 q.
1288 3499 1348 3575 87,
1380 3518 1410 3565 a.
1437 3500 1470 3573 1;

149 3586 181 3653 S.
205 3585 321 3670 Alph.
346 3586 402 3664 VI,
428 3589 509 3662 4493
538 3587 594 3651 lb.
619 3609 660 3652 ru.
684 3585 725 3662 ΙΙ,
751 3588 825 3652 293.
851 3587 933 3663 294;
956 3586 1136 3651 Lacroix
1159 3586 1180 3652 l.
1205 3608 1232 3653 c.
1256 3608 1288 3653 n.
1314 3589 1390 3652 910.

87 3725 138 3779 326
236 3707 289 3773 An
313 3729 504 3784 qunasrrsu
528 3711 567 3773 2¹²
590 3709 629 3775 R.
654 3711 682 3773 1.
722 3708 853 3773 Amalia
876 3729 955 3773 sane
978 3712 1115 3791 peccata
1139 3709 1300 3774 commisit
1323 3730 1408 3791 quae
1431 3731 1470 3774 ex

148 3819 183 3863 se
207 3798 349 3863 nondum
372 3802 503 3864 constat
526 3797 626 3862 fuisse
650 3797 790 3862 venialia
813 3801 959 3876 tantum3
990 3802 1068 3863 sunt
1090 3797 1175 3863 euim
1204 3797 1366 3880 quaedam
1390 3820 1471 3881 quae

148 3887 246 3953 facile
276 3887 429 3953 mortalia
458 3891 596 3970 possunt
625 3887 783 3965 evadere,
815 3886 943 3952 facilius
973 3886 1103 3951 dubium
1130 3887 1170 3951 de
1193 3886 1361 3969 gravitate
1385 3909 1470 3952 com-

148 3976 238 4041 missi
260 3976 388 4060 peccati
412 3975 508 4054 cient,
533 3997 564 4041 u.
589 3996 620 4057 g.
646 3975 838 4057 arrogantia
861 3997 941 4057 erga
964 3980 1119 4054 matrem,
1145 3976 1281 4042 dicteria
1304 3976 1337 4041 in
1360 3978 1470 4061 proni-

148 4087 245 4132 mum.
285 4065 401 4143 Quare,
426 4065 489 4131 etsi
512 4064 686 4130 videantur
708 4065 741 4129 in
766 4064 895 4130 Amalia
918 4065 1076 4129 mansisse
1100 4065 1188 4131 intra
1210 4064 1332 4131 limites
1356 4087 1471 4150 pecca·

147 4159 256 4221 torum
286 4154 478 4232 venialium,
509 4154 542 4218 iu
572 4153 611 4218 iis
641 4158 753 4219 tamen
784 4154 994 4219 emendandis
1024 4153 1173 4219 socordia
1196 4152 1346 4220 Amaliae
1376 4156 1472 4240 plane

148 4245 344 4311 excutienda
368 4249 435 4309 est:
463 4264 568 4325 neque
591 4242 795 4308 admittenda
819 4244 860 4308 ad
883 4243 1087 4325 frequentem
1112 4243 1388 4323 communionem,
1412 4243 1471 4310 nisi

148 4334 231 4399 serio
255 4335 426 4398 adlaboret
450 4331 480 4396 in
506 4332 704 4415 deponendis
727 4332 791 4396 illis
814 4332 967 4417 peccatis.
1508 4348 1516 4443 q

237 4441 275 4507 R.
301 4443 330 4505 2,
378 4440 456 4504 Cum
481 4438 603 4503 nullam
633 4440 786 4506 ostendat
816 4438 1093 4516 emendationem,
1125 4438 1304 4505 timendum
1335 4443 1469 4509 multum
1508 4490 1516 4508 .

148 4534 199 4595 est
222 4552 262 4594 ue
286 4528 390 4594 serius
413 4528 505 4593 dolor
528 4529 712 4610 seriumque
736 4529 938 4612 propositum
963 4528 1113 4594 defuerit.
1161 4529 1384 4613 Quapropter,
1412 4529 1471 4596 nisi

148 4619 257 4703 puella
281 4619 409 4683 denium
434 4622 588 4684 auratiorem
612 4618 816 4684 voluntatem
841 4617 1003 4695 ostendat,
1029 4618 1229 4684 absolvenda
1244 4639 1310 4684 nou
1327 4625 1397 4699 est3
1421 4619 1469 4685 vel
1510 4688 1516 4697 ,
