<?xml version="1.0" encoding="UTF-8"?>
<!DOCTYPE html PUBLIC "-//W3C//DTD XHTML 1.0 Transitional//EN"
    "http://www.w3.org/TR/xhtml1/DTD/xhtml1-transitional.dtd">
<html xmlns="http://www.w3.org/1999/xhtml" xml:lang="en" lang="en">
 <head>
  <title>
</title>
<meta http-equiv="Content-Type" content="text/html;charset=utf-8" />
  <meta name='ocr-system' content='tesseract 3.04.00' />
  <meta name='ocr-capabilities' content='ocr_page ocr_carea ocr_par ocr_line ocrx_word'/>
</head>
<body>
  <div class='ocr_page' id='page_1' title='image "./casusconscienti00lehmgoog_0510.png"; bbox 0 0 3044 5174; ppageno 0'>
   <div class='ocr_carea' id='block_1_1' title="bbox 143 294 1004 364">
    <p class='ocr_par' dir='ltr' id='par_1_1' title="bbox 143 294 1004 364">
     <span class='ocr_line' id='line_1_1' title="bbox 143 294 1004 364; baseline -0.019 0"><span class='ocrx_word' id='word_1_1' title='bbox 143 300 208 364; x_wconf 88' lang='grc'><strong>496</strong></span> <span class='ocrx_word' id='word_1_2' title='bbox 606 294 812 351; x_wconf 75' lang='lat' dir='ltr'><strong>Sacramentum</strong></span> <span class='ocrx_word' id='word_1_3' title='bbox 831 295 1004 350; x_wconf 79' lang='lat' dir='ltr'><strong>matrimonii.</strong></span> 
     </span>
    </p>
   </div>
   <div class='ocr_carea' id='block_1_2' title="bbox 142 468 1476 825">
    <p class='ocr_par' dir='ltr' id='par_1_2' title="bbox 142 468 1476 825">
     <span class='ocr_line' id='line_1_2' title="bbox 232 468 1476 555; baseline -0.005 -17"><span class='ocrx_word' id='word_1_4' title='bbox 232 473 270 540; x_wconf 88' lang='lat' dir='ltr'><strong>R.</strong></span> <span class='ocrx_word' id='word_1_5' title='bbox 296 477 326 540; x_wconf 85' lang='lat'><strong>4.</strong></span> <span class='ocrx_word' id='word_1_6' title='bbox 374 473 466 540; x_wconf 88' lang='lat' dir='ltr'><strong>Haec</strong></span> <span class='ocrx_word' id='word_1_7' title='bbox 499 472 676 550; x_wconf 80' lang='lat' dir='ltr'><strong>revelatio,</strong></span> <span class='ocrx_word' id='word_1_8' title='bbox 709 494 906 555; x_wconf 91' lang='lat' dir='ltr'><strong>quamquam</strong></span> <span class='ocrx_word' id='word_1_9' title='bbox 940 473 1090 539; x_wconf 90' lang='lat' dir='ltr'><strong>absolute</strong></span> <span class='ocrx_word' id='word_1_10' title='bbox 1120 470 1240 536; x_wconf 84' lang='lat' dir='ltr'><strong>efficax</strong></span> <span class='ocrx_word' id='word_1_11' title='bbox 1269 468 1372 534; x_wconf 92' lang='lat' dir='ltr'><strong>etiam</strong></span> <span class='ocrx_word' id='word_1_12' title='bbox 1403 486 1476 532; x_wconf 90' lang='lat' dir='ltr'><strong>esse</strong></span> 
     </span>
     <span class='ocr_line' id='line_1_3' title="bbox 142 556 1476 648; baseline -0.006 -19"><span class='ocrx_word' id='word_1_13' title='bbox 142 567 253 648; x_wconf 90' lang='lat' dir='ltr'><strong>potest</strong></span> <span class='ocrx_word' id='word_1_14' title='bbox 289 562 318 628; x_wconf 91' lang='lat' dir='ltr'><strong>si</strong></span> <span class='ocrx_word' id='word_1_15' title='bbox 354 565 414 628; x_wconf 91' lang='lat' dir='ltr'><strong>fiat</strong></span> <span class='ocrx_word' id='word_1_16' title='bbox 446 566 521 646; x_wconf 90' lang='lat' dir='ltr'><strong>post</strong></span> <span class='ocrx_word' id='word_1_17' title='bbox 558 562 708 628; x_wconf 92' lang='lat' dir='ltr'><strong>ultimam</strong></span> <span class='ocrx_word' id='word_1_18' title='bbox 739 562 992 646; x_wconf 77' lang='lat' dir='ltr'><strong>publicationem</strong></span> <span class='ocrx_word' id='word_1_19' title='bbox 1026 561 1225 638; x_wconf 89' lang='lat' dir='ltr'><strong>bannorum,</strong></span> <span class='ocrx_word' id='word_1_20' title='bbox 1264 556 1476 623; x_wconf 90' lang='lat' dir='ltr'><strong>nihilominus</strong></span> 
     </span>
     <span class='ocr_line' id='line_1_4' title="bbox 142 648 1476 737; baseline -0.007 -18"><span class='ocrx_word' id='word_1_21' title='bbox 142 673 239 736; x_wconf 89' lang='lat' dir='ltr'><strong>quam</strong></span> <span class='ocrx_word' id='word_1_22' title='bbox 263 652 403 737; x_wconf 90' lang='lat' dir='ltr'><strong>primum</strong></span> <span class='ocrx_word' id='word_1_23' title='bbox 426 651 578 718; x_wconf 86' lang='lat' dir='ltr'><strong>facienda</strong></span> <span class='ocrx_word' id='word_1_24' title='bbox 602 656 662 729; x_wconf 90' lang='lat' dir='ltr'><strong>est,</strong></span> <span class='ocrx_word' id='word_1_25' title='bbox 687 672 729 717; x_wconf 90' lang='lat' dir='ltr'><strong>ne</strong></span> <span class='ocrx_word' id='word_1_26' title='bbox 751 652 907 717; x_wconf 88' lang='lat' dir='ltr'><strong>ulteriore</strong></span> <span class='ocrx_word' id='word_1_27' title='bbox 930 651 1086 717; x_wconf 88' lang='lat' dir='ltr'><strong>dilatione</strong></span> <span class='ocrx_word' id='word_1_28' title='bbox 1110 648 1288 715; x_wconf 88' lang='lat' dir='ltr'><strong>difficultas</strong></span> <span class='ocrx_word' id='word_1_29' title='bbox 1311 650 1476 729; x_wconf 80' lang='lat' dir='ltr'>augeatur</span> 
     </span>
     <span class='ocr_line' id='line_1_5' title="bbox 142 737 1393 825; baseline -0.005 -18"><span class='ocrx_word' id='word_1_30' title='bbox 142 742 194 807; x_wconf 91' lang='lat' dir='ltr'><strong>vel</strong></span> <span class='ocrx_word' id='word_1_31' title='bbox 219 741 367 807; x_wconf 88' lang='lat' dir='ltr'><strong>efficacia</strong></span> <span class='ocrx_word' id='word_1_32' title='bbox 391 762 450 825; x_wconf 90' lang='lat' dir='ltr'><strong>per</strong></span> <span class='ocrx_word' id='word_1_33' title='bbox 472 741 686 825; x_wconf 84' lang='lat' dir='ltr'><strong>improvisam</strong></span> <span class='ocrx_word' id='word_1_34' title='bbox 708 740 908 807; x_wconf 81' lang='lat' dir='ltr'><strong>matrimonii</strong></span> <span class='ocrx_word' id='word_1_35' title='bbox 932 739 1204 806; x_wconf 79' lang='lat' dir='ltr'><strong>accelerationem</strong></span> <span class='ocrx_word' id='word_1_36' title='bbox 1228 737 1393 803; x_wconf 90' lang='lat' dir='ltr'><strong>cludatur.</strong></span> 
     </span>
    </p>
   </div>
   <div class='ocr_carea' id='block_1_3' title="bbox 139 842 1475 1467">
    <p class='ocr_par' dir='ltr' id='par_1_3' title="bbox 139 842 1475 1467">
     <span class='ocr_line' id='line_1_6' title="bbox 231 842 1475 932; baseline -0.004 -19"><span class='ocrx_word' id='word_1_37' title='bbox 231 848 270 914; x_wconf 85' lang='lat' dir='ltr'><strong>R.</strong></span> <span class='ocrx_word' id='word_1_38' title='bbox 296 849 326 914; x_wconf 87' lang='lat'><strong>5.</strong></span> <span class='ocrx_word' id='word_1_39' title='bbox 367 847 401 914; x_wconf 89' lang='lat' dir='ltr'><strong>Si</strong></span> <span class='ocrx_word' id='word_1_40' title='bbox 424 847 536 929; x_wconf 88' lang='lat' dir='ltr'><strong>agitur</strong></span> <span class='ocrx_word' id='word_1_41' title='bbox 558 849 599 913; x_wconf 92' lang='lat' dir='ltr'><strong>de</strong></span> <span class='ocrx_word' id='word_1_42' title='bbox 622 847 854 932; x_wconf 89' lang='lat' dir='ltr'><strong>impedimento</strong></span> <span class='ocrx_word' id='word_1_43' title='bbox 877 847 1016 913; x_wconf 91' lang='lat' dir='ltr'><strong>aliorum</strong></span> <span class='ocrx_word' id='word_1_44' title='bbox 1038 845 1238 930; x_wconf 89' lang='lat' dir='ltr'><strong>sponsalium</strong></span> <span class='ocrx_word' id='word_1_45' title='bbox 1262 844 1412 925; x_wconf 86' lang='lat' dir='ltr'><strong>adeoque</strong></span> <span class='ocrx_word' id='word_1_46' title='bbox 1436 842 1475 908; x_wconf 91' lang='lat' dir='ltr'><strong>de</strong></span> 
     </span>
     <span class='ocr_line' id='line_1_7' title="bbox 140 931 1474 1021; baseline -0.004 -19"><span class='ocrx_word' id='word_1_47' title='bbox 140 937 211 1002; x_wconf 88' lang='lat' dir='ltr'><strong>iure</strong></span> <span class='ocrx_word' id='word_1_48' title='bbox 243 937 352 1015; x_wconf 87' lang='lat' dir='ltr'><strong>tertii,</strong></span> <span class='ocrx_word' id='word_1_49' title='bbox 386 936 508 1003; x_wconf 86' lang='lat' dir='ltr'><strong>sufficit</strong></span> <span class='ocrx_word' id='word_1_50' title='bbox 539 937 587 1003; x_wconf 94' lang='lat' dir='ltr'><strong>illi</strong></span> <span class='ocrx_word' id='word_1_51' title='bbox 616 937 737 1004; x_wconf 87' lang='lat' dir='ltr'><strong>tertiae</strong></span> <span class='ocrx_word' id='word_1_52' title='bbox 767 957 928 1021; x_wconf 86' lang='lat' dir='ltr'><strong>personae</strong></span> <span class='ocrx_word' id='word_1_53' title='bbox 958 936 998 1001; x_wconf 93' lang='lat' dir='ltr'><strong>de</strong></span> <span class='ocrx_word' id='word_1_54' title='bbox 1028 936 1232 1020; x_wconf 89' lang='lat' dir='ltr'><strong>proclamato</strong></span> <span class='ocrx_word' id='word_1_55' title='bbox 1264 931 1474 999; x_wconf 88' lang='lat' dir='ltr'><strong>matrimonio</strong></span> 
     </span>
     <span class='ocr_line' id='line_1_8' title="bbox 141 1021 1475 1110; baseline -0.004 -19"><span class='ocrx_word' id='word_1_56' title='bbox 141 1026 292 1092; x_wconf 87' lang='lat' dir='ltr'><strong>notitiam</strong></span> <span class='ocrx_word' id='word_1_57' title='bbox 317 1027 412 1092; x_wconf 90' lang='lat' dir='ltr'><strong>dare:</strong></span> <span class='ocrx_word' id='word_1_58' title='bbox 437 1046 514 1091; x_wconf 88' lang='lat' dir='ltr'><strong>nam</strong></span> <span class='ocrx_word' id='word_1_59' title='bbox 538 1028 566 1092; x_wconf 94' lang='lat' dir='ltr'><strong>si</strong></span> <span class='ocrx_word' id='word_1_60' title='bbox 588 1027 670 1092; x_wconf 91' lang='lat' dir='ltr'><strong>haec</strong></span> <span class='ocrx_word' id='word_1_61' title='bbox 689 1026 771 1110; x_wconf 88' lang='lat' dir='ltr'><strong>ipsa,</strong></span> <span class='ocrx_word' id='word_1_62' title='bbox 795 1026 914 1092; x_wconf 89' lang='lat' dir='ltr'><strong>notitia</strong></span> <span class='ocrx_word' id='word_1_63' title='bbox 929 1029 1076 1108; x_wconf 88' lang='lat' dir='ltr'><strong>accepta,</strong></span> <span class='ocrx_word' id='word_1_64' title='bbox 1100 1023 1180 1089; x_wconf 93' lang='lat' dir='ltr'><strong>nihil</strong></span> <span class='ocrx_word' id='word_1_65' title='bbox 1196 1026 1343 1107; x_wconf 89' lang='lat' dir='ltr'><strong>opponat</strong></span> <span class='ocrx_word' id='word_1_66' title='bbox 1359 1021 1475 1087; x_wconf 88' lang='lat' dir='ltr'><strong>matri·</strong></span> 
     </span>
     <span class='ocr_line' id='line_1_9' title="bbox 140 1110 1475 1194; baseline -0.005 -13"><span class='ocrx_word' id='word_1_67' title='bbox 140 1117 248 1181; x_wconf 90' lang='lat' dir='ltr'><strong>monio</strong></span> <span class='ocrx_word' id='word_1_68' title='bbox 263 1115 329 1193; x_wconf 92' lang='lat' dir='ltr'><strong>isti,</strong></span> <span class='ocrx_word' id='word_1_69' title='bbox 348 1116 399 1181; x_wconf 92' lang='lat' dir='ltr'><strong>ius</strong></span> <span class='ocrx_word' id='word_1_70' title='bbox 415 1136 506 1180; x_wconf 90' lang='lat' dir='ltr'><strong>suum</strong></span> <span class='ocrx_word' id='word_1_71' title='bbox 526 1116 695 1181; x_wconf 82' lang='lat' dir='ltr'><strong>abdicasse</strong></span> <span class='ocrx_word' id='word_1_72' title='bbox 711 1119 864 1182; x_wconf 90' lang='lat' dir='ltr'><strong>censetur</strong></span> <span class='ocrx_word' id='word_1_73' title='bbox 879 1137 917 1180; x_wconf 88' lang='lat' dir='ltr'><strong>eo</strong></span> <span class='ocrx_word' id='word_1_74' title='bbox 933 1113 1050 1181; x_wconf 90' lang='lat' dir='ltr'><strong>saltem</strong></span> <span class='ocrx_word' id='word_1_75' title='bbox 1068 1134 1166 1178; x_wconf 88' lang='lat' dir='ltr'><strong>sensu</strong></span> <span class='ocrx_word' id='word_1_76' title='bbox 1182 1119 1219 1178; x_wconf 90' lang='lat' dir='ltr'><strong>ut</strong></span> <span class='ocrx_word' id='word_1_77' title='bbox 1235 1111 1318 1177; x_wconf 93' lang='lat' dir='ltr'><strong>nolit</strong></span> <span class='ocrx_word' id='word_1_78' title='bbox 1333 1110 1475 1194; x_wconf 90' lang='lat' dir='ltr'><strong>amplius</strong></span> 
     </span>
     <span class='ocr_line' id='line_1_10' title="bbox 140 1199 1474 1288; baseline -0.005 -19"><span class='ocrx_word' id='word_1_79' title='bbox 140 1205 384 1270; x_wconf 88' lang='lat' dir='ltr'><strong>matrimonium</strong></span> <span class='ocrx_word' id='word_1_80' title='bbox 417 1204 559 1270; x_wconf 88' lang='lat' dir='ltr'><strong>alienum</strong></span> <span class='ocrx_word' id='word_1_81' title='bbox 594 1204 761 1288; x_wconf 89' lang='lat' dir='ltr'><strong>impedire.</strong></span> <span class='ocrx_word' id='word_1_82' title='bbox 794 1244 839 1252; x_wconf 90' lang='lat'><em>-</em></span> <span class='ocrx_word' id='word_1_83' title='bbox 873 1207 1031 1270; x_wconf 84' lang='lat' dir='ltr'><strong>Attamen</strong></span> <span class='ocrx_word' id='word_1_84' title='bbox 1064 1202 1120 1285; x_wconf 92' lang='lat' dir='ltr'><strong>qui</strong></span> <span class='ocrx_word' id='word_1_85' title='bbox 1151 1202 1296 1278; x_wconf 90' lang='lat' dir='ltr'><strong>mavult,</strong></span> <span class='ocrx_word' id='word_1_86' title='bbox 1333 1200 1386 1265; x_wconf 90' lang='lat' dir='ltr'><strong>vel</strong></span> <span class='ocrx_word' id='word_1_87' title='bbox 1423 1199 1474 1264; x_wconf 92' lang='lat' dir='ltr'><strong>cui</strong></span> 
     </span>
     <span class='ocr_line' id='line_1_11' title="bbox 139 1289 1474 1376; baseline -0.004 -18"><span class='ocrx_word' id='word_1_88' title='bbox 139 1294 268 1360; x_wconf 90' lang='lat' dir='ltr'><strong>facilius</strong></span> <span class='ocrx_word' id='word_1_89' title='bbox 292 1298 344 1359; x_wconf 90' lang='lat' dir='ltr'><strong>est</strong></span> <span class='ocrx_word' id='word_1_90' title='bbox 366 1314 434 1358; x_wconf 91' lang='lat' dir='ltr'><strong>rem</strong></span> <span class='ocrx_word' id='word_1_91' title='bbox 459 1294 602 1376; x_wconf 89' lang='lat' dir='ltr'><strong>parocho</strong></span> <span class='ocrx_word' id='word_1_92' title='bbox 626 1294 767 1371; x_wconf 85' lang='lat' dir='ltr'><strong>referre,</strong></span> <span class='ocrx_word' id='word_1_93' title='bbox 799 1293 832 1360; x_wconf 92' lang='lat' dir='ltr'><strong>id</strong></span> <span class='ocrx_word' id='word_1_94' title='bbox 856 1293 965 1359; x_wconf 87' lang='lat' dir='ltr'><strong>facere</strong></span> <span class='ocrx_word' id='word_1_95' title='bbox 988 1296 1115 1376; x_wconf 88' lang='lat' dir='ltr'><strong>potest,</strong></span> <span class='ocrx_word' id='word_1_96' title='bbox 1146 1296 1184 1357; x_wconf 90' lang='lat' dir='ltr'><strong>ut</strong></span> <span class='ocrx_word' id='word_1_97' title='bbox 1211 1310 1270 1374; x_wconf 90' lang='lat' dir='ltr'><strong>per</strong></span> <span class='ocrx_word' id='word_1_98' title='bbox 1292 1289 1474 1373; x_wconf 88' lang='lat' dir='ltr'><strong>parochum</strong></span> 
     </span>
     <span class='ocr_line' id='line_1_12' title="bbox 140 1387 442 1467; baseline 0.007 -19"><span class='ocrx_word' id='word_1_99' title='bbox 140 1405 194 1448; x_wconf 91' lang='lat' dir='ltr'><strong>res</strong></span> <span class='ocrx_word' id='word_1_100' title='bbox 218 1387 442 1467; x_wconf 86' lang='lat' dir='ltr'><strong>componatur.</strong></span> 
     </span>
    </p>
   </div>
   <div class='ocr_carea' id='block_1_4' title="bbox 77 1502 1475 1856">
    <p class='ocr_par' dir='ltr' id='par_1_4' title="bbox 77 1502 1475 1856">
     <span class='ocr_line' id='line_1_13' title="bbox 77 1502 1475 1589; baseline -0.006 -15"><span class='ocrx_word' id='word_1_101' title='bbox 77 1518 130 1574; x_wconf 82' lang='lat'><strong>862</strong></span> <span class='ocrx_word' id='word_1_102' title='bbox 230 1505 283 1569; x_wconf 88' lang='lat' dir='ltr'><strong>Ao</strong></span> <span class='ocrx_word' id='word_1_103' title='bbox 307 1526 497 1582; x_wconf 80' lang='lat' dir='ltr'><strong>ouaasrruu</strong></span> <span class='ocrx_word' id='word_1_104' title='bbox 523 1508 562 1569; x_wconf 80' lang='lat'><strong>2¹¹²</strong></span> <span class='ocrx_word' id='word_1_105' title='bbox 585 1505 624 1571; x_wconf 86' lang='lat' dir='ltr'><strong>R.</strong></span> <span class='ocrx_word' id='word_1_106' title='bbox 652 1509 679 1571; x_wconf 89' lang='lat' dir='ltr'><strong>l.</strong></span> <span class='ocrx_word' id='word_1_107' title='bbox 727 1504 914 1571; x_wconf 87' lang='lat' dir='ltr'><strong>Themistor</strong></span> <span class='ocrx_word' id='word_1_108' title='bbox 942 1504 1140 1589; x_wconf 89' lang='lat' dir='ltr'><strong>promittens</strong></span> <span class='ocrx_word' id='word_1_109' title='bbox 1170 1524 1206 1568; x_wconf 90' lang='lat' dir='ltr'><strong>se</strong></span> <span class='ocrx_word' id='word_1_110' title='bbox 1236 1502 1417 1568; x_wconf 89' lang='lat' dir='ltr'><strong>secundam</strong></span> <span class='ocrx_word' id='word_1_111' title='bbox 1440 1504 1475 1565; x_wconf 92' lang='lat' dir='ltr'><strong>et</strong></span> 
     </span>
     <span class='ocr_line' id='line_1_14' title="bbox 139 1591 1473 1678; baseline -0.004 -18"><span class='ocrx_word' id='word_1_112' title='bbox 139 1593 273 1660; x_wconf 84' lang='lat' dir='ltr'><strong>tertiam</strong></span> <span class='ocrx_word' id='word_1_113' title='bbox 296 1595 587 1678; x_wconf 89' lang='lat' dir='ltr'><strong>proclamationem</strong></span> <span class='ocrx_word' id='word_1_114' title='bbox 618 1594 732 1660; x_wconf 92' lang='lat' dir='ltr'><strong>eodem</strong></span> <span class='ocrx_word' id='word_1_115' title='bbox 764 1595 816 1660; x_wconf 92' lang='lat' dir='ltr'><strong>die</strong></span> <span class='ocrx_word' id='word_1_116' title='bbox 839 1595 1019 1672; x_wconf 88' lang='lat' dir='ltr'><strong>facturum,</strong></span> <span class='ocrx_word' id='word_1_117' title='bbox 1051 1614 1150 1660; x_wconf 88' lang='lat' dir='ltr'><strong>unam</strong></span> <span class='ocrx_word' id='word_1_118' title='bbox 1180 1591 1473 1677; x_wconf 89' lang='lat' dir='ltr'><strong>proclamationem</strong></span> 
     </span>
     <span class='ocr_line' id='line_1_15' title="bbox 140 1680 1474 1768; baseline -0.002 -21"><span class='ocrx_word' id='word_1_119' title='bbox 140 1684 377 1768; x_wconf 88' lang='lat' dir='ltr'><strong>praescriptam</strong></span> <span class='ocrx_word' id='word_1_120' title='bbox 390 1683 641 1765; x_wconf 89' lang='lat' dir='ltr'><strong>aequivalenter</strong></span> <span class='ocrx_word' id='word_1_121' title='bbox 656 1683 782 1750; x_wconf 88' lang='lat' dir='ltr'><strong>omisit:</strong></span> <span class='ocrx_word' id='word_1_122' title='bbox 799 1684 885 1766; x_wconf 93' lang='lat' dir='ltr'><strong>quod</strong></span> <span class='ocrx_word' id='word_1_123' title='bbox 898 1683 959 1748; x_wconf 89' lang='lat' dir='ltr'><strong>nisi</strong></span> <span class='ocrx_word' id='word_1_124' title='bbox 972 1683 1085 1766; x_wconf 87' lang='lat' dir='ltr'><strong>gravis</strong></span> <span class='ocrx_word' id='word_1_125' title='bbox 1098 1703 1198 1748; x_wconf 88' lang='lat' dir='ltr'><strong>causa</strong></span> <span class='ocrx_word' id='word_1_126' title='bbox 1210 1681 1262 1746; x_wconf 90' lang='lat' dir='ltr'><strong>ius</strong></span> <span class='ocrx_word' id='word_1_127' title='bbox 1272 1680 1316 1745; x_wconf 90' lang='lat' dir='ltr'><strong>ad</strong></span> <span class='ocrx_word' id='word_1_128' title='bbox 1328 1680 1474 1765; x_wconf 88' lang='lat' dir='ltr'><strong>epikiam</strong></span> 
     </span>
     <span class='ocr_line' id='line_1_16' title="bbox 138 1772 1049 1856; baseline 0.001 -18"><span class='ocrx_word' id='word_1_129' title='bbox 138 1772 274 1851; x_wconf 86' lang='lat' dir='ltr'><strong>dederit,</strong></span> <span class='ocrx_word' id='word_1_130' title='bbox 297 1776 469 1856; x_wconf 85' lang='lat' dir='ltr'><strong>peccatum</strong></span> <span class='ocrx_word' id='word_1_131' title='bbox 493 1776 575 1850; x_wconf 88' lang='lat' dir='ltr'><strong>crat,</strong></span> <span class='ocrx_word' id='word_1_132' title='bbox 599 1795 638 1838; x_wconf 79' lang='lat' dir='ltr'><strong>ec</strong></span> <span class='ocrx_word' id='word_1_133' title='bbox 660 1794 693 1838; x_wconf 82' lang='lat' dir='ltr'><strong>se</strong></span> <span class='ocrx_word' id='word_1_134' title='bbox 715 1775 827 1839; x_wconf 88' lang='lat' dir='ltr'><strong>tamen</strong></span> <span class='ocrx_word' id='word_1_135' title='bbox 849 1793 914 1838; x_wconf 91' lang='lat' dir='ltr'><strong>non</strong></span> <span class='ocrx_word' id='word_1_136' title='bbox 938 1793 1049 1855; x_wconf 87' lang='lat' dir='ltr'><strong>grave.</strong></span> 
     </span>
    </p>
   </div>
   <div class='ocr_carea' id='block_1_5' title="bbox 138 1875 1473 2498">
    <p class='ocr_par' dir='ltr' id='par_1_5' title="bbox 138 1875 1473 2498">
     <span class='ocr_line' id='line_1_17' title="bbox 227 1875 1473 1963; baseline -0.004 -19"><span class='ocrx_word' id='word_1_137' title='bbox 227 1879 266 1946; x_wconf 88' lang='lat' dir='ltr'><strong>R.</strong></span> <span class='ocrx_word' id='word_1_138' title='bbox 293 1882 322 1947; x_wconf 87' lang='grc'><strong>2.</strong></span> <span class='ocrx_word' id='word_1_139' title='bbox 369 1879 493 1944; x_wconf 90' lang='lat' dir='ltr'><strong>Verum</strong></span> <span class='ocrx_word' id='word_1_140' title='bbox 516 1900 575 1962; x_wconf 89' lang='lat' dir='ltr'><strong>per</strong></span> <span class='ocrx_word' id='word_1_141' title='bbox 598 1879 750 1944; x_wconf 91' lang='lat' dir='ltr'><strong>accidens</strong></span> <span class='ocrx_word' id='word_1_142' title='bbox 779 1885 890 1963; x_wconf 88' lang='lat' dir='ltr'><strong>potest</strong></span> <span class='ocrx_word' id='word_1_143' title='bbox 913 1901 986 1944; x_wconf 89' lang='lat' dir='ltr'><strong>csse</strong></span> <span class='ocrx_word' id='word_1_144' title='bbox 1009 1900 1129 1962; x_wconf 84' lang='lat' dir='ltr'><strong>grave,</strong></span> <span class='ocrx_word' id='word_1_145' title='bbox 1161 1900 1192 1944; x_wconf 91' lang='lat' dir='ltr'><strong>v.</strong></span> <span class='ocrx_word' id='word_1_146' title='bbox 1217 1899 1250 1959; x_wconf 86' lang='lat' dir='ltr'><strong>g.</strong></span> <span class='ocrx_word' id='word_1_147' title='bbox 1281 1876 1310 1942; x_wconf 90' lang='lat' dir='ltr'><strong>si</strong></span> <span class='ocrx_word' id='word_1_148' title='bbox 1341 1875 1473 1957; x_wconf 90' lang='lat' dir='ltr'><strong>quando</strong></span> 
     </span>
     <span class='ocr_line' id='line_1_18' title="bbox 138 1965 1473 2052; baseline -0.001 -20"><span class='ocrx_word' id='word_1_149' title='bbox 138 1968 242 2034; x_wconf 88' lang='lat' dir='ltr'><strong>instat</strong></span> <span class='ocrx_word' id='word_1_150' title='bbox 265 1968 446 2052; x_wconf 90' lang='lat' dir='ltr'><strong>periculum</strong></span> <span class='ocrx_word' id='word_1_151' title='bbox 469 1990 510 2034; x_wconf 91' lang='lat' dir='ltr'><strong>ne</strong></span> <span class='ocrx_word' id='word_1_152' title='bbox 533 1969 621 2034; x_wconf 89' lang='lat' dir='ltr'><strong>forte</strong></span> <span class='ocrx_word' id='word_1_153' title='bbox 644 1968 851 2034; x_wconf 91' lang='lat' dir='ltr'><strong>matrimonio</strong></span> <span class='ocrx_word' id='word_1_154' title='bbox 881 1969 1008 2034; x_wconf 89' lang='lat' dir='ltr'><strong>intento</strong></span> <span class='ocrx_word' id='word_1_155' title='bbox 1040 1975 1074 2034; x_wconf 91' lang='lat' dir='ltr'><strong>et</strong></span> <span class='ocrx_word' id='word_1_156' title='bbox 1098 1967 1283 2034; x_wconf 86' lang='lat' dir='ltr'><strong>accelerato</strong></span> <span class='ocrx_word' id='word_1_157' title='bbox 1306 1965 1473 2049; x_wconf 87' lang='lat' dir='ltr'><strong>irrepara-</strong></span> 
     </span>
     <span class='ocr_line' id='line_1_19' title="bbox 138 2056 1473 2142; baseline -0.003 -20"><span class='ocrx_word' id='word_1_158' title='bbox 138 2057 249 2122; x_wconf 89' lang='lat' dir='ltr'><strong>biliter</strong></span> <span class='ocrx_word' id='word_1_159' title='bbox 278 2057 430 2123; x_wconf 89' lang='lat' dir='ltr'><strong>laedatur</strong></span> <span class='ocrx_word' id='word_1_160' title='bbox 459 2057 510 2122; x_wconf 91' lang='lat' dir='ltr'><strong>ius</strong></span> <span class='ocrx_word' id='word_1_161' title='bbox 540 2056 660 2124; x_wconf 89' lang='lat' dir='ltr'><strong>tertiae</strong></span> <span class='ocrx_word' id='word_1_162' title='bbox 682 2078 853 2142; x_wconf 88' lang='lat' dir='ltr'><strong>personae.</strong></span> <span class='ocrx_word' id='word_1_163' title='bbox 900 2058 992 2135; x_wconf 81' lang='lat' dir='ltr'><strong>Quod</strong></span> <span class='ocrx_word' id='word_1_164' title='bbox 1016 2079 1052 2122; x_wconf 91' lang='lat' dir='ltr'><strong>re</strong></span> <span class='ocrx_word' id='word_1_165' title='bbox 1076 2078 1156 2123; x_wconf 89' lang='lat' dir='ltr'><strong>vera</strong></span> <span class='ocrx_word' id='word_1_166' title='bbox 1183 2057 1217 2122; x_wconf 89' lang='lat' dir='ltr'><strong>in</strong></span> <span class='ocrx_word' id='word_1_167' title='bbox 1247 2059 1363 2121; x_wconf 91' lang='lat' dir='ltr'><strong>nostro</strong></span> <span class='ocrx_word' id='word_1_168' title='bbox 1394 2074 1473 2119; x_wconf 89' lang='lat' dir='ltr'><strong>casu</strong></span> 
     </span>
     <span class='ocr_line' id='line_1_20' title="bbox 139 2144 1472 2230; baseline -0.003 -19"><span class='ocrx_word' id='word_1_169' title='bbox 139 2146 282 2223; x_wconf 90' lang='lat' dir='ltr'><strong>obtinet,</strong></span> <span class='ocrx_word' id='word_1_170' title='bbox 314 2147 342 2212; x_wconf 92' lang='lat' dir='ltr'><strong>si</strong></span> <span class='ocrx_word' id='word_1_171' title='bbox 374 2147 528 2229; x_wconf 89' lang='lat' dir='ltr'><strong>querelae</strong></span> <span class='ocrx_word' id='word_1_172' title='bbox 552 2146 675 2212; x_wconf 89' lang='lat' dir='ltr'><strong>Paulae</strong></span> <span class='ocrx_word' id='word_1_173' title='bbox 706 2151 783 2214; x_wconf 90' lang='lat' dir='ltr'><strong>sunt</strong></span> <span class='ocrx_word' id='word_1_174' title='bbox 812 2147 980 2214; x_wconf 87' lang='lat' dir='ltr'><strong>fundatae.</strong></span> <span class='ocrx_word' id='word_1_175' title='bbox 1034 2146 1242 2230; x_wconf 89' lang='lat' dir='ltr'><strong>Quapropter</strong></span> <span class='ocrx_word' id='word_1_176' title='bbox 1271 2144 1472 2220; x_wconf 79' lang='lat' dir='ltr'><strong>Themistor,</strong></span> 
     </span>
     <span class='ocr_line' id='line_1_21' title="bbox 138 2234 1473 2320; baseline -0.002 -20"><span class='ocrx_word' id='word_1_177' title='bbox 138 2240 312 2319; x_wconf 89' lang='lat' dir='ltr'><strong>postquam</strong></span> <span class='ocrx_word' id='word_1_178' title='bbox 344 2236 484 2301; x_wconf 89' lang='lat' dir='ltr'><strong>audierit</strong></span> <span class='ocrx_word' id='word_1_179' title='bbox 507 2237 631 2302; x_wconf 90' lang='lat' dir='ltr'><strong>Paulae</strong></span> <span class='ocrx_word' id='word_1_180' title='bbox 661 2236 951 2320; x_wconf 86' lang='lat' dir='ltr'><strong>protestationem,</strong></span> <span class='ocrx_word' id='word_1_181' title='bbox 983 2235 1197 2320; x_wconf 86' lang='lat' dir='ltr'><strong>promissione</strong></span> <span class='ocrx_word' id='word_1_182' title='bbox 1227 2254 1288 2300; x_wconf 88' lang='lat' dir='ltr'><strong>sua</strong></span> <span class='ocrx_word' id='word_1_183' title='bbox 1318 2234 1473 2316; x_wconf 85' lang='lat' dir='ltr'><strong>neglecta</strong></span> 
     </span>
     <span class='ocr_line' id='line_1_22' title="bbox 138 2322 1472 2410; baseline -0.003 -21"><span class='ocrx_word' id='word_1_184' title='bbox 138 2346 195 2390; x_wconf 88' lang='lat' dir='ltr'><strong>seu</strong></span> <span class='ocrx_word' id='word_1_185' title='bbox 220 2330 420 2404; x_wconf 86' lang='lat' dir='ltr'><strong>retractata,</strong></span> <span class='ocrx_word' id='word_1_186' title='bbox 454 2346 520 2391; x_wconf 91' lang='lat' dir='ltr'><strong>non</strong></span> <span class='ocrx_word' id='word_1_187' title='bbox 543 2324 651 2410; x_wconf 91' lang='lat' dir='ltr'><strong>potuit</strong></span> <span class='ocrx_word' id='word_1_188' title='bbox 673 2325 731 2390; x_wconf 91' lang='lat' dir='ltr'><strong>illa</strong></span> <span class='ocrx_word' id='word_1_189' title='bbox 754 2326 805 2390; x_wconf 90' lang='lat' dir='ltr'><strong>die</strong></span> <span class='ocrx_word' id='word_1_190' title='bbox 829 2346 941 2391; x_wconf 90' lang='lat' dir='ltr'><strong>omnes</strong></span> <span class='ocrx_word' id='word_1_191' title='bbox 968 2325 1244 2409; x_wconf 87' lang='lat' dir='ltr'><strong>proclamationes</strong></span> <span class='ocrx_word' id='word_1_192' title='bbox 1273 2324 1386 2400; x_wconf 89' lang='lat' dir='ltr'><strong>finire,</strong></span> <span class='ocrx_word' id='word_1_193' title='bbox 1419 2322 1472 2386; x_wconf 86' lang='lat' dir='ltr'><strong>vel</strong></span> 
     </span>
     <span class='ocr_line' id='line_1_23' title="bbox 139 2414 1092 2498; baseline 0.002 -19"><span class='ocrx_word' id='word_1_194' title='bbox 139 2414 256 2480; x_wconf 88' lang='lat' dir='ltr'><strong>saltem</strong></span> <span class='ocrx_word' id='word_1_195' title='bbox 282 2435 346 2480; x_wconf 89' lang='lat' dir='ltr'><strong>non</strong></span> <span class='ocrx_word' id='word_1_196' title='bbox 370 2414 548 2498; x_wconf 87' lang='lat' dir='ltr'><strong>procedere</strong></span> <span class='ocrx_word' id='word_1_197' title='bbox 572 2415 614 2480; x_wconf 91' lang='lat' dir='ltr'><strong>ad</strong></span> <span class='ocrx_word' id='word_1_198' title='bbox 637 2415 836 2480; x_wconf 91' lang='lat' dir='ltr'><strong>matrimonii</strong></span> <span class='ocrx_word' id='word_1_199' title='bbox 859 2415 1092 2481; x_wconf 88' lang='lat' dir='ltr'><strong>assistentiam.</strong></span> 
     </span>
    </p>
   </div>
   <div class='ocr_carea' id='block_1_6' title="bbox 138 2515 1471 2872">
    <p class='ocr_par' dir='ltr' id='par_1_6' title="bbox 138 2515 1471 2872">
     <span class='ocr_line' id='line_1_24' title="bbox 228 2515 1471 2605; baseline -0.003 -21"><span class='ocrx_word' id='word_1_200' title='bbox 228 2521 266 2584; x_wconf 87' lang='lat' dir='ltr'><strong>R.</strong></span> <span class='ocrx_word' id='word_1_201' title='bbox 293 2525 322 2586; x_wconf 86' lang='lat'><strong>3.</strong></span> <span class='ocrx_word' id='word_1_202' title='bbox 362 2520 400 2584; x_wconf 91' lang='lat' dir='ltr'><strong>Iu</strong></span> <span class='ocrx_word' id='word_1_203' title='bbox 423 2541 545 2603; x_wconf 87' lang='lat' dir='ltr'><strong>genere</strong></span> <span class='ocrx_word' id='word_1_204' title='bbox 568 2519 654 2585; x_wconf 90' lang='lat' dir='ltr'><strong>enim</strong></span> <span class='ocrx_word' id='word_1_205' title='bbox 677 2520 849 2604; x_wconf 89' lang='lat' dir='ltr'><strong>parochus,</strong></span> <span class='ocrx_word' id='word_1_206' title='bbox 873 2521 901 2585; x_wconf 92' lang='lat' dir='ltr'><strong>si</strong></span> <span class='ocrx_word' id='word_1_207' title='bbox 925 2520 1010 2603; x_wconf 92' lang='lat' dir='ltr'><strong>quod</strong></span> <span class='ocrx_word' id='word_1_208' title='bbox 1034 2519 1303 2605; x_wconf 88' lang='lat' dir='ltr'><strong>impedimentum</strong></span> <span class='ocrx_word' id='word_1_209' title='bbox 1326 2517 1400 2582; x_wconf 88' lang='lat' dir='ltr'><strong>sive</strong></span> <span class='ocrx_word' id='word_1_210' title='bbox 1423 2515 1471 2580; x_wconf 93' lang='lat' dir='ltr'><strong>di·</strong></span> 
     </span>
     <span class='ocr_line' id='line_1_25' title="bbox 138 2608 1471 2693; baseline -0.002 -20"><span class='ocrx_word' id='word_1_211' title='bbox 138 2608 260 2674; x_wconf 89' lang='lat' dir='ltr'><strong>rimens</strong></span> <span class='ocrx_word' id='word_1_212' title='bbox 276 2609 346 2674; x_wconf 91' lang='lat' dir='ltr'><strong>sive</strong></span> <span class='ocrx_word' id='word_1_213' title='bbox 369 2608 549 2693; x_wconf 90' lang='lat' dir='ltr'><strong>impediens</strong></span> <span class='ocrx_word' id='word_1_214' title='bbox 572 2609 711 2693; x_wconf 90' lang='lat' dir='ltr'><strong>inceptis</strong></span> <span class='ocrx_word' id='word_1_215' title='bbox 735 2610 1047 2693; x_wconf 90' lang='lat' dir='ltr'><strong>proclamationibus</strong></span> <span class='ocrx_word' id='word_1_216' title='bbox 1068 2609 1310 2684; x_wconf 85' lang='lat' dir='ltr'><strong>manifestatur,</strong></span> <span class='ocrx_word' id='word_1_217' title='bbox 1336 2626 1471 2672; x_wconf 86' lang='lat' dir='ltr'><strong>causam</strong></span> 
     </span>
     <span class='ocr_line' id='line_1_26' title="bbox 138 2695 1470 2783; baseline -0.004 -20"><span class='ocrx_word' id='word_1_218' title='bbox 138 2698 256 2764; x_wconf 90' lang='lat' dir='ltr'><strong>sistere</strong></span> <span class='ocrx_word' id='word_1_219' title='bbox 288 2698 401 2775; x_wconf 88' lang='lat' dir='ltr'><strong>debet,</strong></span> <span class='ocrx_word' id='word_1_220' title='bbox 436 2719 505 2763; x_wconf 89' lang='lat' dir='ltr'><strong>rem</strong></span> <span class='ocrx_word' id='word_1_221' title='bbox 539 2698 739 2783; x_wconf 55' lang='lat' dir='ltr'><strong>examinare¹</strong></span> <span class='ocrx_word' id='word_1_222' title='bbox 760 2703 860 2781; x_wconf 87' lang='lat' dir='ltr'><strong>atque</strong></span> <span class='ocrx_word' id='word_1_223' title='bbox 891 2720 988 2780; x_wconf 86' lang='lat' dir='ltr'><strong>quam</strong></span> <span class='ocrx_word' id='word_1_224' title='bbox 1019 2698 1158 2781; x_wconf 89' lang='lat' dir='ltr'><strong>primum</strong></span> <span class='ocrx_word' id='word_1_225' title='bbox 1190 2698 1230 2763; x_wconf 90' lang='lat' dir='ltr'><strong>ad</strong></span> <span class='ocrx_word' id='word_1_226' title='bbox 1259 2695 1470 2762; x_wconf 87' lang='lat' dir='ltr'><strong>Ordinarium</strong></span> 
     </span>
     <span class='ocr_line' id='line_1_27' title="bbox 138 2786 1207 2872; baseline 0.001 -21"><span class='ocrx_word' id='word_1_227' title='bbox 138 2787 277 2853; x_wconf 89' lang='lat' dir='ltr'><strong>deferre.</strong></span> <span class='ocrx_word' id='word_1_228' title='bbox 326 2786 418 2863; x_wconf 82' lang='lat' dir='ltr'><strong>Quod</strong></span> <span class='ocrx_word' id='word_1_229' title='bbox 441 2787 474 2851; x_wconf 88' lang='lat' dir='ltr'><strong>in</strong></span> <span class='ocrx_word' id='word_1_230' title='bbox 498 2793 612 2853; x_wconf 89' lang='lat' dir='ltr'><strong>nostro</strong></span> <span class='ocrx_word' id='word_1_231' title='bbox 637 2809 715 2853; x_wconf 86' lang='lat' dir='ltr'><strong>casu</strong></span> <span class='ocrx_word' id='word_1_232' title='bbox 739 2788 900 2872; x_wconf 91' lang='lat' dir='ltr'><strong>parochus</strong></span> <span class='ocrx_word' id='word_1_233' title='bbox 923 2788 1033 2853; x_wconf 88' lang='lat' dir='ltr'><strong>facere</strong></span> <span class='ocrx_word' id='word_1_234' title='bbox 1057 2787 1207 2853; x_wconf 86' lang='lat' dir='ltr'><strong>debebat.</strong></span> 
     </span>
    </p>
   </div>
   <div class='ocr_carea' id='block_1_7' title="bbox 136 2893 1470 3514">
    <p class='ocr_par' dir='ltr' id='par_1_7' title="bbox 136 2893 1470 3514">
     <span class='ocr_line' id='line_1_28' title="bbox 227 2893 1469 2978; baseline -0.001 -20"><span class='ocrx_word' id='word_1_235' title='bbox 227 2894 265 2960; x_wconf 88' lang='lat' dir='ltr'><strong>R.</strong></span> <span class='ocrx_word' id='word_1_236' title='bbox 291 2897 322 2960; x_wconf 83' lang='grc'><strong>4.</strong></span> <span class='ocrx_word' id='word_1_237' title='bbox 363 2894 473 2959; x_wconf 90' lang='lat' dir='ltr'><strong>Solum</strong></span> <span class='ocrx_word' id='word_1_238' title='bbox 498 2894 526 2959; x_wconf 94' lang='lat' dir='ltr'><strong>si</strong></span> <span class='ocrx_word' id='word_1_239' title='bbox 553 2896 585 2976; x_wconf 87' lang='lat'><strong>1)</strong></span> <span class='ocrx_word' id='word_1_240' title='bbox 601 2895 704 2960; x_wconf 87' lang='lat' dir='ltr'><strong>Paula</strong></span> <span class='ocrx_word' id='word_1_241' title='bbox 725 2893 880 2960; x_wconf 87' lang='lat' dir='ltr'><strong>obiecerit</strong></span> <span class='ocrx_word' id='word_1_242' title='bbox 904 2894 1035 2976; x_wconf 87' lang='lat' dir='ltr'><strong>quidem</strong></span> <span class='ocrx_word' id='word_1_243' title='bbox 1058 2893 1225 2978; x_wconf 89' lang='lat' dir='ltr'><strong>sponsalia</strong></span> <span class='ocrx_word' id='word_1_244' title='bbox 1247 2915 1352 2958; x_wconf 83' lang='lat' dir='ltr'><strong>secam</strong></span> <span class='ocrx_word' id='word_1_245' title='bbox 1375 2893 1469 2967; x_wconf 87' lang='lat' dir='ltr'><strong>inita,</strong></span> 
     </span>
     <span class='ocr_line' id='line_1_29' title="bbox 137 2982 1468 3067; baseline 0.002 -20"><span class='ocrx_word' id='word_1_246' title='bbox 137 2985 195 3047; x_wconf 93' lang='lat' dir='ltr'><strong>sed</strong></span> <span class='ocrx_word' id='word_1_247' title='bbox 219 2982 461 3048; x_wconf 90' lang='lat' dir='ltr'><strong>matrimonium</strong></span> <span class='ocrx_word' id='word_1_248' title='bbox 487 3005 598 3049; x_wconf 90' lang='lat' dir='ltr'><strong>secum</strong></span> <span class='ocrx_word' id='word_1_249' title='bbox 622 2985 879 3050; x_wconf 88' lang='lat' dir='ltr'><strong>contrahendum</strong></span> <span class='ocrx_word' id='word_1_250' title='bbox 903 3005 967 3048; x_wconf 92' lang='lat' dir='ltr'><strong>non</strong></span> <span class='ocrx_word' id='word_1_251' title='bbox 984 2984 1038 3048; x_wconf 90' lang='lat' dir='ltr'><strong>vel</strong></span> <span class='ocrx_word' id='word_1_252' title='bbox 1054 3004 1118 3048; x_wconf 92' lang='lat' dir='ltr'><strong>non</strong></span> <span class='ocrx_word' id='word_1_253' title='bbox 1135 2983 1275 3067; x_wconf 91' lang='lat' dir='ltr'><strong>amplius</strong></span> <span class='ocrx_word' id='word_1_254' title='bbox 1298 2982 1468 3050; x_wconf 83' lang='lat' dir='ltr'><strong>intendat:</strong></span> 
     </span>
     <span class='ocr_line' id='line_1_30' title="bbox 137 3072 1470 3157; baseline -0.002 -19"><span class='ocrx_word' id='word_1_255' title='bbox 137 3078 195 3139; x_wconf 91' lang='lat' dir='ltr'><strong>aut</strong></span> <span class='ocrx_word' id='word_1_256' title='bbox 220 3076 253 3153; x_wconf 83' lang='lat'><strong>2)</strong></span> <span class='ocrx_word' id='word_1_257' title='bbox 277 3072 305 3137; x_wconf 94' lang='lat' dir='ltr'><strong>si</strong></span> <span class='ocrx_word' id='word_1_258' title='bbox 330 3094 372 3138; x_wconf 85' lang='lat' dir='ltr'><strong>ex</strong></span> <span class='ocrx_word' id='word_1_259' title='bbox 395 3078 492 3157; x_wconf 90' lang='lat' dir='ltr'><strong>parte</strong></span> <span class='ocrx_word' id='word_1_260' title='bbox 515 3073 625 3157; x_wconf 89' lang='lat' dir='ltr'><strong>sponsi</strong></span> <span class='ocrx_word' id='word_1_261' title='bbox 657 3073 857 3139; x_wconf 89' lang='lat' dir='ltr'><strong>sufficientes</strong></span> <span class='ocrx_word' id='word_1_262' title='bbox 888 3094 1005 3138; x_wconf 89' lang='lat' dir='ltr'><strong>causas</strong></span> <span class='ocrx_word' id='word_1_263' title='bbox 1035 3074 1115 3137; x_wconf 87' lang='lat' dir='ltr'><strong>haec</strong></span> <span class='ocrx_word' id='word_1_264' title='bbox 1146 3093 1219 3138; x_wconf 90' lang='lat' dir='ltr'><strong>cum</strong></span> <span class='ocrx_word' id='word_1_265' title='bbox 1243 3072 1348 3137; x_wconf 87' lang='lat' dir='ltr'><strong>Paula</strong></span> <span class='ocrx_word' id='word_1_266' title='bbox 1375 3072 1470 3136; x_wconf 87' lang='lat' dir='ltr'><strong>facta</strong></span> 
     </span>
     <span class='ocr_line' id='line_1_31' title="bbox 137 3161 1469 3248; baseline -0.002 -21"><span class='ocrx_word' id='word_1_267' title='bbox 137 3162 304 3246; x_wconf 88' lang='lat' dir='ltr'><strong>sponsalia</strong></span> <span class='ocrx_word' id='word_1_268' title='bbox 321 3162 521 3227; x_wconf 90' lang='lat' dir='ltr'><strong>dissolvendi</strong></span> <span class='ocrx_word' id='word_1_269' title='bbox 539 3163 654 3228; x_wconf 89' lang='lat' dir='ltr'><strong>adesse</strong></span> <span class='ocrx_word' id='word_1_270' title='bbox 676 3171 795 3248; x_wconf 83' lang='lat' dir='ltr'><strong>pateat,</strong></span> <span class='ocrx_word' id='word_1_271' title='bbox 819 3162 1006 3228; x_wconf 87' lang='lat' dir='ltr'><strong>Themistor</strong></span> <span class='ocrx_word' id='word_1_272' title='bbox 1020 3163 1107 3227; x_wconf 89' lang='lat' dir='ltr'><strong>male</strong></span> <span class='ocrx_word' id='word_1_273' title='bbox 1124 3183 1187 3226; x_wconf 91' lang='lat' dir='ltr'><strong>non</strong></span> <span class='ocrx_word' id='word_1_274' title='bbox 1204 3161 1282 3243; x_wconf 85' lang='lat' dir='ltr'><strong>egit,</strong></span> <span class='ocrx_word' id='word_1_275' title='bbox 1307 3161 1469 3243; x_wconf 87' lang='lat' dir='ltr'><strong>siquidem</strong></span> 
     </span>
     <span class='ocr_line' id='line_1_32' title="bbox 137 3249 1468 3318; baseline -0.002 -2"><span class='ocrx_word' id='word_1_276' title='bbox 137 3252 309 3317; x_wconf 89' lang='lat' dir='ltr'><strong>obstacula</strong></span> <span class='ocrx_word' id='word_1_277' title='bbox 333 3251 461 3316; x_wconf 86' lang='lat' dir='ltr'><strong>obiecta</strong></span> <span class='ocrx_word' id='word_1_278' title='bbox 480 3256 580 3317; x_wconf 88' lang='lat' dir='ltr'><strong>crant</strong></span> <span class='ocrx_word' id='word_1_279' title='bbox 603 3251 735 3317; x_wconf 88' lang='lat' dir='ltr'><strong>iniusta.</strong></span> <span class='ocrx_word' id='word_1_280' title='bbox 783 3252 817 3318; x_wconf 83' lang='lat' dir='ltr'><strong>Si</strong></span> <span class='ocrx_word' id='word_1_281' title='bbox 841 3255 951 3317; x_wconf 92' lang='lat' dir='ltr'><strong>autem</strong></span> <span class='ocrx_word' id='word_1_282' title='bbox 976 3273 1029 3317; x_wconf 88' lang='lat' dir='ltr'><strong>res</strong></span> <span class='ocrx_word' id='word_1_283' title='bbox 1053 3251 1149 3316; x_wconf 89' lang='lat' dir='ltr'><strong>dubia</strong></span> <span class='ocrx_word' id='word_1_284' title='bbox 1176 3254 1304 3316; x_wconf 90' lang='lat' dir='ltr'><strong>manet:</strong></span> <span class='ocrx_word' id='word_1_285' title='bbox 1336 3249 1468 3314; x_wconf 90' lang='lat' dir='ltr'><strong>omnino</strong></span> 
     </span>
     <span class='ocr_line' id='line_1_33' title="bbox 138 3340 1470 3424; baseline -0.002 -19"><span class='ocrx_word' id='word_1_286' title='bbox 138 3362 238 3405; x_wconf 88' lang='lat' dir='ltr'><strong>causa</strong></span> <span class='ocrx_word' id='word_1_287' title='bbox 269 3340 473 3406; x_wconf 87' lang='lat' dir='ltr'><strong>discutienda</strong></span> <span class='ocrx_word' id='word_1_288' title='bbox 496 3342 551 3405; x_wconf 90' lang='lat' dir='ltr'><strong>vel</strong></span> <span class='ocrx_word' id='word_1_289' title='bbox 582 3341 805 3424; x_wconf 89' lang='lat' dir='ltr'><strong>componenda</strong></span> <span class='ocrx_word' id='word_1_290' title='bbox 836 3345 887 3406; x_wconf 89' lang='lat' dir='ltr'><strong>est</strong></span> <span class='ocrx_word' id='word_1_291' title='bbox 916 3342 986 3405; x_wconf 91' lang='lat' dir='ltr'><strong>sive</strong></span> <span class='ocrx_word' id='word_1_292' title='bbox 1016 3341 1123 3406; x_wconf 89' lang='lat' dir='ltr'><strong>amica</strong></span> <span class='ocrx_word' id='word_1_293' title='bbox 1148 3340 1373 3406; x_wconf 87' lang='lat' dir='ltr'><strong>transactione</strong></span> <span class='ocrx_word' id='word_1_294' title='bbox 1397 3340 1470 3404; x_wconf 91' lang='lat' dir='ltr'><strong>sive</strong></span> 
     </span>
     <span class='ocr_line' id='line_1_34' title="bbox 136 3429 1468 3514; baseline 0.001 -21"><span class='ocrx_word' id='word_1_295' title='bbox 136 3429 273 3494; x_wconf 88' lang='lat' dir='ltr'><strong>iuridica</strong></span> <span class='ocrx_word' id='word_1_296' title='bbox 298 3429 461 3495; x_wconf 81' lang='lat' dir='ltr'><strong>Ordinami</strong></span> <span class='ocrx_word' id='word_1_297' title='bbox 485 3431 658 3506; x_wconf 89' lang='lat' dir='ltr'><strong>sententia,</strong></span> <span class='ocrx_word' id='word_1_298' title='bbox 684 3435 861 3512; x_wconf 88' lang='lat' dir='ltr'><strong>antequam</strong></span> <span class='ocrx_word' id='word_1_299' title='bbox 885 3431 1022 3496; x_wconf 90' lang='lat' dir='ltr'><strong>ulterius</strong></span> <span class='ocrx_word' id='word_1_300' title='bbox 1038 3430 1244 3514; x_wconf 86' lang='lat' dir='ltr'><strong>procedatur.</strong></span> <span class='ocrx_word' id='word_1_301' title='bbox 1280 3429 1328 3494; x_wconf 82' lang='lat' dir='ltr'><strong>cf.</strong></span> <span class='ocrx_word' id='word_1_302' title='bbox 1351 3431 1408 3494; x_wconf 79' lang='lat' dir='ltr'><strong>Ta.</strong></span> <span class='ocrx_word' id='word_1_303' title='bbox 1427 3453 1468 3494; x_wconf 83' lang='lat' dir='ltr'><strong>m.</strong></span> 
     </span>
    </p>
   </div>
   <div class='ocr_carea' id='block_1_8' title="bbox 136 3518 278 3596">
    <p class='ocr_par' dir='ltr' id='par_1_8' title="bbox 136 3518 278 3596">
     <span class='ocr_line' id='line_1_35' title="bbox 136 3518 278 3596; baseline 0.007 -13"><span class='ocrx_word' id='word_1_304' title='bbox 136 3518 177 3596; x_wconf 90' lang='lat' dir='ltr'><strong>II,</strong></span> <span class='ocrx_word' id='word_1_305' title='bbox 204 3521 278 3584; x_wconf 84' lang='lat'><strong>672.</strong></span> 
     </span>
    </p>
   </div>
   <div class='ocr_carea' id='block_1_9' title="bbox 74 3642 1468 3996">
    <p class='ocr_par' dir='ltr' id='par_1_9' title="bbox 74 3642 1468 3996">
     <span class='ocr_line' id='line_1_36' title="bbox 74 3642 1468 3727; baseline -0.003 -17"><span class='ocrx_word' id='word_1_306' title='bbox 74 3656 126 3712; x_wconf 82' lang='lat'><strong>863</strong></span> <span class='ocrx_word' id='word_1_307' title='bbox 225 3643 279 3708; x_wconf 84' lang='lat' dir='ltr'><strong>An</strong></span> <span class='ocrx_word' id='word_1_308' title='bbox 303 3663 495 3717; x_wconf 82' lang='lat' dir='ltr'><strong>onaasrruu</strong></span> <span class='ocrx_word' id='word_1_309' title='bbox 519 3645 558 3707; x_wconf 76' lang='lat' dir='ltr'><strong>3m</strong></span> <span class='ocrx_word' id='word_1_310' title='bbox 582 3642 620 3708; x_wconf 86' lang='lat' dir='ltr'><strong>R.</strong></span> <span class='ocrx_word' id='word_1_311' title='bbox 649 3645 676 3708; x_wconf 94' lang='lat'><strong>1.</strong></span> <span class='ocrx_word' id='word_1_312' title='bbox 724 3642 816 3719; x_wconf 82' lang='lat' dir='ltr'><strong>Quod</strong></span> <span class='ocrx_word' id='word_1_313' title='bbox 840 3643 1011 3710; x_wconf 87' lang='lat' dir='ltr'><strong>Servatius</strong></span> <span class='ocrx_word' id='word_1_314' title='bbox 1034 3644 1098 3709; x_wconf 90' lang='lat' dir='ltr'><strong>scit</strong></span> <span class='ocrx_word' id='word_1_315' title='bbox 1122 3643 1162 3708; x_wconf 93' lang='lat' dir='ltr'><strong>de</strong></span> <span class='ocrx_word' id='word_1_316' title='bbox 1185 3642 1346 3727; x_wconf 88' lang='lat' dir='ltr'><strong>prioribus</strong></span> <span class='ocrx_word' id='word_1_317' title='bbox 1367 3664 1468 3726; x_wconf 88' lang='lat' dir='ltr'><strong>spon·</strong></span> 
     </span>
     <span class='ocr_line' id='line_1_37' title="bbox 136 3731 1467 3812; baseline -0.001 -16"><span class='ocrx_word' id='word_1_318' title='bbox 136 3731 270 3808; x_wconf 89' lang='lat' dir='ltr'><strong>salibus,</strong></span> <span class='ocrx_word' id='word_1_319' title='bbox 296 3752 380 3812; x_wconf 91' lang='lat' dir='ltr'><strong>quac</strong></span> <span class='ocrx_word' id='word_1_320' title='bbox 404 3731 474 3796; x_wconf 91' lang='lat' dir='ltr'><strong>sive</strong></span> <span class='ocrx_word' id='word_1_321' title='bbox 497 3731 596 3797; x_wconf 84' lang='lat' dir='ltr'><strong>Anna</strong></span> <span class='ocrx_word' id='word_1_322' title='bbox 625 3733 697 3796; x_wconf 91' lang='lat' dir='ltr'><strong>sive</strong></span> <span class='ocrx_word' id='word_1_323' title='bbox 720 3732 842 3797; x_wconf 88' lang='lat' dir='ltr'><strong>Paulus</strong></span> <span class='ocrx_word' id='word_1_324' title='bbox 873 3733 1032 3809; x_wconf 86' lang='lat' dir='ltr'><strong>inierant,</strong></span> <span class='ocrx_word' id='word_1_325' title='bbox 1063 3733 1186 3799; x_wconf 87' lang='lat' dir='ltr'><strong>sufficit</strong></span> <span class='ocrx_word' id='word_1_326' title='bbox 1216 3738 1252 3798; x_wconf 91' lang='lat' dir='ltr'><strong>ut</strong></span> <span class='ocrx_word' id='word_1_327' title='bbox 1280 3732 1304 3796; x_wconf 93' lang='lat' dir='ltr'><strong>ii</strong></span> <span class='ocrx_word' id='word_1_328' title='bbox 1328 3752 1467 3812; x_wconf 90' lang='lat' dir='ltr'><strong>quorum</strong></span> 
     </span>
     <span class='ocr_line' id='line_1_38' title="bbox 135 3820 1467 3899; baseline 0 -14"><span class='ocrx_word' id='word_1_329' title='bbox 135 3820 275 3888; x_wconf 86' lang='lat' dir='ltr'><strong>interest</strong></span> <span class='ocrx_word' id='word_1_330' title='bbox 298 3821 359 3885; x_wconf 90' lang='lat' dir='ltr'><strong>hoc</strong></span> <span class='ocrx_word' id='word_1_331' title='bbox 383 3821 545 3887; x_wconf 90' lang='lat' dir='ltr'><strong>noverint.</strong></span> <span class='ocrx_word' id='word_1_332' title='bbox 593 3821 700 3898; x_wconf 86' lang='lat' dir='ltr'><strong>Quare</strong></span> <span class='ocrx_word' id='word_1_333' title='bbox 724 3821 752 3884; x_wconf 90' lang='lat' dir='ltr'><strong>si</strong></span> <span class='ocrx_word' id='word_1_334' title='bbox 775 3821 806 3885; x_wconf 95' lang='lat' dir='ltr'><strong>id</strong></span> <span class='ocrx_word' id='word_1_335' title='bbox 831 3822 897 3886; x_wconf 91' lang='lat' dir='ltr'><strong>iam</strong></span> <span class='ocrx_word' id='word_1_336' title='bbox 920 3821 1063 3899; x_wconf 90' lang='lat' dir='ltr'><strong>obtinet,</strong></span> <span class='ocrx_word' id='word_1_337' title='bbox 1095 3823 1266 3888; x_wconf 86' lang='lat' dir='ltr'><strong>Servatius</strong></span> <span class='ocrx_word' id='word_1_338' title='bbox 1290 3820 1378 3886; x_wconf 86' lang='lat' dir='ltr'><strong>circa</strong></span> <span class='ocrx_word' id='word_1_339' title='bbox 1405 3822 1467 3887; x_wconf 94' lang='lat' dir='ltr'><strong>hoc</strong></span> 
     </span>
     <span class='ocr_line' id='line_1_39' title="bbox 136 3909 1466 3996; baseline 0.001 -21"><span class='ocrx_word' id='word_1_340' title='bbox 136 3911 259 3976; x_wconf 88' lang='lat' dir='ltr'><strong>nullam</strong></span> <span class='ocrx_word' id='word_1_341' title='bbox 276 3909 643 3992; x_wconf 78' lang='lat' dir='ltr'><strong>habetobligationen13</strong></span> <span class='ocrx_word' id='word_1_342' title='bbox 669 3910 751 3975; x_wconf 90' lang='lat' dir='ltr'><strong>alias</strong></span> <span class='ocrx_word' id='word_1_343' title='bbox 775 3915 833 3976; x_wconf 89' lang='lat' dir='ltr'><strong>aut</strong></span> <span class='ocrx_word' id='word_1_344' title='bbox 856 3912 929 3977; x_wconf 90' lang='lat' dir='ltr'><strong>illos</strong></span> <span class='ocrx_word' id='word_1_345' title='bbox 950 3912 1039 3995; x_wconf 91' lang='lat' dir='ltr'><strong>ipsos</strong></span> <span class='ocrx_word' id='word_1_346' title='bbox 1055 3916 1113 3977; x_wconf 88' lang='lat' dir='ltr'><strong>aut</strong></span> <span class='ocrx_word' id='word_1_347' title='bbox 1128 3911 1305 3996; x_wconf 90' lang='lat' dir='ltr'><strong>parochum</strong></span> <span class='ocrx_word' id='word_1_348' title='bbox 1321 3916 1466 3976; x_wconf 88' lang='lat' dir='ltr'><strong>moueat.</strong></span> 
     </span>
    </p>
   </div>
   <div class='ocr_carea' id='block_1_10' title="bbox 135 4016 1467 4726">
    <p class='ocr_par' dir='ltr' id='par_1_10' title="bbox 135 4016 1467 4457">
     <span class='ocr_line' id='line_1_40' title="bbox 224 4016 1467 4101; baseline -0.001 -19"><span class='ocrx_word' id='word_1_349' title='bbox 224 4019 263 4082; x_wconf 87' lang='lat' dir='ltr'><strong>R.</strong></span> <span class='ocrx_word' id='word_1_350' title='bbox 290 4020 319 4083; x_wconf 84' lang='lat'><strong>2.</strong></span> <span class='ocrx_word' id='word_1_351' title='bbox 367 4016 458 4093; x_wconf 87' lang='lat' dir='ltr'><strong>Quod</strong></span> <span class='ocrx_word' id='word_1_352' title='bbox 483 4023 593 4083; x_wconf 86' lang='lat' dir='ltr'><strong>autom</strong></span> <span class='ocrx_word' id='word_1_353' title='bbox 618 4017 787 4082; x_wconf 85' lang='lat' dir='ltr'><strong>Servatius</strong></span> <span class='ocrx_word' id='word_1_354' title='bbox 811 4017 873 4083; x_wconf 89' lang='lat' dir='ltr'><strong>scit</strong></span> <span class='ocrx_word' id='word_1_355' title='bbox 897 4019 936 4083; x_wconf 93' lang='lat' dir='ltr'><strong>de</strong></span> <span class='ocrx_word' id='word_1_356' title='bbox 959 4019 1048 4101; x_wconf 91' lang='lat' dir='ltr'><strong>turpi</strong></span> <span class='ocrx_word' id='word_1_357' title='bbox 1072 4018 1252 4095; x_wconf 86' lang='lat' dir='ltr'><strong>consortio,</strong></span> <span class='ocrx_word' id='word_1_358' title='bbox 1277 4017 1467 4099; x_wconf 87' lang='lat' dir='ltr'><strong>gravissimi</strong></span> 
     </span>
     <span class='ocr_line' id='line_1_41' title="bbox 136 4106 1467 4190; baseline 0.001 -19"><span class='ocrx_word' id='word_1_359' title='bbox 136 4106 291 4172; x_wconf 91' lang='lat' dir='ltr'><strong>momenti</strong></span> <span class='ocrx_word' id='word_1_360' title='bbox 315 4110 376 4184; x_wconf 88' lang='lat' dir='ltr'><strong>est,</strong></span> <span class='ocrx_word' id='word_1_361' title='bbox 400 4111 535 4190; x_wconf 88' lang='lat' dir='ltr'><strong>propter</strong></span> <span class='ocrx_word' id='word_1_362' title='bbox 559 4106 644 4188; x_wconf 93' lang='lat' dir='ltr'><strong>quod</strong></span> <span class='ocrx_word' id='word_1_363' title='bbox 668 4107 852 4172; x_wconf 86' lang='lat' dir='ltr'><strong>coniunctio</strong></span> <span class='ocrx_word' id='word_1_364' title='bbox 872 4107 960 4173; x_wconf 87' lang='lat' dir='ltr'><strong>inter</strong></span> <span class='ocrx_word' id='word_1_365' title='bbox 974 4107 1105 4172; x_wconf 84' lang='lat' dir='ltr'><strong>Annam</strong></span> <span class='ocrx_word' id='word_1_366' title='bbox 1122 4112 1156 4173; x_wconf 91' lang='lat' dir='ltr'><strong>et</strong></span> <span class='ocrx_word' id='word_1_367' title='bbox 1172 4108 1310 4172; x_wconf 88' lang='lat' dir='ltr'><strong>Paulum</strong></span> <span class='ocrx_word' id='word_1_368' title='bbox 1334 4107 1467 4172; x_wconf 92' lang='lat' dir='ltr'><strong>omnino</strong></span> 
     </span>
     <span class='ocr_line' id='line_1_42' title="bbox 135 4195 1467 4281; baseline 0.001 -21"><span class='ocrx_word' id='word_1_369' title='bbox 135 4195 284 4279; x_wconf 91' lang='lat' dir='ltr'><strong>impediri</strong></span> <span class='ocrx_word' id='word_1_370' title='bbox 307 4196 435 4273; x_wconf 88' lang='lat' dir='ltr'><strong>debeat,</strong></span> <span class='ocrx_word' id='word_1_371' title='bbox 460 4195 487 4260; x_wconf 91' lang='lat' dir='ltr'><strong>si</strong></span> <span class='ocrx_word' id='word_1_372' title='bbox 511 4195 631 4280; x_wconf 79' lang='lat' dir='ltr'><strong>possit3</strong></span> <span class='ocrx_word' id='word_1_373' title='bbox 663 4201 714 4261; x_wconf 88' lang='lat' dir='ltr'><strong>est</strong></span> <span class='ocrx_word' id='word_1_374' title='bbox 742 4200 852 4261; x_wconf 89' lang='lat' dir='ltr'><strong>autem</strong></span> <span class='ocrx_word' id='word_1_375' title='bbox 876 4197 970 4261; x_wconf 90' lang='lat' dir='ltr'><strong>simul</strong></span> <span class='ocrx_word' id='word_1_376' title='bbox 995 4197 1077 4261; x_wconf 90' lang='lat' dir='ltr'><strong>adeo</strong></span> <span class='ocrx_word' id='word_1_377' title='bbox 1101 4196 1273 4262; x_wconf 88' lang='lat' dir='ltr'><strong>diffamans</strong></span> <span class='ocrx_word' id='word_1_378' title='bbox 1295 4199 1333 4261; x_wconf 91' lang='lat' dir='ltr'><strong>ut</strong></span> <span class='ocrx_word' id='word_1_379' title='bbox 1355 4197 1467 4281; x_wconf 90' lang='lat' dir='ltr'><strong>potius</strong></span> 
     </span>
     <span class='ocr_line' id='line_1_43' title="bbox 135 4284 1467 4368; baseline 0.001 -18"><span class='ocrx_word' id='word_1_380' title='bbox 135 4285 281 4368; x_wconf 87' lang='lat' dir='ltr'><strong>permitti</strong></span> <span class='ocrx_word' id='word_1_381' title='bbox 298 4285 416 4351; x_wconf 86' lang='lat' dir='ltr'><strong>debeat</strong></span> <span class='ocrx_word' id='word_1_382' title='bbox 432 4285 674 4351; x_wconf 89' lang='lat' dir='ltr'><strong>matrimonium</strong></span> <span class='ocrx_word' id='word_1_383' title='bbox 690 4284 906 4351; x_wconf 88' lang='lat' dir='ltr'><strong>materialiter</strong></span> <span class='ocrx_word' id='word_1_384' title='bbox 922 4286 1055 4364; x_wconf 86' lang='lat' dir='ltr'><strong>nullum,</strong></span> <span class='ocrx_word' id='word_1_385' title='bbox 1073 4307 1169 4367; x_wconf 85' lang='lat' dir='ltr'><strong>quam</strong></span> <span class='ocrx_word' id='word_1_386' title='bbox 1183 4290 1220 4351; x_wconf 90' lang='lat' dir='ltr'><strong>ut</strong></span> <span class='ocrx_word' id='word_1_387' title='bbox 1231 4285 1312 4350; x_wconf 89' lang='lat' dir='ltr'><strong>haec</strong></span> <span class='ocrx_word' id='word_1_388' title='bbox 1329 4286 1467 4351; x_wconf 89' lang='lat' dir='ltr'><strong>crimina</strong></span> 
     </span>
     <span class='ocr_line' id='line_1_44' title="bbox 135 4374 544 4457; baseline 0.005 -19"><span class='ocrx_word' id='word_1_389' title='bbox 135 4379 336 4457; x_wconf 84' lang='lat' dir='ltr'><strong>spargantur</strong></span> <span class='ocrx_word' id='word_1_390' title='bbox 358 4374 391 4438; x_wconf 90' lang='lat' dir='ltr'><strong>in</strong></span> <span class='ocrx_word' id='word_1_391' title='bbox 416 4375 544 4457; x_wconf 87' lang='lat' dir='ltr'><strong>vulgus.</strong></span> 
     </span>
    </p>

    <p class='ocr_par' dir='ltr' id='par_1_11' title="bbox 135 4462 1467 4726">
     <span class='ocr_line' id='line_1_45' title="bbox 225 4462 1467 4547; baseline 0.002 -20"><span class='ocrx_word' id='word_1_392' title='bbox 225 4463 357 4529; x_wconf 88' lang='lat' dir='ltr'><strong>Scilicet</strong></span> <span class='ocrx_word' id='word_1_393' title='bbox 373 4485 413 4528; x_wconf 85' lang='lat' dir='ltr'><strong>ex</strong></span> <span class='ocrx_word' id='word_1_394' title='bbox 430 4464 530 4547; x_wconf 89' lang='lat' dir='ltr'><strong>priori</strong></span> <span class='ocrx_word' id='word_1_395' title='bbox 547 4463 603 4528; x_wconf 93' lang='lat' dir='ltr'><strong>illo</strong></span> <span class='ocrx_word' id='word_1_396' title='bbox 620 4462 784 4529; x_wconf 91' lang='lat' dir='ltr'><strong>consortio</strong></span> <span class='ocrx_word' id='word_1_397' title='bbox 801 4463 985 4529; x_wconf 89' lang='lat' dir='ltr'><strong>adulterino</strong></span> <span class='ocrx_word' id='word_1_398' title='bbox 1002 4464 1111 4547; x_wconf 88' lang='lat' dir='ltr'><strong>aliquo</strong></span> <span class='ocrx_word' id='word_1_399' title='bbox 1124 4464 1219 4528; x_wconf 93' lang='lat' dir='ltr'><strong>modo</strong></span> <span class='ocrx_word' id='word_1_400' title='bbox 1231 4463 1402 4546; x_wconf 89' lang='lat' dir='ltr'><strong>probabile</strong></span> <span class='ocrx_word' id='word_1_401' title='bbox 1415 4468 1467 4530; x_wconf 90' lang='lat' dir='ltr'><strong>est</strong></span> 
     </span>
     <span class='ocr_line' id='line_1_46' title="bbox 135 4552 1466 4636; baseline 0.003 -21"><span class='ocrx_word' id='word_1_402' title='bbox 135 4552 272 4617; x_wconf 91' lang='lat' dir='ltr'><strong>Paulum</strong></span> <span class='ocrx_word' id='word_1_403' title='bbox 297 4560 330 4620; x_wconf 87' lang='lat' dir='ltr'><strong>et</strong></span> <span class='ocrx_word' id='word_1_404' title='bbox 353 4554 482 4619; x_wconf 83' lang='lat' dir='ltr'><strong>Annam</strong></span> <span class='ocrx_word' id='word_1_405' title='bbox 507 4574 579 4618; x_wconf 90' lang='lat' dir='ltr'><strong>csse</strong></span> <span class='ocrx_word' id='word_1_406' title='bbox 603 4553 740 4618; x_wconf 89' lang='lat' dir='ltr'><strong>fratrem</strong></span> <span class='ocrx_word' id='word_1_407' title='bbox 765 4558 799 4619; x_wconf 90' lang='lat' dir='ltr'><strong>et</strong></span> <span class='ocrx_word' id='word_1_408' title='bbox 822 4574 966 4617; x_wconf 89' lang='lat' dir='ltr'><strong>sororem</strong></span> <span class='ocrx_word' id='word_1_409' title='bbox 991 4574 1033 4618; x_wconf 82' lang='lat' dir='ltr'><strong>ex</strong></span> <span class='ocrx_word' id='word_1_410' title='bbox 1054 4554 1168 4618; x_wconf 91' lang='lat' dir='ltr'><strong>eodem</strong></span> <span class='ocrx_word' id='word_1_411' title='bbox 1183 4556 1288 4636; x_wconf 88' lang='lat' dir='ltr'><strong>patre,</strong></span> <span class='ocrx_word' id='word_1_412' title='bbox 1314 4554 1466 4636; x_wconf 90' lang='lat' dir='ltr'><strong>quamvis</strong></span> 
     </span>
     <span class='ocr_line' id='line_1_47' title="bbox 135 4640 1465 4726; baseline 0.002 -20"><span class='ocrx_word' id='word_1_413' title='bbox 135 4640 168 4706; x_wconf 91' lang='lat' dir='ltr'><strong>in</strong></span> <span class='ocrx_word' id='word_1_414' title='bbox 198 4643 268 4707; x_wconf 90' lang='lat' dir='ltr'><strong>iure</strong></span> <span class='ocrx_word' id='word_1_415' title='bbox 298 4645 342 4710; x_wconf 89' lang='lat' dir='ltr'><strong>sit</strong></span> <span class='ocrx_word' id='word_1_416' title='bbox 373 4643 539 4710; x_wconf 89' lang='lat' dir='ltr'><strong>contraria</strong></span> <span class='ocrx_word' id='word_1_417' title='bbox 568 4642 801 4726; x_wconf 78' lang='lat' dir='ltr'><strong>praesumptio</strong></span> <span class='ocrx_word' id='word_1_418' title='bbox 848 4642 893 4707; x_wconf 85' lang='lat' dir='ltr'><strong>Et</strong></span> <span class='ocrx_word' id='word_1_419' title='bbox 920 4642 1089 4724; x_wconf 89' lang='lat' dir='ltr'><strong>quoniam,</strong></span> <span class='ocrx_word' id='word_1_420' title='bbox 1121 4643 1149 4706; x_wconf 91' lang='lat' dir='ltr'><strong>si</strong></span> <span class='ocrx_word' id='word_1_421' title='bbox 1178 4642 1244 4709; x_wconf 91' lang='lat' dir='ltr'><strong>ista</strong></span> <span class='ocrx_word' id='word_1_422' title='bbox 1268 4663 1350 4709; x_wconf 92' lang='lat' dir='ltr'><strong>vera</strong></span> <span class='ocrx_word' id='word_1_423' title='bbox 1378 4648 1465 4720; x_wconf 90' lang='lat' dir='ltr'><strong>sunt,</strong></span> 
     </span>
    </p>
   </div>
   <div class='ocr_carea' id='block_1_11' title="bbox 0 0 1526 5174">
    <p class='ocr_par' dir='ltr' id='par_1_12' title="bbox 0 0 1526 5174">
     <span class='ocr_line' id='line_1_48' title="bbox 0 0 1526 5174; baseline 0 2"><span class='ocrx_word' id='word_1_424' title='bbox 0 0 1526 5174; x_wconf 95' lang='lat' dir='ltr'><strong> </strong></span> 
     </span>
    </p>
   </div>
  </div>
 </body>
</html>
