<?xml version="1.0" encoding="UTF-8"?>
<!DOCTYPE html PUBLIC "-//W3C//DTD XHTML 1.0 Transitional//EN"
    "http://www.w3.org/TR/xhtml1/DTD/xhtml1-transitional.dtd">
<html xmlns="http://www.w3.org/1999/xhtml" xml:lang="en" lang="en">
 <head>
  <title>
</title>
<meta http-equiv="Content-Type" content="text/html;charset=utf-8" />
  <meta name='ocr-system' content='tesseract 3.04.00' />
  <meta name='ocr-capabilities' content='ocr_page ocr_carea ocr_par ocr_line ocrx_word'/>
</head>
<body>
  <div class='ocr_page' id='page_1' title='image "./casusconscienti00lehmgoog_0236.png"; bbox 0 0 3044 5174; ppageno 0'>
   <div class='ocr_carea' id='block_1_1' title="bbox 139 290 1010 359">
    <p class='ocr_par' dir='ltr' id='par_1_1' title="bbox 139 290 1010 359">
     <span class='ocr_line' id='line_1_1' title="bbox 139 290 1010 359; baseline -0.013 -4"><span class='ocrx_word' id='word_1_1' title='bbox 139 290 206 357; x_wconf 83' lang='lat'>214</span> <span class='ocrx_word' id='word_1_2' title='bbox 595 290 800 344; x_wconf 75' lang='lat' dir='ltr'><strong>Sacramentum</strong></span> <span class='ocrx_word' id='word_1_3' title='bbox 819 290 1010 359; x_wconf 83' lang='lat' dir='ltr'>paenitentiae.</span> 
     </span>
    </p>
   </div>
   <div class='ocr_carea' id='block_1_2' title="bbox 136 462 1474 1173">
    <p class='ocr_par' dir='ltr' id='par_1_2' title="bbox 136 462 1474 1173">
     <span class='ocr_line' id='line_1_2' title="bbox 136 462 1472 550; baseline 0.004 -21"><span class='ocrx_word' id='word_1_4' title='bbox 136 464 240 546; x_wconf 90' lang='lat' dir='ltr'>gatio,</span> <span class='ocrx_word' id='word_1_5' title='bbox 262 467 413 530; x_wconf 83' lang='lat' dir='ltr'><strong>cessante</strong></span> <span class='ocrx_word' id='word_1_6' title='bbox 428 462 670 548; x_wconf 84' lang='lat' dir='ltr'>impedimenta,</span> <span class='ocrx_word' id='word_1_7' title='bbox 691 465 765 531; x_wconf 90' lang='lat' dir='ltr'>ideo</span> <span class='ocrx_word' id='word_1_8' title='bbox 781 465 833 531; x_wconf 90' lang='lat' dir='ltr'>hic</span> <span class='ocrx_word' id='word_1_9' title='bbox 849 466 972 545; x_wconf 90' lang='lat' dir='ltr'>statim,</span> <span class='ocrx_word' id='word_1_10' title='bbox 990 466 1165 533; x_wconf 88' lang='lat' dir='ltr'>confitendi</span> <span class='ocrx_word' id='word_1_11' title='bbox 1180 471 1318 550; x_wconf 89' lang='lat' dir='ltr'>peccata</span> <span class='ocrx_word' id='word_1_12' title='bbox 1334 467 1472 547; x_wconf 87' lang='lat' dir='ltr'>omissa,</span> 
     </span>
     <span class='ocr_line' id='line_1_3' title="bbox 140 553 1471 637; baseline 0.004 -19"><span class='ocrx_word' id='word_1_13' title='bbox 140 557 319 635; x_wconf 73' lang='lat' dir='ltr'>antequam</span> <span class='ocrx_word' id='word_1_14' title='bbox 342 553 457 631; x_wconf 89' lang='lat' dir='ltr'>denuo,</span> <span class='ocrx_word' id='word_1_15' title='bbox 482 575 514 619; x_wconf 78' lang='lat' dir='ltr'>v„</span> <span class='ocrx_word' id='word_1_16' title='bbox 539 574 571 634; x_wconf 85' lang='lat' dir='ltr'>g.</span> <span class='ocrx_word' id='word_1_17' title='bbox 596 554 744 636; x_wconf 81' lang='lat' dir='ltr'>sequenti</span> <span class='ocrx_word' id='word_1_18' title='bbox 769 555 831 633; x_wconf 93' lang='lat' dir='ltr'>die,</span> <span class='ocrx_word' id='word_1_19' title='bbox 856 556 1009 622; x_wconf 90' lang='lat' dir='ltr'>celebret.</span> <span class='ocrx_word' id='word_1_20' title='bbox 1049 556 1151 637; x_wconf 83' lang='lat' dir='ltr'>(Idem</span> <span class='ocrx_word' id='word_1_21' title='bbox 1177 556 1228 623; x_wconf 89' lang='lat' dir='ltr'>dic</span> <span class='ocrx_word' id='word_1_22' title='bbox 1253 557 1471 637; x_wconf 66' lang='lat' dir='ltr'>deliciosi</span> 
     </span>
     <span class='ocr_line' id='line_1_4' title="bbox 138 641 1471 746; baseline 0.008 -42"><span class='ocrx_word' id='word_1_23' title='bbox 138 642 281 707; x_wconf 88' lang='lat' dir='ltr'>voluerit</span> <span class='ocrx_word' id='word_1_24' title='bbox 303 641 424 707; x_wconf 90' lang='lat' dir='ltr'>iterato</span> <span class='ocrx_word' id='word_1_25' title='bbox 448 663 577 707; x_wconf 90' lang='lat' dir='ltr'>sumere</span> <span class='ocrx_word' id='word_1_26' title='bbox 601 664 728 708; x_wconf 88' lang='lat' dir='ltr'>sacram</span> <span class='ocrx_word' id='word_1_27' title='bbox 752 644 1047 746; x_wconf 81' lang='lat' dir='ltr'>communionem)</span> <span class='ocrx_word' id='word_1_28' title='bbox 1074 644 1166 722; x_wconf 89' lang='lat' dir='ltr'>Quod</span> <span class='ocrx_word' id='word_1_29' title='bbox 1189 645 1242 710; x_wconf 91' lang='lat' dir='ltr'>hic</span> <span class='ocrx_word' id='word_1_30' title='bbox 1266 666 1387 712; x_wconf 88' lang='lat' dir='ltr'>censeo</span> <span class='ocrx_word' id='word_1_31' title='bbox 1410 647 1471 714; x_wconf 87' lang='lat' dir='ltr'>ad·</span> 
     </span>
     <span class='ocr_line' id='line_1_5' title="bbox 138 730 1470 816; baseline 0.004 -21"><span class='ocrx_word' id='word_1_32' title='bbox 138 730 226 796; x_wconf 90' lang='lat' dir='ltr'>mitti</span> <span class='ocrx_word' id='word_1_33' title='bbox 250 752 315 797; x_wconf 93' lang='lat' dir='ltr'>non</span> <span class='ocrx_word' id='word_1_34' title='bbox 339 752 445 814; x_wconf 92' lang='lat' dir='ltr'>posse</span> <span class='ocrx_word' id='word_1_35' title='bbox 493 731 582 798; x_wconf 87' lang='lat' dir='ltr'>Sent</span> <span class='ocrx_word' id='word_1_36' title='bbox 558 735 605 798; x_wconf 90' lang='grc' dir='ltr'>ιιο</span> <span class='ocrx_word' id='word_1_37' title='bbox 630 732 760 798; x_wconf 91' lang='lat' dir='ltr'>omnino</span> <span class='ocrx_word' id='word_1_38' title='bbox 791 732 909 798; x_wconf 90' lang='lat' dir='ltr'>debere</span> <span class='ocrx_word' id='word_1_39' title='bbox 939 733 1047 799; x_wconf 88' lang='lat' dir='ltr'>fieri</span> <span class='ocrx_word' id='word_1_40' title='bbox 1038 755 1071 797; x_wconf 82' lang='lat' dir='ltr'>in</span> <span class='ocrx_word' id='word_1_41' title='bbox 1073 737 1203 816; x_wconf 78' lang='lat' dir='ltr'>tegnam</span> <span class='ocrx_word' id='word_1_42' title='bbox 1226 734 1470 802; x_wconf 83' lang='lat' dir='ltr'>confessionem</span> 
     </span>
     <span class='ocr_line' id='line_1_6' title="bbox 138 819 1471 911; baseline 0.005 -28"><span class='ocrx_word' id='word_1_43' title='bbox 138 819 258 887; x_wconf 87' lang='lat' dir='ltr'>hoctit</span> <span class='ocrx_word' id='word_1_44' title='bbox 216 820 322 900; x_wconf 87' lang='lat' dir='ltr'>ttulo,</span> <span class='ocrx_word' id='word_1_45' title='bbox 348 820 432 902; x_wconf 92' lang='lat' dir='ltr'>quod</span> <span class='ocrx_word' id='word_1_46' title='bbox 449 841 626 901; x_wconf 85' lang='lat' dir='ltr'>numquam</span> <span class='ocrx_word' id='word_1_47' title='bbox 642 822 824 904; x_wconf 87' lang='lat' dir='ltr'>praemissa</span> <span class='ocrx_word' id='word_1_48' title='bbox 839 828 891 889; x_wconf 87' lang='lat' dir='ltr'>est</span> <span class='ocrx_word' id='word_1_49' title='bbox 916 821 1077 888; x_wconf 90' lang='lat' dir='ltr'>confessio</span> <span class='ocrx_word' id='word_1_50' title='bbox 1099 828 1309 907; x_wconf 89' lang='lat' dir='ltr'>peccatorum</span> <span class='ocrx_word' id='word_1_51' title='bbox 1333 847 1471 911; x_wconf 77' lang='lat' dir='ltr'>quoram</span> 
     </span>
     <span class='ocr_line' id='line_1_7' title="bbox 138 910 1474 1013; baseline 0.005 -40"><span class='ocrx_word' id='word_1_52' title='bbox 138 910 316 975; x_wconf 77' lang='lat' dir='ltr'>labebatur</span> <span class='ocrx_word' id='word_1_53' title='bbox 338 913 537 977; x_wconf 71' lang='lat' dir='ltr'>cmzecicntin.</span> <span class='ocrx_word' id='word_1_54' title='bbox 586 910 648 975; x_wconf 87' lang='lat' dir='ltr'>Sed</span> <span class='ocrx_word' id='word_1_55' title='bbox 671 911 756 975; x_wconf 89' lang='lat' dir='ltr'>banc</span> <span class='ocrx_word' id='word_1_56' title='bbox 778 911 993 1013; x_wconf 88' lang='lat' dir='ltr'>praemissam</span> <span class='ocrx_word' id='word_1_57' title='bbox 1017 933 1105 990; x_wconf 91' lang='lat' dir='ltr'>esse,</span> <span class='ocrx_word' id='word_1_58' title='bbox 1130 918 1182 979; x_wconf 92' lang='lat' dir='ltr'>est</span> <span class='ocrx_word' id='word_1_59' title='bbox 1167 912 1276 979; x_wconf 90' lang='lat' dir='ltr'>tsola</span> <span class='ocrx_word' id='word_1_60' title='bbox 1299 913 1388 980; x_wconf 89' lang='lat' dir='ltr'>ratio</span> <span class='ocrx_word' id='word_1_61' title='bbox 1412 936 1474 980; x_wconf 90' lang='lat' dir='ltr'>cur</span> 
     </span>
     <span class='ocr_line' id='line_1_8' title="bbox 138 997 1472 1085; baseline 0.005 -23"><span class='ocrx_word' id='word_1_62' title='bbox 138 997 172 1063; x_wconf 92' lang='lat' dir='ltr'>in</span> <span class='ocrx_word' id='word_1_63' title='bbox 206 1020 284 1064; x_wconf 90' lang='lat' dir='ltr'>casu</span> <span class='ocrx_word' id='word_1_64' title='bbox 306 999 434 1082; x_wconf 87' lang='lat' dir='ltr'>peccati</span> <span class='ocrx_word' id='word_1_65' title='bbox 468 1020 509 1064; x_wconf 86' lang='lat' dir='ltr'>ex</span> <span class='ocrx_word' id='word_1_66' title='bbox 534 999 696 1065; x_wconf 89' lang='lat' dir='ltr'>oblivione</span> <span class='ocrx_word' id='word_1_67' title='bbox 727 1000 837 1065; x_wconf 86' lang='lat' dir='ltr'>omissi</span> <span class='ocrx_word' id='word_1_68' title='bbox 870 1001 1043 1085; x_wconf 88' lang='lat' dir='ltr'>completio</span> <span class='ocrx_word' id='word_1_69' title='bbox 1074 1000 1289 1068; x_wconf 89' lang='lat' dir='ltr'>confessionis</span> <span class='ocrx_word' id='word_1_70' title='bbox 1321 1024 1389 1068; x_wconf 91' lang='lat' dir='ltr'>uon</span> <span class='ocrx_word' id='word_1_71' title='bbox 1412 1024 1472 1069; x_wconf 91' lang='lat' dir='ltr'>ne-</span> 
     </span>
     <span class='ocr_line' id='line_1_9' title="bbox 139 1088 1179 1173; baseline 0.006 -22"><span class='ocrx_word' id='word_1_72' title='bbox 139 1088 281 1153; x_wconf 87' lang='lat' dir='ltr'>cessario</span> <span class='ocrx_word' id='word_1_73' title='bbox 305 1092 382 1154; x_wconf 88' lang='lat' dir='ltr'>ante</span> <span class='ocrx_word' id='word_1_74' title='bbox 406 1088 624 1172; x_wconf 84' lang='lat' dir='ltr'>sumptionem</span> <span class='ocrx_word' id='word_1_75' title='bbox 648 1111 674 1156; x_wconf 93' lang='lat' dir='ltr'>s.</span> <span class='ocrx_word' id='word_1_76' title='bbox 699 1089 917 1156; x_wconf 88' lang='lat' dir='ltr'>eucharistiae</span> <span class='ocrx_word' id='word_1_77' title='bbox 941 1090 1103 1173; x_wconf 86' lang='lat' dir='ltr'>exigenda</span> <span class='ocrx_word' id='word_1_78' title='bbox 1125 1092 1179 1157; x_wconf 89' lang='lat' dir='ltr'>sit.</span> 
     </span>
    </p>
   </div>
   <div class='ocr_carea' id='block_1_3' title="bbox 260 1295 1349 1489">
    <p class='ocr_par' dir='ltr' id='par_1_3' title="bbox 260 1295 1349 1489">
     <span class='ocr_line' id='line_1_10' title="bbox 260 1295 1349 1365; baseline 0.004 -4"><span class='ocrx_word' id='word_1_79' title='bbox 260 1295 383 1362; x_wconf 75' lang='lat' dir='ltr'>FAMA</span> <span class='ocrx_word' id='word_1_80' title='bbox 413 1296 635 1364; x_wconf 83' lang='lat' dir='ltr'>COMPLICIS</span> <span class='ocrx_word' id='word_1_81' title='bbox 665 1296 926 1364; x_wconf 78' lang='lat' dir='ltr'>EXGUSETNE</span> <span class='ocrx_word' id='word_1_82' title='bbox 956 1297 1015 1363; x_wconf 88' lang='lat' dir='ltr'>AB</span> <span class='ocrx_word' id='word_1_83' title='bbox 1045 1298 1349 1365; x_wconf 81' lang='lat' dir='ltr'><strong>INTEGRITATE</strong></span> 
     </span>
     <span class='ocr_line' id='line_1_11' title="bbox 642 1421 962 1489; baseline 0.006 -2"><span class='ocrx_word' id='word_1_84' title='bbox 642 1421 962 1489; x_wconf 83' lang='lat' dir='ltr'>CONFESSIONIS.</span> 
     </span>
    </p>
   </div>
   <div class='ocr_carea' id='block_1_4' title="bbox 699 1586 906 1663">
    <p class='ocr_par' dir='ltr' id='par_1_4' title="bbox 699 1586 906 1663">
     <span class='ocr_line' id='line_1_12' title="bbox 699 1586 906 1663; baseline -0.019 -11"><span class='ocrx_word' id='word_1_85' title='bbox 699 1586 810 1653; x_wconf 78' lang='lat' dir='ltr'>Casus.</span> <span class='ocrx_word' id='word_1_86' title='bbox 829 1594 906 1663; x_wconf 85' lang='lat'>(107)</span> 
     </span>
    </p>
   </div>
   <div class='ocr_carea' id='block_1_5' title="bbox 79 1727 1468 2109">
    <p class='ocr_par' dir='ltr' id='par_1_5' title="bbox 79 1727 1468 2109">
     <span class='ocr_line' id='line_1_13' title="bbox 229 1727 1468 1805; baseline 0.002 -18"><span class='ocrx_word' id='word_1_87' title='bbox 229 1727 318 1787; x_wconf 81' lang='lat' dir='ltr'>Caius</span> <span class='ocrx_word' id='word_1_88' title='bbox 339 1728 486 1804; x_wconf 83' lang='lat' dir='ltr'>parochus</span> <span class='ocrx_word' id='word_1_89' title='bbox 508 1747 573 1786; x_wconf 90' lang='lat' dir='ltr'>cnm</span> <span class='ocrx_word' id='word_1_90' title='bbox 595 1728 705 1787; x_wconf 89' lang='lat' dir='ltr'>ancilla</span> <span class='ocrx_word' id='word_1_91' title='bbox 726 1728 919 1805; x_wconf 82' lang='lat' dir='ltr'>peccavit3u</span> <span class='ocrx_word' id='word_1_92' title='bbox 921 1728 1009 1804; x_wconf 89' lang='lat' dir='ltr'>tigit</span> <span class='ocrx_word' id='word_1_93' title='bbox 1011 1748 1045 1787; x_wconf 90' lang='lat' dir='ltr'>ur</span> <span class='ocrx_word' id='word_1_94' title='bbox 1065 1747 1099 1787; x_wconf 90' lang='lat' dir='ltr'>se</span> <span class='ocrx_word' id='word_1_95' title='bbox 1120 1747 1186 1788; x_wconf 88' lang='lat' dir='ltr'>cum</span> <span class='ocrx_word' id='word_1_96' title='bbox 1199 1729 1264 1789; x_wconf 90' lang='lat' dir='ltr'>Dec</span> <span class='ocrx_word' id='word_1_97' title='bbox 1281 1729 1468 1802; x_wconf 82' lang='lat' dir='ltr'>reconciliet,</span> 
     </span>
     <span class='ocr_line' id='line_1_14' title="bbox 135 1807 1467 1885; baseline 0.002 -18"><span class='ocrx_word' id='word_1_98' title='bbox 135 1810 216 1868; x_wconf 85' lang='lat' dir='ltr'>fatet</span> <span class='ocrx_word' id='word_1_99' title='bbox 172 1813 251 1867; x_wconf 91' lang='lat' dir='ltr'>ttur</span> <span class='ocrx_word' id='word_1_100' title='bbox 272 1807 387 1883; x_wconf 90' lang='lat' dir='ltr'>quidem</span> <span class='ocrx_word' id='word_1_101' title='bbox 409 1813 514 1884; x_wconf 86' lang='lat' dir='ltr'>peccat</span> <span class='ocrx_word' id='word_1_102' title='bbox 516 1827 564 1866; x_wconf 93' lang='lat' dir='ltr'>um</span> <span class='ocrx_word' id='word_1_103' title='bbox 584 1807 739 1879; x_wconf 85' lang='lat' dir='ltr'>luxuriae,</span> <span class='ocrx_word' id='word_1_104' title='bbox 761 1808 880 1867; x_wconf 87' lang='lat' dir='ltr'>sed&#39;t</span> <span class='ocrx_word' id='word_1_105' title='bbox 835 1829 866 1867; x_wconf 90' lang='grc' dir='ltr'>ιιι</span> <span class='ocrx_word' id='word_1_106' title='bbox 868 1815 1037 1884; x_wconf 89' lang='lat' dir='ltr'>terrogatus</span> <span class='ocrx_word' id='word_1_107' title='bbox 1059 1828 1128 1867; x_wconf 92' lang='lat' dir='ltr'>num</span> <span class='ocrx_word' id='word_1_108' title='bbox 1150 1828 1216 1868; x_wconf 91' lang='lat' dir='ltr'>cum</span> <span class='ocrx_word' id='word_1_109' title='bbox 1237 1829 1369 1885; x_wconf 88' lang='lat' dir='ltr'>persona</span> <span class='ocrx_word' id='word_1_110' title='bbox 1390 1810 1467 1870; x_wconf 91' lang='lat' dir='ltr'>domi</span> 
     </span>
     <span class='ocr_line' id='line_1_15' title="bbox 136 1854 1467 1963; baseline 0.001 -16"><span class='ocrx_word' id='word_1_111' title='bbox 136 1888 313 1960; x_wconf 79' lang='lat' dir='ltr'>exsistente,</span> <span class='ocrx_word' id='word_1_112' title='bbox 334 1888 365 1946; x_wconf 91' lang='lat' dir='ltr'>id</span> <span class='ocrx_word' id='word_1_113' title='bbox 386 1894 493 1963; x_wconf 91' lang='lat' dir='ltr'>negat,</span> <span class='ocrx_word' id='word_1_114' title='bbox 515 1908 551 1946; x_wconf 91' lang='lat' dir='ltr'>ne</span> <span class='ocrx_word' id='word_1_115' title='bbox 573 1888 682 1946; x_wconf 84' lang='lat' dir='ltr'>famam</span> <span class='ocrx_word' id='word_1_116' title='bbox 704 1854 829 1947; x_wconf 86' lang='lat' dir='ltr'>aricillae</span> <span class='ocrx_word' id='word_1_117' title='bbox 851 1888 1034 1948; x_wconf 85' lang='lat' dir='ltr'>confessario</span> <span class='ocrx_word' id='word_1_118' title='bbox 1056 1893 1145 1948; x_wconf 90' lang='lat' dir='ltr'>notae</span> <span class='ocrx_word' id='word_1_119' title='bbox 1166 1888 1282 1959; x_wconf 90' lang='lat' dir='ltr'>laedat,</span> <span class='ocrx_word' id='word_1_120' title='bbox 1305 1896 1408 1961; x_wconf 89' lang='lat' dir='ltr'>ratus,</span> <span class='ocrx_word' id='word_1_121' title='bbox 1430 1910 1467 1950; x_wconf 86' lang='lat' dir='ltr'>ex</span> 
     </span>
     <span class='ocr_line' id='line_1_16' title="bbox 79 1968 1467 2046; baseline 0.002 -19"><span class='ocrx_word' id='word_1_122' title='bbox 79 2004 85 2019; x_wconf 71' lang='grc'><strong>«</strong></span> <span class='ocrx_word' id='word_1_123' title='bbox 139 1968 286 2045; x_wconf 85' lang='lat' dir='ltr'>probabili</span> <span class='ocrx_word' id='word_1_124' title='bbox 307 1969 475 2040; x_wconf 89' lang='lat' dir='ltr'>sententia,</span> <span class='ocrx_word' id='word_1_125' title='bbox 504 1987 570 2027; x_wconf 90' lang='lat' dir='ltr'>oum</span> <span class='ocrx_word' id='word_1_126' title='bbox 591 1968 671 2026; x_wconf 85' lang='lat' dir='ltr'>fama</span> <span class='ocrx_word' id='word_1_127' title='bbox 692 1969 845 2046; x_wconf 86' lang='lat' dir='ltr'>complicis</span> <span class='ocrx_word' id='word_1_128' title='bbox 868 1970 1016 2028; x_wconf 83' lang='lat' dir='ltr'>servanda</span> <span class='ocrx_word' id='word_1_129' title='bbox 1040 1968 1097 2041; x_wconf 90' lang='lat' dir='ltr'>sit,</span> <span class='ocrx_word' id='word_1_130' title='bbox 1127 1988 1160 2027; x_wconf 89' lang='lat' dir='ltr'>sc</span> <span class='ocrx_word' id='word_1_131' title='bbox 1184 1969 1249 2029; x_wconf 87' lang='lat' dir='ltr'>iure</span> <span class='ocrx_word' id='word_1_132' title='bbox 1272 1989 1327 2037; x_wconf 84' lang='lat' dir='ltr'>suo</span> <span class='ocrx_word' id='word_1_133' title='bbox 1351 1970 1467 2030; x_wconf 88' lang='lat' dir='ltr'>restric-</span> 
     </span>
     <span class='ocr_line' id='line_1_17' title="bbox 137 2049 292 2109; baseline 0 0"><span class='ocrx_word' id='word_1_134' title='bbox 137 2050 219 2109; x_wconf 83' lang='lat' dir='ltr'>tione</span> <span class='ocrx_word' id='word_1_135' title='bbox 240 2049 292 2109; x_wconf 90' lang='lat' dir='ltr'>uti.</span> 
     </span>
    </p>
   </div>
   <div class='ocr_carea' id='block_1_6' title="bbox 138 2137 1465 2453">
    <p class='ocr_par' dir='ltr' id='par_1_6' title="bbox 138 2137 1465 2453">
     <span class='ocr_line' id='line_1_18' title="bbox 229 2137 1465 2215; baseline 0.002 -19"><span class='ocrx_word' id='word_1_136' title='bbox 229 2138 325 2197; x_wconf 86' lang='lat' dir='ltr'>Titius</span> <span class='ocrx_word' id='word_1_137' title='bbox 346 2137 392 2195; x_wconf 89' lang='lat' dir='ltr'>vir</span> <span class='ocrx_word' id='word_1_138' title='bbox 412 2137 520 2196; x_wconf 91' lang='lat' dir='ltr'>nobilis</span> <span class='ocrx_word' id='word_1_139' title='bbox 542 2156 607 2196; x_wconf 90' lang='lat' dir='ltr'>cum</span> <span class='ocrx_word' id='word_1_140' title='bbox 629 2143 717 2214; x_wconf 87' lang='lat' dir='ltr'>nepte</span> <span class='ocrx_word' id='word_1_141' title='bbox 738 2137 875 2215; x_wconf 81' lang='lat' dir='ltr'>peccavit</span> <span class='ocrx_word' id='word_1_142' title='bbox 904 2158 978 2213; x_wconf 90' lang='lat' dir='ltr'>quae</span> <span class='ocrx_word' id='word_1_143' title='bbox 1009 2138 1066 2197; x_wconf 87' lang='lat' dir='ltr'>sibi</span> <span class='ocrx_word' id='word_1_144' title='bbox 1087 2157 1136 2197; x_wconf 90' lang='lat' dir='ltr'>res</span> <span class='ocrx_word' id='word_1_145' title='bbox 1166 2137 1345 2198; x_wconf 83' lang='lat' dir='ltr'>domesticae</span> <span class='ocrx_word' id='word_1_146' title='bbox 1368 2145 1465 2211; x_wconf 80' lang='lat' dir='ltr'>curat3</span> 
     </span>
     <span class='ocr_line' id='line_1_19' title="bbox 138 2217 1465 2295; baseline 0.002 -18"><span class='ocrx_word' id='word_1_147' title='bbox 138 2238 205 2277; x_wconf 91' lang='lat' dir='ltr'>cum</span> <span class='ocrx_word' id='word_1_148' title='bbox 226 2223 351 2295; x_wconf 89' lang='lat' dir='ltr'>peccata</span> <span class='ocrx_word' id='word_1_149' title='bbox 371 2218 423 2276; x_wconf 92' lang='lat' dir='ltr'>illa</span> <span class='ocrx_word' id='word_1_150' title='bbox 445 2217 597 2276; x_wconf 87' lang='lat' dir='ltr'>declarare</span> <span class='ocrx_word' id='word_1_151' title='bbox 618 2224 747 2294; x_wconf 89' lang='lat' dir='ltr'>nequeat</span> <span class='ocrx_word' id='word_1_152' title='bbox 767 2218 836 2294; x_wconf 90' lang='lat' dir='ltr'>quin</span> <span class='ocrx_word' id='word_1_153' title='bbox 857 2222 939 2295; x_wconf 85' lang='lat' dir='ltr'>nepti</span> <span class='ocrx_word' id='word_1_154' title='bbox 953 2218 1104 2276; x_wconf 87' lang='lat' dir='ltr'>infamiam</span> <span class='ocrx_word' id='word_1_155' title='bbox 1119 2222 1208 2287; x_wconf 90' lang='lat' dir='ltr'>creet,</span> <span class='ocrx_word' id='word_1_156' title='bbox 1231 2218 1262 2276; x_wconf 93' lang='lat' dir='ltr'>in</span> <span class='ocrx_word' id='word_1_157' title='bbox 1277 2220 1465 2280; x_wconf 87' lang='lat' dir='ltr'>confessione</span> 
     </span>
     <span class='ocr_line' id='line_1_20' title="bbox 139 2297 1464 2375; baseline 0.002 -19"><span class='ocrx_word' id='word_1_158' title='bbox 139 2318 239 2357; x_wconf 89' lang='lat' dir='ltr'>annua</span> <span class='ocrx_word' id='word_1_159' title='bbox 260 2305 341 2357; x_wconf 88' lang='lat' dir='ltr'>tacet</span> <span class='ocrx_word' id='word_1_160' title='bbox 361 2298 396 2356; x_wconf 90' lang='lat' dir='ltr'>de</span> <span class='ocrx_word' id='word_1_161' title='bbox 417 2297 493 2367; x_wconf 86' lang='lat' dir='ltr'>illis,</span> <span class='ocrx_word' id='word_1_162' title='bbox 522 2299 600 2356; x_wconf 90' lang='lat' dir='ltr'>sicut</span> <span class='ocrx_word' id='word_1_163' title='bbox 627 2298 716 2357; x_wconf 86' lang='lat' dir='ltr'>etiam</span> <span class='ocrx_word' id='word_1_164' title='bbox 744 2299 780 2357; x_wconf 90' lang='lat' dir='ltr'>de</span> <span class='ocrx_word' id='word_1_165' title='bbox 809 2299 894 2373; x_wconf 79' lang='lat' dir='ltr'>gravi</span> <span class='ocrx_word' id='word_1_166' title='bbox 921 2297 1112 2375; x_wconf 88' lang='lat' dir='ltr'>percussione</span> <span class='ocrx_word' id='word_1_167' title='bbox 1140 2297 1252 2358; x_wconf 88' lang='lat' dir='ltr'>sororis</span> <span class='ocrx_word' id='word_1_168' title='bbox 1279 2319 1320 2358; x_wconf 83' lang='lat' dir='ltr'>ex</span> <span class='ocrx_word' id='word_1_169' title='bbox 1347 2300 1464 2360; x_wconf 88' lang='lat' dir='ltr'>crimine</span> 
     </span>
     <span class='ocr_line' id='line_1_21' title="bbox 139 2378 841 2453; baseline 0.004 -18"><span class='ocrx_word' id='word_1_170' title='bbox 139 2379 291 2453; x_wconf 82' lang='lat' dir='ltr'>gravidae,</span> <span class='ocrx_word' id='word_1_171' title='bbox 313 2397 350 2436; x_wconf 86' lang='lat' dir='ltr'>ex</span> <span class='ocrx_word' id='word_1_172' title='bbox 372 2398 429 2453; x_wconf 89' lang='lat' dir='ltr'>qua</span> <span class='ocrx_word' id='word_1_173' title='bbox 451 2380 572 2437; x_wconf 89' lang='lat' dir='ltr'>abortus</span> <span class='ocrx_word' id='word_1_174' title='bbox 594 2378 692 2437; x_wconf 85' lang='lat' dir='ltr'>fuerat</span> <span class='ocrx_word' id='word_1_175' title='bbox 712 2385 841 2438; x_wconf 88' lang='lat' dir='ltr'>secutus.</span> 
     </span>
    </p>
   </div>
   <div class='ocr_carea' id='block_1_7' title="bbox 138 2501 1461 2594">
    <p class='ocr_par' dir='ltr' id='par_1_7' title="bbox 138 2501 1461 2594">
     <span class='ocr_line' id='line_1_22' title="bbox 138 2501 1461 2594; baseline 0.002 -33"><span class='ocrx_word' id='word_1_176' title='bbox 138 2503 318 2572; x_wconf 76' lang='lat' dir='ltr'>Quaenrrcn</span> <span class='ocrx_word' id='word_1_177' title='bbox 340 2504 368 2560; x_wconf 89' lang='grc' dir='ltr'>1ο</span> <span class='ocrx_word' id='word_1_178' title='bbox 390 2502 467 2560; x_wconf 88' lang='lat' dir='ltr'>sitne</span> <span class='ocrx_word' id='word_1_179' title='bbox 489 2501 535 2560; x_wconf 90' lang='lat' dir='ltr'>ius</span> <span class='ocrx_word' id='word_1_180' title='bbox 556 2502 603 2560; x_wconf 88' lang='lat' dir='ltr'>vel</span> <span class='ocrx_word' id='word_1_181' title='bbox 626 2502 748 2577; x_wconf 88' lang='lat' dir='ltr'>obligat</span> <span class='ocrx_word' id='word_1_182' title='bbox 742 2523 768 2561; x_wconf 89' lang='grc' dir='ltr'>ιο</span> <span class='ocrx_word' id='word_1_183' title='bbox 727 2502 939 2561; x_wconf 90' lang='lat' dir='ltr'>ttacendi</span> <span class='ocrx_word' id='word_1_184' title='bbox 930 2522 961 2594; x_wconf 78' lang='grc' dir='ltr'>ιιι</span> <span class='ocrx_word' id='word_1_185' title='bbox 976 2502 1163 2562; x_wconf 87' lang='lat' dir='ltr'>confessione</span> <span class='ocrx_word' id='word_1_186' title='bbox 1176 2502 1360 2594; x_wconf 86' lang='lat' dir='ltr'>complicem</span> <span class='ocrx_word' id='word_1_187' title='bbox 1382 2505 1461 2563; x_wconf 87' lang='lat' dir='ltr'>alias·</span> 
     </span>
    </p>
   </div>
   <div class='ocr_carea' id='block_1_8' title="bbox 394 2581 1461 2738">
    <p class='ocr_par' dir='ltr' id='par_1_8' title="bbox 394 2581 1461 2738">
     <span class='ocr_line' id='line_1_23' title="bbox 394 2581 1461 2662; baseline 0.003 -23"><span class='ocrx_word' id='word_1_188' title='bbox 394 2600 449 2657; x_wconf 92' lang='lat' dir='ltr'>qne</span> <span class='ocrx_word' id='word_1_189' title='bbox 477 2601 619 2658; x_wconf 89' lang='lat' dir='ltr'>personas</span> <span class='ocrx_word' id='word_1_190' title='bbox 641 2581 706 2641; x_wconf 91' lang='lat' dir='ltr'>sine</span> <span class='ocrx_word' id='word_1_191' title='bbox 729 2602 851 2659; x_wconf 91' lang='lat' dir='ltr'>quarum</span> <span class='ocrx_word' id='word_1_192' title='bbox 874 2588 937 2642; x_wconf 81' lang='lat' dir='ltr'>noti</span> <span class='ocrx_word' id='word_1_193' title='bbox 930 2583 981 2641; x_wconf 90' lang='lat' dir='ltr'>&#39;tia</span> <span class='ocrx_word' id='word_1_194' title='bbox 939 2582 1105 2642; x_wconf 88' lang='lat' dir='ltr'>tdanda</span> <span class='ocrx_word' id='word_1_195' title='bbox 1132 2583 1284 2660; x_wconf 90' lang='lat' dir='ltr'>proprium</span> <span class='ocrx_word' id='word_1_196' title='bbox 1313 2591 1461 2662; x_wconf 90' lang='lat' dir='ltr'>peccatum</span> 
     </span>
     <span class='ocr_line' id='line_1_24' title="bbox 394 2661 695 2738; baseline 0 -18"><span class='ocrx_word' id='word_1_197' title='bbox 394 2661 538 2738; x_wconf 81' lang='lat' dir='ltr'>explicari</span> <span class='ocrx_word' id='word_1_198' title='bbox 559 2667 695 2738; x_wconf 87' lang='lat' dir='ltr'>nequeat</span> 
     </span>
    </p>
   </div>
   <div class='ocr_carea' id='block_1_9' title="bbox 340 2759 1285 2924">
    <p class='ocr_par' dir='ltr' id='par_1_9' title="bbox 340 2759 1285 2924">
     <span class='ocr_line' id='line_1_25' title="bbox 341 2759 1285 2838; baseline 0.003 -21"><span class='ocrx_word' id='word_1_199' title='bbox 341 2760 371 2817; x_wconf 97' lang='grc'>20</span> <span class='ocrx_word' id='word_1_200' title='bbox 393 2759 593 2819; x_wconf 89' lang='lat' dir='ltr'>confessarius</span> <span class='ocrx_word' id='word_1_201' title='bbox 615 2761 761 2818; x_wconf 90' lang='lat' dir='ltr'>habeatne</span> <span class='ocrx_word' id='word_1_202' title='bbox 784 2759 829 2818; x_wconf 89' lang='lat' dir='ltr'>ius</span> <span class='ocrx_word' id='word_1_203' title='bbox 851 2760 1053 2835; x_wconf 88' lang='lat' dir='ltr'>interrogandi</span> <span class='ocrx_word' id='word_1_204' title='bbox 1075 2761 1110 2819; x_wconf 90' lang='lat' dir='ltr'>de</span> <span class='ocrx_word' id='word_1_205' title='bbox 1132 2761 1285 2838; x_wconf 90' lang='lat' dir='ltr'>complice.</span> 
     </span>
     <span class='ocr_line' id='line_1_26' title="bbox 340 2849 1231 2924; baseline 0.003 -16"><span class='ocrx_word' id='word_1_206' title='bbox 340 2851 371 2908; x_wconf 82' lang='lat'>3⁰</span> <span class='ocrx_word' id='word_1_207' title='bbox 391 2849 460 2924; x_wconf 90' lang='lat' dir='ltr'>quid</span> <span class='ocrx_word' id='word_1_208' title='bbox 482 2849 517 2907; x_wconf 91' lang='lat' dir='ltr'>de</span> <span class='ocrx_word' id='word_1_209' title='bbox 538 2850 623 2909; x_wconf 91' lang='lat' dir='ltr'>modo</span> <span class='ocrx_word' id='word_1_210' title='bbox 646 2849 753 2924; x_wconf 82' lang='lat' dir='ltr'>agendi</span> <span class='ocrx_word' id='word_1_211' title='bbox 775 2849 837 2908; x_wconf 84' lang='lat' dir='ltr'>Caii</span> <span class='ocrx_word' id='word_1_212' title='bbox 860 2855 890 2907; x_wconf 93' lang='lat' dir='ltr'>et</span> <span class='ocrx_word' id='word_1_213' title='bbox 911 2849 982 2908; x_wconf 86' lang='lat' dir='ltr'>Titii</span> <span class='ocrx_word' id='word_1_214' title='bbox 1004 2850 1043 2908; x_wconf 90' lang='lat' dir='ltr'>sit</span> <span class='ocrx_word' id='word_1_215' title='bbox 1065 2850 1231 2912; x_wconf 88' lang='lat' dir='ltr'>dicendum.</span> 
     </span>
    </p>
   </div>
   <div class='ocr_carea' id='block_1_10' title="bbox 738 3049 873 3117">
    <p class='ocr_par' dir='ltr' id='par_1_10' title="bbox 738 3049 873 3117">
     <span class='ocr_line' id='line_1_27' title="bbox 738 3049 873 3117; baseline 0 0"><span class='ocrx_word' id='word_1_216' title='bbox 738 3049 873 3117; x_wconf 83' lang='lat' dir='ltr'>Salutio.</span> 
     </span>
    </p>
   </div>
   <div class='ocr_carea' id='block_1_11' title="bbox 111 3191 1468 3811">
    <p class='ocr_par' dir='ltr' id='par_1_11' title="bbox 111 3191 1468 3811">
     <span class='ocr_line' id='line_1_28' title="bbox 230 3191 1462 3276; baseline -0.003 -17"><span class='ocrx_word' id='word_1_217' title='bbox 230 3194 282 3259; x_wconf 86' lang='lat' dir='ltr'>An</span> <span class='ocrx_word' id='word_1_218' title='bbox 306 3214 497 3269; x_wconf 78' lang='lat' dir='ltr'>quausruuu</span> <span class='ocrx_word' id='word_1_219' title='bbox 524 3195 560 3257; x_wconf 78' lang='lat' dir='ltr'>lm</span> <span class='ocrx_word' id='word_1_220' title='bbox 585 3193 623 3258; x_wconf 90' lang='lat' dir='ltr'>R.</span> <span class='ocrx_word' id='word_1_221' title='bbox 650 3196 678 3257; x_wconf 89' lang='lat'>1.</span> <span class='ocrx_word' id='word_1_222' title='bbox 717 3192 800 3257; x_wconf 87' lang='lat' dir='ltr'>Sunt</span> <span class='ocrx_word' id='word_1_223' title='bbox 823 3193 878 3274; x_wconf 93' lang='lat' dir='ltr'>qui</span> <span class='ocrx_word' id='word_1_224' title='bbox 901 3196 1019 3276; x_wconf 92' lang='lat' dir='ltr'>putent</span> <span class='ocrx_word' id='word_1_225' title='bbox 1042 3192 1162 3257; x_wconf 92' lang='lat' dir='ltr'>debere</span> <span class='ocrx_word' id='word_1_226' title='bbox 1188 3192 1414 3276; x_wconf 90' lang='lat' dir='ltr'>paenitentem</span> <span class='ocrx_word' id='word_1_227' title='bbox 1434 3191 1462 3256; x_wconf 93' lang='lat' dir='ltr'>in</span> 
     </span>
     <span class='ocr_line' id='line_1_29' title="bbox 140 3281 1464 3366; baseline -0.004 -17"><span class='ocrx_word' id='word_1_228' title='bbox 140 3282 344 3349; x_wconf 83' lang='lat' dir='ltr'>confessione</span> <span class='ocrx_word' id='word_1_229' title='bbox 368 3305 440 3348; x_wconf 89' lang='lat' dir='ltr'>eam</span> <span class='ocrx_word' id='word_1_230' title='bbox 464 3281 760 3359; x_wconf 88' lang='lat' dir='ltr'>circumstantiam,</span> <span class='ocrx_word' id='word_1_231' title='bbox 786 3282 849 3347; x_wconf 90' lang='lat' dir='ltr'>etsi</span> <span class='ocrx_word' id='word_1_232' title='bbox 872 3283 1013 3365; x_wconf 88' lang='lat' dir='ltr'>speciem</span> <span class='ocrx_word' id='word_1_233' title='bbox 1032 3281 1160 3366; x_wconf 91' lang='lat' dir='ltr'>peccati</span> <span class='ocrx_word' id='word_1_234' title='bbox 1182 3286 1307 3360; x_wconf 90' lang='lat' dir='ltr'>mutet,</span> <span class='ocrx_word' id='word_1_235' title='bbox 1340 3281 1464 3348; x_wconf 87' lang='lat' dir='ltr'>silentio</span> 
     </span>
     <span class='ocr_line' id='line_1_30' title="bbox 140 3370 1465 3457; baseline -0.001 -21"><span class='ocrx_word' id='word_1_236' title='bbox 140 3393 300 3457; x_wconf 87' lang='lat' dir='ltr'>premere,</span> <span class='ocrx_word' id='word_1_237' title='bbox 325 3393 367 3437; x_wconf 84' lang='lat' dir='ltr'>ex</span> <span class='ocrx_word' id='word_1_238' title='bbox 391 3392 456 3453; x_wconf 90' lang='lat' dir='ltr'>qua</span> <span class='ocrx_word' id='word_1_239' title='bbox 472 3371 639 3436; x_wconf 86' lang='lat' dir='ltr'>declarata</span> <span class='ocrx_word' id='word_1_240' title='bbox 655 3370 755 3437; x_wconf 89' lang='lat' dir='ltr'>tertia</span> <span class='ocrx_word' id='word_1_241' title='bbox 771 3392 921 3454; x_wconf 89' lang='lat' dir='ltr'>persona,</span> <span class='ocrx_word' id='word_1_242' title='bbox 946 3371 1016 3436; x_wconf 92' lang='lat' dir='ltr'>sive</span> <span class='ocrx_word' id='word_1_243' title='bbox 1032 3371 1183 3455; x_wconf 85' lang='lat' dir='ltr'>complex</span> <span class='ocrx_word' id='word_1_244' title='bbox 1202 3370 1247 3436; x_wconf 89' lang='lat' dir='ltr'>sit</span> <span class='ocrx_word' id='word_1_245' title='bbox 1269 3370 1465 3455; x_wconf 87' lang='lat' dir='ltr'>paenitentis</span> 
     </span>
     <span class='ocr_line' id='line_1_31' title="bbox 111 3458 1466 3544; baseline -0.002 -18"><span class='ocrx_word' id='word_1_246' title='bbox 111 3463 212 3527; x_wconf 72' lang='lat' dir='ltr'>sive</span> <span class='ocrx_word' id='word_1_247' title='bbox 236 3462 317 3536; x_wconf 91' lang='lat' dir='ltr'>alia,</span> <span class='ocrx_word' id='word_1_248' title='bbox 342 3461 428 3544; x_wconf 91' lang='lat' dir='ltr'>apud</span> <span class='ocrx_word' id='word_1_249' title='bbox 453 3460 688 3526; x_wconf 86' lang='lat' dir='ltr'>confessarium</span> <span class='ocrx_word' id='word_1_250' title='bbox 711 3459 821 3525; x_wconf 90' lang='lat' dir='ltr'>famae</span> <span class='ocrx_word' id='word_1_251' title='bbox 845 3458 1074 3526; x_wconf 88' lang='lat' dir='ltr'>detrimentum</span> <span class='ocrx_word' id='word_1_252' title='bbox 1098 3460 1255 3544; x_wconf 90' lang='lat' dir='ltr'>patiatur.</span> <span class='ocrx_word' id='word_1_253' title='bbox 1284 3497 1330 3506; x_wconf 92' lang='lat'>-</span> <span class='ocrx_word' id='word_1_254' title='bbox 1361 3459 1466 3543; x_wconf 81' lang='lat' dir='ltr'>Aliqui</span> 
     </span>
     <span class='ocr_line' id='line_1_32' title="bbox 142 3548 1466 3651; baseline 0 -36"><span class='ocrx_word' id='word_1_255' title='bbox 142 3552 174 3615; x_wconf 93' lang='lat' dir='ltr'>id</span> <span class='ocrx_word' id='word_1_256' title='bbox 198 3555 358 3632; x_wconf 86' lang='lat' dir='ltr'>negantes</span> <span class='ocrx_word' id='word_1_257' title='bbox 382 3550 469 3614; x_wconf 91' lang='lat' dir='ltr'>circa</span> <span class='ocrx_word' id='word_1_258' title='bbox 492 3549 699 3651; x_wconf 81' lang='lat' dir='ltr'>complicem,</span> <span class='ocrx_word' id='word_1_259' title='bbox 730 3549 764 3613; x_wconf 94' lang='lat' dir='ltr'>id</span> <span class='ocrx_word' id='word_1_260' title='bbox 788 3549 956 3614; x_wconf 86' lang='lat' dir='ltr'>affirmant</span> <span class='ocrx_word' id='word_1_261' title='bbox 978 3549 1018 3613; x_wconf 93' lang='lat' dir='ltr'>de</span> <span class='ocrx_word' id='word_1_262' title='bbox 1042 3549 1125 3615; x_wconf 91' lang='lat' dir='ltr'>aliis.</span> <span class='ocrx_word' id='word_1_263' title='bbox 1156 3586 1200 3595; x_wconf 89' lang='lat'>—-</span> <span class='ocrx_word' id='word_1_264' title='bbox 1233 3548 1300 3614; x_wconf 89' lang='lat' dir='ltr'>Alii</span> <span class='ocrx_word' id='word_1_265' title='bbox 1330 3549 1366 3615; x_wconf 92' lang='lat' dir='ltr'>id</span> <span class='ocrx_word' id='word_1_266' title='bbox 1394 3549 1466 3615; x_wconf 90' lang='lat' dir='ltr'>sim·</span> 
     </span>
     <span class='ocr_line' id='line_1_33' title="bbox 141 3638 1468 3739; baseline -0.001 -34"><span class='ocrx_word' id='word_1_267' title='bbox 141 3641 271 3724; x_wconf 86' lang='lat' dir='ltr'>pliciter</span> <span class='ocrx_word' id='word_1_268' title='bbox 294 3643 435 3721; x_wconf 88' lang='lat' dir='ltr'>negant,</span> <span class='ocrx_word' id='word_1_269' title='bbox 467 3638 707 3705; x_wconf 85' lang='lat' dir='ltr'>sustinentes</span> <span class='ocrx_word' id='word_1_270' title='bbox 697 3660 731 3703; x_wconf 90' lang='lat' dir='ltr'>m</span> <span class='ocrx_word' id='word_1_271' title='bbox 763 3638 849 3702; x_wconf 91' lang='lat' dir='ltr'>omni</span> <span class='ocrx_word' id='word_1_272' title='bbox 880 3659 957 3703; x_wconf 89' lang='lat' dir='ltr'>casu</span> <span class='ocrx_word' id='word_1_273' title='bbox 988 3643 1199 3739; x_wconf 83' lang='lat' dir='ltr'>praeceptum</span> <span class='ocrx_word' id='word_1_274' title='bbox 1227 3643 1372 3725; x_wconf 79' lang='lat' dir='ltr'>inteprcc</span> <span class='ocrx_word' id='word_1_275' title='bbox 1395 3659 1468 3704; x_wconf 91' lang='lat' dir='ltr'>con·</span> 
     </span>
     <span class='ocr_line' id='line_1_34' title="bbox 142 3726 1468 3811; baseline 0 -17"><span class='ocrx_word' id='word_1_276' title='bbox 142 3729 295 3796; x_wconf 80' lang='lat' dir='ltr'>fessionis</span> <span class='ocrx_word' id='word_1_277' title='bbox 325 3733 425 3811; x_wconf 90' lang='lat' dir='ltr'>atque</span> <span class='ocrx_word' id='word_1_278' title='bbox 456 3728 688 3809; x_wconf 83' lang='lat' dir='ltr'>obligationem</span> <span class='ocrx_word' id='word_1_279' title='bbox 711 3727 837 3793; x_wconf 89' lang='lat' dir='ltr'>sincere</span> <span class='ocrx_word' id='word_1_280' title='bbox 862 3727 1099 3810; x_wconf 90' lang='lat' dir='ltr'>respondendi,</span> <span class='ocrx_word' id='word_1_281' title='bbox 1132 3728 1160 3791; x_wconf 92' lang='lat' dir='ltr'>si</span> <span class='ocrx_word' id='word_1_282' title='bbox 1190 3727 1266 3808; x_wconf 90' lang='lat' dir='ltr'>quid</span> <span class='ocrx_word' id='word_1_283' title='bbox 1293 3726 1468 3794; x_wconf 87' lang='lat' dir='ltr'>necessarii</span> 
     </span>
    </p>
   </div>
   <div class='ocr_carea' id='block_1_12' title="bbox 24 3814 1362 3905">
    <p class='ocr_par' dir='ltr' id='par_1_12' title="bbox 24 3814 1362 3905">
     <span class='ocr_line' id='line_1_35' title="bbox 24 3814 1362 3905; baseline -0.002 -21"><span class='ocrx_word' id='word_1_284' title='bbox 24 3900 26 3905; x_wconf 18' lang='lat' dir='ltr'>s</span> <span class='ocrx_word' id='word_1_285' title='bbox 142 3818 399 3902; x_wconf 84' lang='lat' dir='ltr'>interrogaverit</span> <span class='ocrx_word' id='word_1_286' title='bbox 384 3817 641 3884; x_wconf 87' lang='lat' dir='ltr'>tconfessarius</span> <span class='ocrx_word' id='word_1_287' title='bbox 666 3817 752 3882; x_wconf 90' lang='lat' dir='ltr'>circa</span> <span class='ocrx_word' id='word_1_288' title='bbox 777 3817 980 3882; x_wconf 83' lang='lat' dir='ltr'>occasionem</span> <span class='ocrx_word' id='word_1_289' title='bbox 1002 3814 1131 3900; x_wconf 85' lang='lat' dir='ltr'>peccati</span> <span class='ocrx_word' id='word_1_290' title='bbox 1154 3816 1208 3880; x_wconf 71' lang='lat' dir='ltr'>iel</span> <span class='ocrx_word' id='word_1_291' title='bbox 1231 3816 1362 3884; x_wconf 87' lang='lat' dir='ltr'>similia.</span> 
     </span>
    </p>
   </div>
   <div class='ocr_carea' id='block_1_13' title="bbox 141 3930 1472 4731">
    <p class='ocr_par' dir='ltr' id='par_1_13' title="bbox 141 3930 1472 4731">
     <span class='ocr_line' id='line_1_36' title="bbox 231 3930 1470 4011; baseline -0.001 -11"><span class='ocrx_word' id='word_1_292' title='bbox 231 3935 271 4003; x_wconf 82' lang='lat' dir='ltr'>a.</span> <span class='ocrx_word' id='word_1_293' title='bbox 296 3937 326 4002; x_wconf 82' lang='lat'>2.</span> <span class='ocrx_word' id='word_1_294' title='bbox 370 3933 431 4011; x_wconf 88' lang='lat' dir='ltr'>Qui</span> <span class='ocrx_word' id='word_1_295' title='bbox 455 3934 567 4000; x_wconf 91' lang='lat' dir='ltr'>dicunt</span> <span class='ocrx_word' id='word_1_296' title='bbox 589 3933 693 3999; x_wconf 91' lang='lat' dir='ltr'>taceri</span> <span class='ocrx_word' id='word_1_297' title='bbox 717 3932 835 3998; x_wconf 88' lang='lat' dir='ltr'>debere</span> <span class='ocrx_word' id='word_1_298' title='bbox 859 3932 1124 3999; x_wconf 87' lang='lat' dir='ltr'>circumstantias</span> <span class='ocrx_word' id='word_1_299' title='bbox 1143 3930 1226 3997; x_wconf 91' lang='lat' dir='ltr'>alios</span> <span class='ocrx_word' id='word_1_300' title='bbox 1250 3931 1470 4010; x_wconf 81' lang='lat' dir='ltr'>diffamantes,</span> 
     </span>
     <span class='ocr_line' id='line_1_37' title="bbox 141 4018 1471 4105; baseline -0.001 -15"><span class='ocrx_word' id='word_1_301' title='bbox 141 4047 207 4090; x_wconf 93' lang='lat' dir='ltr'>non</span> <span class='ocrx_word' id='word_1_302' title='bbox 237 4024 356 4090; x_wconf 91' lang='lat' dir='ltr'>docent</span> <span class='ocrx_word' id='word_1_303' title='bbox 385 4044 491 4105; x_wconf 92' lang='lat' dir='ltr'>neque</span> <span class='ocrx_word' id='word_1_304' title='bbox 521 4025 637 4088; x_wconf 90' lang='lat' dir='ltr'>docere</span> <span class='ocrx_word' id='word_1_305' title='bbox 670 4026 807 4105; x_wconf 90' lang='lat' dir='ltr'>possunt</span> <span class='ocrx_word' id='word_1_306' title='bbox 836 4044 856 4087; x_wconf 92' lang='lat' dir='ltr'>a</span> <span class='ocrx_word' id='word_1_307' title='bbox 885 4021 1068 4105; x_wconf 89' lang='lat' dir='ltr'>paenitenti</span> <span class='ocrx_word' id='word_1_308' title='bbox 1097 4042 1157 4105; x_wconf 90' lang='lat' dir='ltr'>pro</span> <span class='ocrx_word' id='word_1_309' title='bbox 1186 4018 1281 4087; x_wconf 90' lang='lat' dir='ltr'>libitu</span> <span class='ocrx_word' id='word_1_310' title='bbox 1312 4021 1471 4089; x_wconf 88' lang='lat' dir='ltr'>eiusmodi</span> 
     </span>
     <span class='ocr_line' id='line_1_38' title="bbox 143 4109 1471 4194; baseline -0.002 -15"><span class='ocrx_word' id='word_1_311' title='bbox 143 4113 379 4181; x_wconf 89' lang='lat' dir='ltr'>confessionem</span> <span class='ocrx_word' id='word_1_312' title='bbox 402 4133 552 4178; x_wconf 90' lang='lat' dir='ltr'>mancam</span> <span class='ocrx_word' id='word_1_313' title='bbox 575 4111 703 4178; x_wconf 90' lang='lat' dir='ltr'>institui</span> <span class='ocrx_word' id='word_1_314' title='bbox 726 4131 838 4194; x_wconf 90' lang='lat' dir='ltr'>posse,</span> <span class='ocrx_word' id='word_1_315' title='bbox 870 4111 927 4176; x_wconf 92' lang='lat' dir='ltr'>sed</span> <span class='ocrx_word' id='word_1_316' title='bbox 951 4113 1113 4194; x_wconf 89' lang='lat' dir='ltr'>coguntur</span> <span class='ocrx_word' id='word_1_317' title='bbox 1142 4109 1311 4194; x_wconf 88' lang='lat' dir='ltr'>postulare</span> <span class='ocrx_word' id='word_1_318' title='bbox 1334 4130 1471 4193; x_wconf 84' lang='lat' dir='ltr'>gravem</span> 
     </span>
     <span class='ocr_line' id='line_1_39' title="bbox 144 4199 1470 4285; baseline -0.001 -16"><span class='ocrx_word' id='word_1_319' title='bbox 144 4225 287 4281; x_wconf 88' lang='lat' dir='ltr'>causam,</span> <span class='ocrx_word' id='word_1_320' title='bbox 312 4225 343 4269; x_wconf 91' lang='lat' dir='ltr'>v.</span> <span class='ocrx_word' id='word_1_321' title='bbox 360 4225 392 4285; x_wconf 83' lang='lat' dir='ltr'>g.</span> <span class='ocrx_word' id='word_1_322' title='bbox 416 4201 647 4268; x_wconf 90' lang='lat' dir='ltr'>necessitatem</span> <span class='ocrx_word' id='word_1_323' title='bbox 672 4199 846 4265; x_wconf 90' lang='lat' dir='ltr'>confitendi</span> <span class='ocrx_word' id='word_1_324' title='bbox 869 4209 897 4265; x_wconf 83' lang='lat' dir='ltr'>et</span> <span class='ocrx_word' id='word_1_325' title='bbox 920 4199 1084 4264; x_wconf 88' lang='lat' dir='ltr'>defectum</span> <span class='ocrx_word' id='word_1_326' title='bbox 1108 4199 1245 4265; x_wconf 88' lang='lat' dir='ltr'>alterius</span> <span class='ocrx_word' id='word_1_327' title='bbox 1268 4199 1470 4278; x_wconf 61' lang='lat' dir='ltr'>aaronem,</span> 
     </span>
     <span class='ocr_line' id='line_1_40' title="bbox 144 4286 1471 4375; baseline -0.001 -19"><span class='ocrx_word' id='word_1_328' title='bbox 144 4293 195 4356; x_wconf 84' lang='lat' dir='ltr'>cni</span> <span class='ocrx_word' id='word_1_329' title='bbox 218 4293 318 4360; x_wconf 86' lang='lat' dir='ltr'>tertia</span> <span class='ocrx_word' id='word_1_330' title='bbox 340 4293 398 4357; x_wconf 89' lang='lat' dir='ltr'>illa</span> <span class='ocrx_word' id='word_1_331' title='bbox 420 4313 561 4375; x_wconf 90' lang='lat' dir='ltr'>persona</span> <span class='ocrx_word' id='word_1_332' title='bbox 584 4290 699 4370; x_wconf 85' lang='lat' dir='ltr'>ignota</span> <span class='ocrx_word' id='word_1_333' title='bbox 728 4289 772 4353; x_wconf 93' lang='lat' dir='ltr'>sit</span> <span class='ocrx_word' id='word_1_334' title='bbox 802 4293 835 4354; x_wconf 89' lang='lat' dir='ltr'>et</span> <span class='ocrx_word' id='word_1_335' title='bbox 865 4288 952 4372; x_wconf 90' lang='lat' dir='ltr'>apud</span> <span class='ocrx_word' id='word_1_336' title='bbox 982 4310 1078 4371; x_wconf 92' lang='lat' dir='ltr'>quem</span> <span class='ocrx_word' id='word_1_337' title='bbox 1102 4289 1172 4354; x_wconf 90' lang='lat' dir='ltr'>sine</span> <span class='ocrx_word' id='word_1_338' title='bbox 1201 4286 1297 4353; x_wconf 89' lang='lat' dir='ltr'>buius</span> <span class='ocrx_word' id='word_1_339' title='bbox 1322 4288 1471 4357; x_wconf 78' lang='lat' dir='ltr'>diffama-</span> 
     </span>
     <span class='ocr_line' id='line_1_41' title="bbox 143 4377 1472 4467; baseline -0.001 -21.986"><span class='ocrx_word' id='word_1_340' title='bbox 143 4382 232 4446; x_wconf 85' lang='lat' dir='ltr'>tione</span> <span class='ocrx_word' id='word_1_341' title='bbox 256 4382 360 4467; x_wconf 89' lang='lat' dir='ltr'>possit</span> <span class='ocrx_word' id='word_1_342' title='bbox 383 4383 514 4463; x_wconf 86' lang='lat' dir='ltr'>integra</span> <span class='ocrx_word' id='word_1_343' title='bbox 538 4380 700 4444; x_wconf 87' lang='lat' dir='ltr'>confessio</span> <span class='ocrx_word' id='word_1_344' title='bbox 723 4378 808 4456; x_wconf 86' lang='lat' dir='ltr'>fieri,</span> <span class='ocrx_word' id='word_1_345' title='bbox 833 4379 980 4460; x_wconf 88' lang='lat' dir='ltr'>adeoque</span> <span class='ocrx_word' id='word_1_346' title='bbox 1003 4377 1150 4460; x_wconf 87' lang='lat' dir='ltr'>obligare</span> <span class='ocrx_word' id='word_1_347' title='bbox 1173 4383 1337 4460; x_wconf 88' lang='lat' dir='ltr'>coguntur</span> <span class='ocrx_word' id='word_1_348' title='bbox 1358 4378 1472 4463; x_wconf 89' lang='lat' dir='ltr'>paeni·</span> 
     </span>
     <span class='ocr_line' id='line_1_42' title="bbox 144 4429 1471 4549; baseline 0 -14"><span class='ocrx_word' id='word_1_349' title='bbox 144 4477 269 4537; x_wconf 89' lang='lat' dir='ltr'>tentem</span> <span class='ocrx_word' id='word_1_350' title='bbox 293 4473 335 4537; x_wconf 90' lang='lat' dir='ltr'>ad</span> <span class='ocrx_word' id='word_1_351' title='bbox 359 4472 560 4536; x_wconf 87' lang='lat' dir='ltr'>subeundum</span> <span class='ocrx_word' id='word_1_352' title='bbox 584 4429 823 4533; x_wconf 80' lang='lat' dir='ltr'>incommoduin</span> <span class='ocrx_word' id='word_1_353' title='bbox 846 4489 910 4532; x_wconf 90' lang='lat' dir='ltr'>non</span> <span class='ocrx_word' id='word_1_354' title='bbox 933 4467 1017 4545; x_wconf 90' lang='lat' dir='ltr'>leve,</span> <span class='ocrx_word' id='word_1_355' title='bbox 1043 4472 1080 4532; x_wconf 90' lang='lat' dir='ltr'>ut</span> <span class='ocrx_word' id='word_1_356' title='bbox 1103 4470 1243 4549; x_wconf 86' lang='lat' dir='ltr'>quaerat</span> <span class='ocrx_word' id='word_1_357' title='bbox 1266 4468 1369 4533; x_wconf 89' lang='lat' dir='ltr'>talem</span> <span class='ocrx_word' id='word_1_358' title='bbox 1395 4489 1471 4535; x_wconf 92' lang='lat' dir='ltr'>con·</span> 
     </span>
     <span class='ocr_line' id='line_1_43' title="bbox 145 4556 1472 4661; baseline -0.002 -37"><span class='ocrx_word' id='word_1_359' title='bbox 145 4561 318 4625; x_wconf 85' lang='lat' dir='ltr'>lessarium</span> <span class='ocrx_word' id='word_1_360' title='bbox 342 4560 451 4645; x_wconf 88' lang='lat' dir='ltr'>potius</span> <span class='ocrx_word' id='word_1_361' title='bbox 481 4580 579 4661; x_wconf 84' lang='lat' dir='ltr'>quam</span> <span class='ocrx_word' id='word_1_362' title='bbox 609 4561 646 4623; x_wconf 89' lang='lat' dir='ltr'>ut</span> <span class='ocrx_word' id='word_1_363' title='bbox 678 4578 827 4622; x_wconf 88' lang='lat' dir='ltr'>mancam</span> <span class='ocrx_word' id='word_1_364' title='bbox 857 4556 1011 4622; x_wconf 90' lang='lat' dir='ltr'>instituat</span> <span class='ocrx_word' id='word_1_365' title='bbox 1040 4556 1288 4623; x_wconf 83' lang='lat' dir='ltr'>confessionem.</span> <span class='ocrx_word' id='word_1_366' title='bbox 1334 4556 1472 4644; x_wconf 86' lang='lat' dir='ltr'>Insuper</span> 
     </span>
     <span class='ocr_line' id='line_1_44' title="bbox 146 4644 1472 4731; baseline 0 -19"><span class='ocrx_word' id='word_1_367' title='bbox 146 4653 268 4731; x_wconf 85' lang='lat' dir='ltr'>cogunt</span> <span class='ocrx_word' id='word_1_368' title='bbox 271 4671 308 4714; x_wconf 89' lang='grc' dir='ltr'>ιιι</span> <span class='ocrx_word' id='word_1_369' title='bbox 331 4650 449 4728; x_wconf 89' lang='lat' dir='ltr'>dicere,</span> <span class='ocrx_word' id='word_1_370' title='bbox 475 4650 503 4714; x_wconf 91' lang='lat' dir='ltr'>si</span> <span class='ocrx_word' id='word_1_371' title='bbox 527 4647 656 4730; x_wconf 88' lang='lat' dir='ltr'>quando</span> <span class='ocrx_word' id='word_1_372' title='bbox 673 4652 731 4713; x_wconf 91' lang='lat' dir='ltr'>ant</span> <span class='ocrx_word' id='word_1_373' title='bbox 732 4668 750 4711; x_wconf 91' lang='lat' dir='ltr'>e</span> <span class='ocrx_word' id='word_1_374' title='bbox 766 4646 1023 4712; x_wconf 85' lang='lat' dir='ltr'>communionem</span> <span class='ocrx_word' id='word_1_375' title='bbox 1046 4644 1247 4729; x_wconf 84' lang='lat' dir='ltr'>paenitentis</span> <span class='ocrx_word' id='word_1_376' title='bbox 1264 4666 1340 4713; x_wconf 81' lang='lat' dir='ltr'>sese</span> <span class='ocrx_word' id='word_1_377' title='bbox 1355 4648 1472 4715; x_wconf 79' lang='lat' dir='ltr'>offerat</span> 
     </span>
    </p>
   </div>
   <div class='ocr_carea' id='block_1_14' title="bbox 0 0 1539 5174">
    <p class='ocr_par' dir='ltr' id='par_1_14' title="bbox 0 0 1539 5174">
     <span class='ocr_line' id='line_1_45' title="bbox 0 0 1539 5174; baseline 0 0"><span class='ocrx_word' id='word_1_378' title='bbox 0 0 1539 5174; x_wconf 95' lang='lat' dir='ltr'> </span> 
     </span>
    </p>
   </div>
  </div>
 </body>
</html>
