3044 5174
329 296 456 351 Minister
473 297 575 368 poenit.
594 322 629 336 -
648 296 707 351 eius
726 296 885 368 approbatio
904 300 932 350 et
951 295 1110 351 iurisdictio.
1323 300 1387 362 251

149 473 190 540 Il.
220 472 273 538 Aa
297 473 481 558 superiores
504 474 674 556 regulares
697 473 950 539 iurisdietionem
975 471 1134 539 habentes
1164 472 1291 555 possint
1314 493 1390 537 suos

54 561 208 629 subditos
232 563 430 646 suspendere
455 564 496 628 ab
520 563 690 628 audiendis
707 561 965 628 confessionibus
982 561 1198 627 saecularium
1223 562 1322 627 etiarn
1347 583 1390 627 ex

54 652 239 719 informata
263 652 485 718 conscientia?

150 751 195 817 Et
226 754 388 832 quatenus
418 748 617 815 affirmative
641 749 698 816 lll.
745 749 798 815 An
828 748 941 814 valeat
970 747 1140 832 suspensio
1171 751 1326 813 oretenus
1356 752 1390 814 et

56 839 185 921 absque
208 839 331 922 scripto
354 839 548 905 enuntiata?

149 937 207 1003 IV.
231 935 285 1001 Aa
309 937 471 1002 absolutio
494 934 662 1020 impertita
685 936 727 1001 ab
751 956 801 1015 ec,
825 935 880 1017 qui
903 934 963 1002 tali
986 935 1199 1018 suspensione
1223 939 1274 1002 est
1297 934 1390 1000 inno-

56 1027 170 1099 datus,
195 1025 240 1093 sit
262 1026 397 1090 valida?

150 1124 196 1190 Et
227 1128 388 1205 quatenus
419 1122 575 1206 negative
599 1122 638 1188 V.
675 1122 739 1187 ·An
771 1122 824 1205 qui
854 1120 1039 1187 huiusmodi
1069 1121 1307 1187 absolutionem
1338 1120 1390 1187 in-

56 1216 181 1290 tentat,
207 1213 487 1294 irregularitatem
510 1212 681 1278 incurrat?

150 1311 250 1394 Resp.
275 1310 318 1376 ad
340 1310 366 1376 I.
401 1309 621 1376 Affirmative.

150 1408 250 1492 Resp.
275 1409 316 1473 ad
333 1408 374 1474 II.
411 1406 629 1484 affirmative,
653 1406 702 1472 ita
725 1410 848 1479 tamen,
872 1410 909 1470 ut
932 1406 1105 1488 religiosus
1127 1427 1306 1491 suspensus
1328 1405 1390 1472 illi·

59 1497 136 1577 cite,
164 1518 229 1562 non
252 1517 332 1562 vero
355 1496 500 1562 invalide
524 1496 745 1561 confessiones
769 1495 923 1579 excipiat.

150 1595 250 1679 Resp.
282 1595 323 1660 ad
354 1594 412 1662 ΙΙΙ.
453 1594 680 1674 Affirmative,
714 1615 785 1659 cum
817 1594 945 1660 feratur
975 1613 1034 1677 per
1061 1594 1191 1659 modum
1221 1593 1391 1678 praecepti

59 1684 283 1769 particularis.

151 1781 250 1865 Resp.
275 1781 317 1847 ad
340 1781 397 1847 IV.
437 1780 656 1847 affirmative.

150 1877 250 1962 Resp.
267 1879 308 1944 ad
325 1881 365 1945 V.
396 1878 566 1944 Provisum
583 1878 616 1942 in
635 1876 915 1962 praecedentibus.
948 1876 1129 1961 Responsio
1144 1877 1186 1942 ad
1202 1877 1242 1943 V.
1259 1897 1392 1942 sensum

59 1968 164 2035 habet
187 1969 329 2051 negandi
352 1967 641 2050 irregularitatem,
666 1989 738 2033 curn
755 1967 924 2050 suspensio
948 1966 1006 2032 illa
1023 1988 1087 2031 non
1103 1966 1231 2032 feratur
1254 1970 1291 2032 ut
1314 1987 1391 2031 cen-

59 2079 149 2123 sura.
199 2057 404 2142 Quapropter
426 2058 459 2121 in
483 2061 596 2121 nostro
626 2077 704 2121 casu
728 2056 844 2122 Castor
867 2055 976 2121 valide
1006 2056 1135 2138 quidem
1167 2054 1389 2120 confessiones

59 2145 193 2231 excepit
218 2151 252 2212 et
275 2147 512 2212 absolutionem
543 2145 650 2221 dedit;
682 2149 830 2210 attamen
861 2145 930 2227 egit
953 2144 1084 2223 illicite,
1116 2144 1178 2210 nisi
1209 2145 1390 2229 prudenter

60 2235 223 2302 iudicavit
244 2241 450 2320 praesentem
476 2257 587 2300 casum
612 2235 812 2319 superiorem
837 2235 978 2300 noluisse
1003 2233 1286 2318 comprehendere.

124 2443 401 2512 'IURISDICTIO
425 2445 456 2508 A
478 2443 683 2510 PAROCHO
709 2444 929 2510 exantlat
954 2444 1040 2509 VEL
1064 2444 1310 2514 DELEGATA.

681 2609 889 2686 Casus-(125)

149 2751 244 2809 Roma
258 2749 288 2808 in
304 2749 493 2809 Germaniam
507 2750 640 2821 veniunt,
656 2751 800 2809 absolutis
816 2752 932 2821 studiis,
947 2751 1073 2812 ordinati
1088 2753 1261 2812 sacerdotes
1271 2752 1387 2824 Petrus,

58 2833 200 2899 Ioannes,
222 2830 359 2889 Iacobus.
400 2831 489 2889 Petro
511 2833 548 2890 ab
570 2833 677 2890 abbate
698 2832 823 2906 quodam
845 2834 996 2891 confertur
1017 2851 1088 2892 cura
1109 2833 1268 2909 parochiae
1289 2852 1388 2892 mona·

56 2912 152 2972 aterio
175 2910 359 2980 coniunctae,
382 2930 469 2986 quam
491 2930 590 2969 curam
612 2932 646 2970 eo
668 2930 761 2986 usque
782 2914 876 2971 abhas
890 2932 943 2989 per
957 2912 1084 2989 aliquem
1105 2933 1143 2970 ex
1157 2913 1220 2971 suis
1238 2912 1388 2989 religiosis

57 2996 244 3051 exercuerat.
293 2990 399 3050 Ioanni
428 3011 445 3050 a
474 2991 605 3067 principe
634 2990 711 3050 laico
740 2993 891 3052 confertur
918 2993 1075 3069 parochia,
1104 2993 1152 3051 cui
1179 2993 1389 3068 resignaverat

57 3072 208 3150 parochus
230 3075 299 3129 ante
320 3091 431 3147 paucos
453 3071 516 3130 dies
537 3071 650 3130 viribus
672 3073 795 3144 fractus,
817 3072 866 3148 qui
880 3078 980 3131 tamen
1000 3092 1054 3151 pro
1070 3073 1232 3148 aliquorum
1254 3074 1386 3133 consola·

56 3153 141 3213 tione
163 3151 246 3210 audit
267 3152 382 3210 illorum
405 3159 493 3228 atque
515 3152 608 3228 ipsius
622 3151 765 3229 principis
787 3152 1000 3217 confessiones.
1022 3172 1131 3212 anovo
1152 3154 1281 3229 parocho
1301 3153 1388 3213 iuris·

57 3232 188 3292 dictione
203 3231 260 3289 sibi
282 3233 426 3307 delegata.
455 3232 565 3291 Iacobo
587 3252 605 3291 a
619 3233 749 3309 capitulo
764 3232 928 3292 cathedrali
943 3233 1030 3292 datur
1051 3233 1176 3311 simplex
1192 3234 1386 3294 canonicatus

57 3321 88 3372 et
116 3315 155 3371 ab
184 3312 322 3388 episcopo
351 3313 436 3371 modo
464 3312 558 3371 electo
587 3314 762 3389 approbatio
790 3333 844 3389 pro
871 3313 1025 3372 audiendis
1053 3313 1297 3373 confessionibus.
1340 3315 1388 3373 Ita

56 3413 160 3452 omnes
183 3392 300 3468 impigri
321 3399 382 3450 turn
404 3399 499 3458 extra,
522 3397 584 3452 turn
605 3393 684 3452 intra
706 3394 921 3453 confessionale
942 3394 1088 3454 laborant.
1123 3395 1254 3453 Rectene
1275 3395 1306 3454 in
1328 3415 1388 3455 om·

55 3474 145 3532 nibus
167 3479 266 3532 actmn
288 3477 357 3531 est?
398 3474 458 3545 (lta
480 3473 512 3533 L.
534 3473 703 3544 Michon,
725 3474 825 3535 selecti
844 3475 949 3545 casus).

56 3587 239 3658 Quaeramus
260 3586 374 3645 scilicet
397 3588 426 3645 1⁰
447 3588 616 3662 potueritne
637 3587 744 3647 Petrus
766 3589 970 3647 confessiones
992 3588 1140 3666 excipere.

395 3686 425 3742 2⁰
446 3685 680 3822 sitnedloannes
710 3686 855 3744 facultate
889 3686 1130 3764 excipiendarum
1166 3688 1387 3749 confessionum

447 3765 504 3823 rite
545 3770 662 3826 enatus.

394 3864 425 3921 3⁰
445 3862 514 3938 quid
536 3864 571 3922 de
591 3864 721 3940 parocho
742 3863 790 3940 qui
811 3862 1025 3939 resignaverat.

393 3963 425 4018 4ο
445 3961 572 4020 Iacobus
594 3961 672 4020 sitne
693 3961 749 4020 rite
771 3964 960 4039 approbatus.

658 4152 794 4220 solutio.

149 4294 202 4359 Au
235 4316 425 4371 Quassrruu
463 4298 499 4358 1¹⁷⁰
530 4295 569 4361 R..
623 4295 702 4360 Cum
736 4295 789 4361 hic
819 4302 938 4379 agatur
968 4296 1008 4361 de
1042 4297 1197 4379 parochia
1230 4296 1384 4379 regulari,
1395 4309 1448 4365 436

55 4407 123 4452 non
149 4385 279 4450 videtur
303 4385 420 4450 Petrus
443 4404 560 4449 revera
591 4384 770 4451 obtinuisse
801 4385 988 4468 parochiale
1018 4386 1209 4452 beneficium
1233 4408 1290 4452 seu
1315 4386 1385 4452 veri

55 4474 199 4542 nominis
224 4475 383 4558 parochus
406 4473 577 4539 institutus
602 4495 690 4548 esse,
716 4475 774 4539 sed
798 4495 869 4538 esse
893 4496 1054 4539 summum
1079 4477 1238 4560 delegatas
1262 4478 1302 4542 ad
1328 4497 1386 4541 ex·

56 4563 235 4630 arcendam
266 4584 377 4627 curam
401 4562 593 4627 anirnarunr.
641 4563 763 4627 Verum
794 4563 835 4628 ab
865 4563 904 4627 iis
935 4565 1158 4630 sacerdotibus
1182 4587 1272 4632 conc.
1297 4565 1386 4632 Trid.

56 4653 206 4736 requirit,
231 4656 268 4717 ut
287 4652 430 4718 habeant
446 4653 716 4737 approbationem,
741 4652 847 4734 idque,
872 4658 909 4719 ut
925 4653 1060 4722 lnnoc.
1078 4654 1139 4719 XII
1163 4660 1265 4721 const.
1287 4655 1386 4737 ,Cura
