3044 5174
336 109 463 164 Minister
482 109 582 180 paenit.
602 138 635 147 -
655 109 714 163 eius
733 108 893 179 approbatio
912 113 941 163 et
959 109 1118 164 iurisdictio.
1322 115 1389 178 243

63 283 182 350 sistens
207 283 391 350 absolvere.
438 283 540 348 lmmo
571 283 604 347 in
634 282 743 366 rigore
773 305 814 348 ne
843 284 877 349 in
907 289 980 352 tota
1004 285 1134 367 quidem
1164 306 1224 351 sua
1249 284 1389 351 dioecesi

61 371 285 438 confessiones
308 371 485 437 universim
509 373 661 456 excipere
684 377 810 456 potest;
842 374 900 439 sed
934 375 1056 452 ,solum
1088 397 1146 458 pro
1171 375 1307 441 civitate
1331 397 1389 440 seu

59 462 189 546 oppido,
216 461 270 527 ubi
294 463 359 526 sita
383 466 434 526 est
457 461 596 527 ecclesia
618 463 846 546 parochialis“,
872 468 1024 529 censetur
1047 465 1248 548 approbatus
1272 487 1314 529 ex
1337 486 1390 529 re-

57 573 180 635 sponso
197 551 231 616 S.
248 551 281 616 C.
298 550 349 627 C.;
373 571 488 615 verum
512 550 607 616 hodie
630 552 812 633 generatim
836 574 875 618 ea
892 557 942 619 est
959 554 1153 639 dioecesium
1178 555 1389 621 consuetudo,

57 648 95 708 ut
118 639 255 725 parochi
279 661 338 722 pro
361 643 434 705 tota
458 641 595 705 dioecesi
627 647 823 707 censeantur
853 642 1035 726 approbati.
1087 645 1144 708 Tb.
1168 665 1209 708 m.
1234 642 1281 720 ΙΙ,
1313 645 1388 708 376.

151 730 285 795 Certum
316 729 417 811 igitur
447 734 498 795 est
527 729 733 794 Camerinum
763 752 804 795 ex
835 752 957 795 senon
988 731 1109 797 habere
1139 733 1390 797 iurisdictione-nr

55 819 91 884 in
122 819 196 884 loco
228 819 406 884 sanctuarii
437 818 470 882 in
500 818 639 897 alienos,
672 821 692 885 i.
725 841 751 885 e.
783 822 1090 903 non-parochianos.
1137 821 1295 886 Attamen
1325 843 1390 886 non

56 908 107 974 ita
136 913 264 974 certum
295 912 347 972 est
376 928 449 972 euru
480 929 544 972 non
574 930 671 992 posse
701 909 849 992 accipere
879 910 1134 976 iurisdictionem
1159 911 1345 992 delegatam
1371 934 1391 975 a

56 997 205 1081 parocho
229 996 302 1073 loci,
327 997 389 1061 nisi
412 997 605 1080 approbatio
629 997 771 1082 episcopi
795 998 858 1063 loci
883 1000 1068 1065 accesserit.
1102 1000 1179 1064 Cum
1197 1001 1281 1064 enim
1300 1021 1388 1064 cono.

57 1087 150 1154 Trid.
176 1087 436 1172 approbationem
459 1087 548 1151 illam
579 1109 644 1152 non
673 1087 819 1169 requirat
850 1088 911 1152 nisi
941 1110 1000 1171 pro
1030 1088 1088 1165 iis,
1118 1089 1173 1170 qui
1203 1089 1391 1172 parochiale

57 1175 255 1242 beneficium
277 1196 340 1239 non
358 1175 568 1252 obtinuerint,
594 1177 724 1241 videtur
741 1177 891 1242 sufficere
908 1178 1062 1261 delegata
1078 1177 1268 1257 iurisdictio,
1293 1199 1390 1260 quam

58 1265 226 1347 parochus
256 1264 317 1330 loci
349 1266 574 1331 communicet.
625 1265 829 1332 Contrarium
861 1271 971 1332 autem
1004 1288 1195 1350 responsum
1227 1269 1258 1334 S.
1290 1267 1324 1333 C.
1355 1267 1388 1333 C.

58 1355 90 1421 d.
117 1355 149 1420 d.
175 1357 206 1420 3.
232 1354 310 1419 Dec.
337 1356 421 1419 1707
446 1354 491 1434 (ν.
518 1355 549 1419 S.
574 1355 771 1438 Alphons
798 1355 852 1433 VI,
879 1358 960 1430 544;
985 1356 1292 1422 Bellen-Palm.
1316 1357 1337 1421 l.
1362 1378 1388 1421 c.

57 1462 91 1511 n.
119 1445 201 1525 538)
224 1447 321 1528 lepem
344 1466 407 1508 non
429 1444 519 1526 furit.
566 1444 613 1510 Cf.
643 1445 699 1511 la.
723 1468 764 1512 m.
789 1444 830 1518 ΙΙ,
856 1446 919 1510 377
945 1454 1006 1511 aot.

152 1550 193 1616 R.
218 1552 249 1616 4.
295 1550 349 1614 Ex
371 1549 427 1628 iis,
458 1570 542 1631 quae
565 1550 653 1615 dicta
676 1556 752 1616 sunt
775 1551 808 1615 in
832 1551 871 1617 R.
897 1555 933 1629 2,
966 1555 1061 1635 patet
1083 1552 1304 1634 capellanum,
1336 1551 1449 1633 quirat

57 1659 102 1706 ue
127 1640 245 1705 fideles
276 1639 405 1721 quidem
436 1660 514 1704 suae
544 1639 718 1723 parochiae
742 1639 850 1705 valide
880 1641 1052 1706 absolvere
1081 1641 1205 1724 potuit,
1238 1662 1304 1705 non
1332 1643 1391 1724 po-

55 1730 167 1796 tuisse
192 1729 383 1813 peregrinos
406 1729 488 1793 alios
512 1729 546 1793 in
569 1731 640 1794 loco
663 1729 842 1795 sanctuarii
866 1729 1046 1797 absolvere.

154 1819 248 1883 Haec
278 1817 408 1900 quidem
438 1839 497 1902 per
526 1839 571 1884 se.
625 1818 688 1883 Per
717 1818 869 1883 accidens
901 1822 1012 1883 tamen
1040 1820 1251 1904 probabiliter
1280 1818 1391 1883 valida

55 1913 138 1974 erat
162 1907 336 1984 absoluti0,
362 1928 434 1971 cum
459 1928 551 1972 error
575 1911 664 1973 esset
688 1907 877 1982 communis,
902 1912 1002 1990 atque
1026 1909 1059 1972 in
1082 1908 1151 1972 solo
1169 1928 1279 1972 errore
1303 1929 1390 1973 com·
1443 1990 1446 1997 .

10 1996 14 2013 ²
53 1997 154 2064 muni
178 1997 329 2062 Ecclesia
352 1996 564 2079 probabiliter
587 1997 740 2080 suppleat
762 1996 993 2062 iurisdictionis
1017 1997 1192 2063 defectum.
1225 1997 1390 2073 Quomodo

52 2084 89 2153 id
103 2089 182 2152 'fiat
205 2091 239 2152 et
263 2085 422 2168 quomodo
446 2086 528 2150 haec
550 2107 604 2150 res
626 2086 848 2168 intellegatur,
874 2085 947 2151 vide
971 2086 1058 2152 infra
1081 2108 1112 2152 n.
1137 2087 1324 2151 raa-432.

154 2175 247 2252 Quod
272 2174 378 2256 magis
401 2174 441 2239 de
472 2175 730 2241 absolutionibus
755 2175 862 2252 valet,
894 2197 975 2258 quas
1000 2175 1189 2241 Camerinus
1215 2174 1320 2253 dedit,
1353 2195 1391 2239 eo

51 2265 150 2350 quod
176 2265 219 2329 ad
242 2285 387 2328 errorem
411 2285 613 2329 communem
638 2263 680 2343 (si
702 2269 846 2330 erratum
868 2264 911 2329 sit
930 2264 963 2328 in
980 2286 1028 2342 ec,
1054 2265 1139 2346 quod
1161 2268 1295 2347 putetur
1318 2285 1392 2329 eum

48 2353 221 2422 habuisse
245 2375 281 2418 re
304 2374 384 2417 vera
407 2353 662 2419 iurisdictionem
687 2375 707 2417 a
730 2354 871 2437 parocho
895 2353 957 2418 loci
981 2354 1089 2419 valide
1113 2352 1313 2435 delegatam)
1338 2374 1393 2417 ac-

49 2443 205 2512 cesserit
227 2442 343 2509 titulus
363 2444 600 2527 probabilitatis
624 2445 716 2526 icaria,
742 2463 804 2524 quo
828 2464 923 2507 omne
947 2444 1071 2509 morale
1094 2443 1272 2527 periculum
1297 2442 1393 2507 nulli·

48 2535 144 2602 tatis
170 2531 412 2598 absolutionum
436 2532 595 2597 aufertur.
643 2532 690 2598 Cf.
714 2532 800 2596 infra
824 2553 854 2598 n.
880 2534 955 2599 431.

49 2721 347 2794 APPROBAulo
360 2723 417 2788 ΕΤ
430 2722 692 2789 qursulculo
706 2721 974 2788 PERDURANS
986 2721 1074 2787 VEL
1086 2720 1391 2789 PRAESUMPTA.

624 2885 733 2954 casus.
754 2893 830 2961 (121)

154 3028 267 3089 Lucius
289 3032 359 3086 ante
380 3036 439 3087 octo
459 3046 554 3085 annos
574 3026 691 3103 accepit
712 3025 955 3103 approbationem
977 3028 1013 3084 ab
1034 3025 1173 3101 episcopo
1195 3024 1340 3084 dioecesis
1355 3025 1392 3094 A,

50 3111 86 3173 in
111 3129 176 3188 qua
197 3108 361 3179 habitabat,
387 3127 496 3182 ,usque
517 3106 556 3165 ad
575 3106 824 3165 revocationem“.
853 3106 977 3166 Interim
992 3105 1169 3165 domicilium
1191 3111 1221 3164 et
1236 3105 1392 3164 dioecesim

51 3184 204 3260 mutarit,
226 3189 279 3248 sed
300 3188 450 3247 transiens
472 3186 629 3245 dioecesim
651 3189 679 3245 A
692 3187 893 3261 interrogatur
914 3206 932 3245 a
953 3186 1009 3245 loci
1024 3186 1162 3262 parocho,
1185 3190 1305 3262 propter
1326 3205 1392 3244 con·

50 3277 177 3335 fluxum
199 3269 316 3346 populi,
347 3288 415 3327 num
436 3268 510 3326 velit
531 3267 668 3344 excipere
689 3267 908 3336 confessiones;
938 3286 970 3326 se
992 3266 1149 3342 scripsisse
1171 3265 1318 3325 ordinario
1339 3285 1394 3342 pro

50 3353 212 3415 facultate
235 3347 467 3408 communicandi
488 3348 667 3424 quibuslibet
680 3347 794 3406 idoneis
809 3346 1013 3406 sacerdotibus
1034 3352 1212 3423 potestatem
1228 3345 1392 3422 excipiendi

53 3431 290 3500 confessiones,
321 3448 410 3505 seque
436 3435 548 3488 certum
576 3447 643 3487 esse
672 3427 893 3486 concessionem
916 3447 982 3485 esse
1003 3428 1113 3486 factam
1135 3432 1167 3486 at
1187 3427 1315 3486 nondum
1337 3427 1394 3484 sibi
1442 3454 1450 3482 κ

54 3535 130 3576 esse
152 3511 348 3572 notificatam.
391 3508 454 3578 Quo
476 3509 585 3577 audito,
608 3508 718 3567 Lucius
739 3508 852 3567 annuit.

54 3623 246 3695 qunsrrna
269 3618 297 3674 1⁰
318 3615 462 3692 quomodo
484 3614 657 3691 approbatio
679 3618 708 3673 et
728 3612 893 3673 iurisdictio
915 3613 1055 3689 exspiret.

270 3708 300 3764 2ο
319 3704 458 3762 valeatne
478 3703 642 3762 iurisdictio
657 3708 687 3762 et
701 3702 874 3780 approbatio
896 3707 1087 3779 praesumpta
1107 3702 1156 3760 vel
1178 3721 1320 3761 concessa
1335 3701 1394 3777 qui·

323 3785 388 3843 dem
408 3784 461 3842 sed
482 3785 610 3842 nondum
631 3784 793 3843 notificata.

270 3876 300 3934 3⁰
321 3875 350 3932 in
373 3894 445 3933 casu
466 3880 569 3933 nostro
590 3873 758 3951 potueritne
772 3892 804 3931 re
819 3891 891 3931 vera
904 3871 1014 3931 Lucius
1029 3871 1233 3930 confessiones
1248 3870 1394 3946 excipere.

663 4055 800 4122 Salutio.

155 4204 211 4269 An
235 4219 427 4277 ouxssmuu
453 4201 490 4262 lm
513 4197 552 4264 R.
579 4201 608 4264 1.
654 4196 839 4262 Iurisdictio
863 4196 904 4261 sd
929 4193 1138 4277 excipiendas
1163 4191 1455 4264 confessionesiaa

57 4316 149 4383 quae
175 4290 319 4357 habetur
341 4287 375 4352 vi
398 4287 540 4352 muneris
564 4292 598 4353 et
622 4286 736 4365 officii,
770 4309 839 4350 cara
870 4286 973 4369 officio
1004 4282 1169 4383 exspirat;
1201 4282 1258 4383 sed
1289 4285 1394 4383 niorto

57 4379 279 4455 concedentis
302 4398 408 4461 neque
431 4376 596 4443 ordinaria
618 4397 723 4458 neque
747 4376 900 4458 delegata
930 4373 1111 4438 iurisdictio
1135 4375 1298 4455 exspuat,
1331 4392 1392 4434 nisi

56 4479 153 4544 forte
179 4471 258 4536 data
281 4468 326 4535 sit
352 4467 412 4546 ,ad
436 4466 607 4532 arbitrium
629 4469 804 4530 nostrum“.
1134 4564 1186 4618 16*
