3044 5174
496 301 642 356 Extremae
660 303 798 357 unctionis
816 304 938 358 effectus.
1312 307 1376 372 379

60 474 196 541 »raetica
221 480 390 562 praeviam
422 477 648 560 confessionem
678 486 706 543 et
736 478 970 545 absolutionem.
1018 478 1104 544 Nam
1135 478 1197 544 etsi
1230 479 1377 563 praecise

60 565 87 628 id
112 565 357 650 suscipiendum
381 566 442 631 hoc
465 571 708 632 sacramentum
732 567 883 632 sufficere
906 567 1011 649 possit
1033 572 1142 633 status
1165 569 1295 651 gratiae
1320 590 1379 652 per

60 654 281 720 nutritionem
305 654 486 738 perfectam
510 660 705 738 procuratus
728 656 849 738 (quoad
872 656 976 721 solam
996 656 1142 722 enimes.
1160 658 1378 724 eucharistiae

60 743 292 827 xusceptionem
318 744 486 810 definitum
516 750 568 810 est
591 744 758 828 praemitti
783 746 937 811 debere
962 745 1232 827 confessioneml:
1265 751 1378 812 tamen
1480 805 1482 809 ,

60 831 213 898 oufessio
237 837 413 917 propterea
435 834 553 900 saltem
578 834 765 900 necessaria
788 839 855 911 est,
888 834 965 916 quia
988 834 1167 918 suscipiens
1195 840 1378 902 extremam

60 922 237 988 motionem
252 922 286 987 in
309 924 403 1004 gravi
428 922 518 988 vitae
540 923 683 1006 periculo
707 927 870 1000 versatur,
894 923 926 987 in
952 944 1015 1005 quo
1032 924 1220 1005 quemlibet,
1245 926 1300 1008 qui
1316 924 1378 990 sihi

60 1011 199 1077 euscius
223 1017 275 1078 est
298 1012 446 1078 mortalis
469 1012 610 1095 peccati,
645 1011 883 1077 confessionem
905 1033 1065 1095 peragere
1096 1033 1137 1077 ex
1167 1013 1237 1078 iure
1267 1015 1377 1080 divino

60 1101 173 1184 lebera,
198 1101 285 1184 apud
309 1121 421 1166 omnes
444 1101 477 1165 iu
500 1101 650 1167 confesso
674 1108 735 1167 est.

139 1207 262 1272 Verum
281 1207 322 1272 ad
338 1208 490 1273 effectum
507 1207 705 1273 sacramenti
721 1212 889 1274 extremae
907 1207 1068 1274 unctionis
1084 1208 1294 1274 obtinendum
1309 1209 1378 1275 suf·
1436 1241 1444 1258 ·

60 1295 118 1360 icit
131 1296 235 1377 utqui
248 1301 419 1379 peecatum
432 1296 570 1362 mortale
588 1297 795 1376 commiserit,
813 1296 1007 1380 praemittat
1023 1297 1167 1363 unctioni
1183 1304 1379 1382 supernatu-

60 1385 154 1449 alem
179 1385 299 1450 saltem
322 1384 502 1451 attritionis
525 1385 680 1451 dolorem.
712 1386 774 1450 Illa
797 1385 966 1469 dispositio
989 1386 1134 1469 practice
1157 1387 1279 1454 sufficit
1298 1389 1332 1469 a)
1349 1387 1379 1453 ei

60 1473 110 1556 pri
132 1473 220 1538 bona
242 1474 306 1538 fide
329 1478 426 1559 putat
448 1495 484 1540 se
507 1479 643 1560 peccato
666 1474 760 1557 gravi
785 1475 958 1540 obnoxium
990 1496 1055 1540 non
1085 1496 1173 1554 esse,
1205 1476 1239 1560 b)
1264 1476 1293 1542 ei
1324 1477 1379 1558 qui

60 1567 197 1645 requeat
220 1563 368 1628 eonfitem'
391 1564 445 1628 vel
470 1564 538 1645 qui,
563 1568 755 1647 cumputat
784 1584 820 1629 se
850 1564 1053 1642 absolutum,
1078 1565 1247 1631 absolutus
1270 1565 1380 1631 valide

60 1673 116 1716 rou
139 1650 214 1717 fuit.
261 1651 352 1728 Quod
376 1672 414 1717 eo
438 1654 543 1736 magis
566 1652 804 1718 advertendum
829 1657 890 1729 est,
921 1653 1014 1734 quia,
1048 1658 1208 1719 extrema.
1227 1656 1379 1721 unctione

60 1761 137 1806 roua
160 1740 224 1805 fide
247 1745 418 1825 suscepta,
449 1741 518 1807 eius
541 1744 694 1819 effectus,
726 1742 788 1807 etsi
812 1746 947 1825 propter
970 1741 1191 1825 dispositionis
1214 1744 1377 1810 deiectum

60 1829 166 1896 rtatim
197 1850 262 1894 non
292 1830 509 1912 producatur,
547 1852 608 1914 per
636 1831 903 1898 reviviscentiam
935 1835 1053 1915 postea
1083 1834 1192 1914 potest
1229 1832 1378 1912 obtineri,

60 1918 229 1985 recedente
253 1917 407 1985 videlicet
429 1918 641 2003 dispositione
666 1920 785 1987 debita.
821 1922 878 1987 Ta.
904 1943 943 1986 m.
968 1920 1010 1998 Π,
1036 1922 1111 1986 568.

143 2043 195 2105 Au
218 2062 410 2117 ouaxsrruu
434 2046 474 2107 2¹²
497 2041 535 2109 R.
564 2047 590 2111 l.
631 2042 735 2110 Recte
766 2043 895 2127 quidem
927 2045 1088 2127 parochus
1118 2043 1259 2110 Varroni
1289 2044 1439 2113 dedit665

60 2155 75 2198 ι.
102 2131 301 2208 unctionem,
324 2130 422 2214 idque
445 2137 521 2216 post
537 2133 796 2198 condiciouatam
814 2133 1060 2201 absolutionem.
1093 2134 1178 2199 Nam
1196 2134 1379 2201 hominibus

60 2219 222 2286 :atholicis
246 2220 300 2302 qui
324 2225 402 2286 sunt
424 2220 573 2286 sensibus
596 2221 761 2300 destituti,
794 2221 924 2304 quando
947 2221 1125 2307 periculum
1150 2224 1256 2288 estin
1276 2246 1377 2302 mora,

60 2309 124 2375 lari
148 2309 255 2387 debet,
280 2310 433 2391 quamdiu
458 2331 521 2375 non
541 2315 672 2377 constat
687 2332 744 2376 eos
760 2331 833 2375 esse
849 2312 1047 2377 sacramenti
1064 2313 1171 2377 fructu
1188 2313 1377 2396 incapaces3

60 2398 197 2480 ilioquin
209 2398 294 2463 enim
307 2399 445 2482 supponi
459 2399 556 2465 debet
567 2420 623 2464 eos
634 2399 886 2483 interpretativa
898 2400 1040 2465 voluisse
1054 2404 1088 2466 et
1100 2402 1185 2466 velle
1197 2407 1379 2469 extremam

60 2489 249 2554 motionem.
287 2488 388 2569 Atqui
412 2489 445 2552 in
470 2489 509 2553 iis
532 2489 586 2570 qui
609 2489 760 2555 sensibus
785 2489 934 2556 destituti
956 2494 1043 2567 sunt,
1068 2489 1131 2555 etsi
1154 2511 1267 2573 parum
1293 2491 1379 2557 chri·

60 2577 162 2642 rtiane
192 2577 352 2654 vixerint,
386 2578 438 2642 vel
470 2577 566 2643 immo
590 2577 623 2642 in
647 2582 724 2644 actu
747 2578 875 2661 peccati
899 2577 1026 2644 ratione
1049 2578 1288 2657 destituantur,
1321 2580 1378 2645 vix

60 2686 209 2747 imquam
233 2666 398 2732 constabit
420 2687 477 2731 eos
500 2666 608 2732 fructu
632 2667 831 2733 sacramenti
861 2688 934 2732 esse
965 2668 1147 2750 incapaces.
1194 2669 1317 2746 Aliter,
1351 2669 1379 2734 si

60 2755 126 2838 puis
157 2758 313 2836 aegrotus
343 2755 472 2821 ratione
494 2756 600 2822 ut'tur
622 2760 656 2822 et
679 2756 860 2823 sacerdotis
884 2755 1039 2821 auxilium
1064 2756 1234 2840 spirituale
1262 2758 1378 2825 renuit.

60 2843 175 2921 Quodsi
191 2843 293 2926 igitur
308 2844 460 2923 Varroni,
480 2844 557 2912 licet
573 2845 780 2930 culpabiliter
795 2867 831 2910 se
846 2844 1085 2924 inebriavisset,
1103 2850 1253 2912 extrema
1269 2847 1378 2913 unctio

60 2955 118 2999 rou
143 2937 215 2998 erat
239 2933 441 3016 deneganda,
465 2955 486 3000 a
509 2933 637 3001 fortiori
661 2933 732 3000 dam'
750 2935 870 3012 debuit,
896 2955 967 2998 curn
984 2955 1048 2999 non
1065 2934 1252 3001 eonstiterit
1268 2936 1380 3020 culpa·

60 3022 164 3088 ›iliter
186 3043 229 3087 au
251 3021 494 3107 inculpabiliter
517 3023 710 3090 ebrietatem
733 3023 917 3090 incurrerit.

144 3127 182 3195 R.
209 3131 239 3195 2.
272 3127 360 3193 Male
385 3134 494 3194 autem
518 3129 680 3213 parochus
703 3129 824 3195 adiecit
854 3127 1091 3194 condicionem:
1127 3129 1171 3206 ,si
1202 3130 1380 3212 dispositus

60 3240 88 3283 es
105 3238 166 3301 per
181 3222 303 3283 statum
321 3218 482 3300 gratiae“.
514 3218 601 3284 Nam
618 3218 679 3284 hac
695 3218 884 3284 condicione
900 3217 998 3283 elusit
1014 3219 1211 3285 sacramenti
1228 3221 1380 3285 effectum

60 3328 112 3391 ¹>ro
137 3327 175 3371 eo
200 3328 287 3383 casu,
311 3328 375 3388 quo
399 3306 540 3372 maxime
555 3307 656 3374 fuerit
671 3307 885 3382 necessarius,
910 3307 1007 3372 immo
1024 3329 1088 3389 quo
1104 3311 1253 3373 extrema
1270 3308 1379 3375 unctio

60 3395 184 3462 inicum
215 3395 358 3460 fortasse
389 3395 433 3461 sit
463 3396 619 3472 medium,
651 3418 714 3480 quo
739 3397 845 3462 Varro
869 3396 991 3462 salvari
1022 3397 1136 3480 possit.
1183 3398 1249 3462 Fac
1278 3397 1381 3480 igitur

60 3486 236 3551 Varronem
260 3505 332 3549 esse
355 3485 389 3549 iu
413 3488 503 3551 statu
527 3486 669 3569 peccati,
701 3506 807 3568 neque
837 3486 1073 3551 absolutionem
1103 3486 1246 3551 validam
1277 3487 1379 3553 fuisse

60 3575 110 3640 red
135 3573 325 3638 informem:
356 3573 516 3657 parochus
546 3574 688 3640 invalide
718 3575 808 3641 dedit
835 3575 1030 3640 unctionem.
1079 3574 1141 3640 Sed
1172 3575 1199 3640 si
1230 3577 1379 3642 absolute

60 3663 239 3729 ructionem
264 3662 408 3729 dedisset
430 3663 497 3745 (vel
521 3663 549 3728 si
573 3663 623 3728 vis
646 3664 706 3729 sub
730 3663 933 3730 condicione:
962 3663 1008 3742 ,si
1032 3684 1139 3747 capax
1162 3665 1244 3745 es‘),
1268 3666 1379 3730 unctio

60 3753 164 3819 valide
188 3752 325 3829 collata,
357 3752 420 3817 etsi
443 3753 530 3818 forte
554 3774 640 3818 nunc
662 3753 732 3818 sine
756 3753 881 3830 fructu,
916 3774 954 3817 eo
978 3753 1063 3835 quod
1087 3752 1194 3818 Varro
1218 3774 1259 3818 ne
1283 3753 1380 3819 attri-

60 3842 175 3909 iouem
200 3841 330 3924 quidem
353 3846 429 3925 post
452 3842 600 3908 ultimum
630 3847 803 3926 peccatum
833 3842 972 3907 mortale
1002 3842 1120 3907 elicere
1149 3843 1294 3926 potuerit
1326 3843 1380 3908 vel

60 3931 212 4008 elicuerit,
236 3935 353 4016 postea
374 3930 568 4019 produceret
584 3930 796 4015 probabiliter
812 3933 974 3998 effectum.
1006 3931 1169 3996 Videlicet
1184 3932 1380 4014 produceret

60 4022 222 4097 affectum,
253 4021 280 4085 si
305 4019 436 4102 quando
460 4025 574 4103 postea
598 4021 721 4096 Varro,
752 4020 850 4085 lucidi
880 4020 1046 4085 intervalli
1077 4025 1241 4085 momento
1272 4023 1378 4098 utens,

60 4109 256 4177 attritionem
289 4110 491 4175 solummodo
521 4109 609 4175 intra
639 4131 675 4174 se
705 4109 854 4186 eliceret;
892 4114 928 4175 at
958 4109 1126 4192 probabile
1157 4114 1209 4175 est
1239 4109 1271 4174 id
1302 4113 1379 4174 ante

60 4204 192 4266 nortem
215 4219 252 4264 re
275 4219 355 4264 vera
378 4198 457 4263 fieri.

142 4305 181 4371 R.
206 4308 236 4371 3.
277 4305 363 4370 Puer
385 4305 533 4369 octennis
557 4308 751 4388 supponitur
774 4308 918 4370 aetatem
942 4303 1147 4369 discretionis
1176 4304 1312 4380 babere3
1345 4309 1439 4371 etam

60 4396 145 4462 ›roin
169 4394 330 4478 parochus
354 4415 426 4458 eum
451 4395 493 4458 ad
517 4394 755 4459 confessionem
779 4393 953 4460 admittere
978 4396 1011 4458 et
1035 4393 1162 4459 actibus
1186 4393 1378 4459 necessariis

60 4507 123 4551 :um
149 4505 187 4550 eo
211 4483 366 4550 excitatis
390 4483 561 4548 absolvere
585 4484 705 4561 debuit,
731 4490 906 4565 antequam
930 4482 1036 4549 unxit.
1071 4482 1140 4560 Quo
1165 4482 1263 4559 facto,
1288 4484 1378 4548 nulla

60 4574 136 4642 atio
161 4578 233 4640 erat
256 4573 288 4638 in
313 4573 466 4638 unctione
490 4573 629 4638 addendi
651 4573 871 4639 condicionem
893 4571 937 4650 ,si
955 4592 1061 4654 capax
1078 4576 1153 4648 es“;
1179 4592 1253 4636 uam
1271 4593 1378 4654 capax

60 4670 141 4731 terto
166 4668 246 4730 erat.
292 4662 356 4728 Sed
379 4661 413 4726 si·
431 4682 467 4726 re
490 4663 562 4746 ipsa
584 4663 746 4745 parochus
762 4660 997 4727 confessionem
1015 4682 1080 4726 non
1096 4660 1236 4744 excepit,
1260 4660 1377 4726 nihilo-
