3044 5174
607 274 811 331 Sacramentum
830 277 1022 348 paenitentiae.

243 452 350 526 Castor
371 452 512 511 sacerdos
532 453 695 528 regularis,
724 452 771 510 cui
792 457 930 512 vetuerat
950 451 1086 529 superior
1106 452 1244 528 excipere
1266 453 1484 527 confessiones,

155 532 345 592 nihilominus
365 533 510 592 invitatus
532 533 563 591 in
583 533 690 592 itinere
711 535 749 592 ab
771 533 910 609 episcopo
932 532 1109 592 confessarii
1129 552 1250 592 munere
1271 533 1418 610 fungitur.

156 637 332 708 anunrrun
354 639 383 696 1⁰
403 637 559 714 possintne
579 637 702 715 parochi
722 638 858 697 revocari
878 638 916 696 ad
938 657 1064 696 examen
1076 657 1130 715 pro
1145 638 1300 699 audiendis
1322 639 1484 699 confessio·

408 718 504 789 nibus,
527 718 657 794 alioquin
677 718 881 777 iurisdictione
902 718 1022 794 privari.

356 809 386 865 2⁰
407 807 547 866 sacerdos
574 807 720 882 regularis
749 807 890 866 audietne
917 807 1014 865 valide
1042 807 1245 868 confessiones
1274 813 1305 868 et
1335 809 1484 881 absolvet,

408 887 503 947 invito
524 907 578 947 suo
600 887 760 964 superiore,
783 907 848 946 cum
871 886 964 946 solius
985 887 1117 964 episcopi
1137 887 1233 948 venia.

749 1059 885 1127 solutio.

93 1219 147 1273 434
244 1193 693 1270 acceieraverunt
739 1194 793 1259 Ex
816 1216 852 1259 se
875 1193 1026 1279 parochi,
1058 1194 1212 1277 quamdiu
1235 1199 1314 1262 sunt
1337 1195 1484 1279 parochi,

156 1282 277 1348 habent
299 1282 555 1349 iurisdictionem
578 1283 766 1366 expeditam
790 1284 822 1348 in
839 1305 916 1348 suos
932 1285 1051 1350 saltem
1066 1284 1293 1367 parochianos,
1317 1285 1381 1350 nisi
1399 1285 1485 1351 forte

155 1392 215 1455 per
230 1393 401 1526 censu‘rlam
424 1372 465 1438 iis
488 1372 588 1439 fuerit
603 1372 791 1448 subtracta;
815 1373 962 1455 adeoque
985 1393 1045 1457 per
1061 1394 1097 1438 se
1119 1393 1185 1438 non
1208 1377 1321 1440 essent
1343 1374 1486 1458 amplius

156 1483 329 1527 examrnan
355 1484 374 1527 1.

244 1559 283 1625 R.
316 1562 345 1625 2.
398 1558 617 1624 Nihilominus
651 1563 786 1642 propter
819 1559 1047 1624 vehementem
1081 1559 1298 1643 suspicionem
1333 1559 1485 1627 inscitiae

155 1648 326 1733 episcopus
349 1652 460 1732 potest
484 1648 583 1713 etiam
607 1649 786 1731 parochum
809 1669 829 1714 a
852 1670 888 1713 se
912 1649 1135 1714 examinatum
1158 1649 1200 1715 ad
1223 1670 1366 1714 examen
1389 1671 1484 1716 revo-

156 1758 241 1804 care.
289 1737 336 1803 ef.
363 1737 394 1803 S.
419 1738 452 1802 C.
477 1738 572 1803 Cone.
597 1738 627 1802 d.
653 1737 683 1802 d.
712 1740 751 1801 15
775 1737 844 1803 Ian.
872 1740 954 1803 1667
986 1741 1021 1802 et
1044 1738 1190 1805 Bened.
1214 1738 1310 1818 XIV,
1342 1740 1482 1805 lectitet.

156 1849 226 1892 cen.
252 1829 282 1905 9,
308 1849 338 1892 n.
367 1829 424 1905 16;
450 1828 487 1891 de
511 1849 578 1911 spo.
605 1828 700 1892 dices.
725 1827 746 1892 l.
773 1828 824 1905 13,
849 1847 876 1893 c.
902 1829 932 1904 9,
957 1848 988 1892 n.
1014 1829 1066 1894 21.

244 1924 283 1990 R.
309 1928 339 1990 3.
386 1924 472 2001 Quos
503 1923 572 2007 ipso
602 1924 774 2008 episcopus
803 1946 868 1989 non
897 1923 1117 1995 examinavit,
1148 1924 1206 1989 sed
1236 1924 1307 1990 sive
1340 1924 1480 1991 vicarius

156 2013 226 2079 sive
250 2018 451 2090 antecessor,
476 2013 536 2078 hos
559 2013 731 2097 episcopus
754 2033 796 2078 ex
819 2013 891 2079 sola
913 2013 1041 2079 ratione
1065 2012 1238 2078 securioris
1261 2015 1479 2082 conscientiae

156 2103 197 2168 ed
222 2123 361 2168 examen
385 2123 506 2168 vocare
530 2107 657 2185 potest:
682 2101 770 2180 ibid,
798 2104 854 2169 Tb.
879 2125 919 2168 m.
944 2102 985 2179 II,
1010 2104 1085 2168 377.
1500 2116 1517 2835 l

245 2201 285 2268 R.
309 2204 339 2266 4.
387 2201 421 2267 Si
445 2201 574 2282 quando
597 2200 631 2264 in
661 2200 812 2265 examina
842 2199 1002 2283 repererit
1031 2199 1174 2282 aliquem
1204 2199 1315 2266 debita
1345 2200 1477 2267 scientie

156 2289 368 2369 destitutum,
393 2294 481 2356 certe
505 2288 700 2354 subtrahere
723 2293 834 2373 potest
855 2289 1112 2354 iurisdictionem
1135 2309 1192 2353 scu
1218 2311 1239 2353 a
1261 2291 1475 2356 iurisdictione

156 2382 358 2464 suspendere,
383 2379 485 2444 donec
507 2378 669 2461 parochus
692 2378 849 2443 maiorem
872 2379 1044 2443 scientiam
1067 2379 1267 2461 probaverit.

244 2468 284 2534 R.
318 2471 348 2534 5.
402 2469 455 2532 Ex
492 2467 587 2534 dictis
620 2468 830 2548 consequitur
864 2489 988 2532 morem
1024 2467 1115 2532 illum
1154 2467 1384 2533 dioecesanum
1419 2489 1474 2533 non

157 2577 337 2638 congruere
354 2578 426 2622 cum
443 2556 604 2622 communi
620 2557 690 2622 iure
707 2557 878 2635 cenonico;
902 2577 1007 2637 neque
1023 2557 1211 2640 episcopum
1227 2576 1284 2622 eos
1308 2578 1392 2639 quos
1414 2558 1474 2641 ipsc

156 2647 221 2710 iam
245 2646 484 2712 examinaverit
507 2645 606 2728 (quod
628 2646 785 2727 intellege
809 2646 848 2710 de
872 2645 1124 2722 examinatione,
1150 2666 1246 2728 qnam
1270 2646 1343 2711 sive
1368 2669 1426 2731 per
1445 2667 1474 2709 se

157 2733 226 2799 sive
250 2757 309 2818 per
338 2736 579 2802 examinatores
609 2756 688 2800 ase
719 2735 844 2802 electos
872 2735 1066 2815 instituerit)
1095 2734 1380 2801 indiscriminatim
1410 2739 1475 2820 post

157 2823 409 2906 quinquennium
434 2825 539 2890 denuo
563 2845 658 2907 posse
682 2824 888 2899 examinare3
920 2845 1025 2905 neque
1046 2826 1189 2908 generali
1211 2823 1267 2889 illo
1292 2824 1402 2891 edicto
1425 2845 1473 2890 eos

157 2913 211 2994 qui
233 2935 297 2978 non
314 2914 492 2998 paruerint,
516 2913 739 2979 iurisdictione
754 2917 789 2978 ia
805 2920 878 2978 areos
895 2915 1109 2998 parochianos
1125 2912 1269 2981 destitui.
1302 2914 1337 2980 Si
1354 2914 1473 2997 quando

156 3007 266 3068 autern
289 3003 322 3068 in
346 3008 472 3069 certum
495 3003 657 3085 quendam
680 3004 857 3086 parochum
880 3001 960 3066 illud
983 3002 1124 3068 edictum
1148 3002 1306 3082 ferretur,
1338 3004 1475 3088 practice

156 3113 215 3175 pro
239 3092 347 3158 valido
371 3092 555 3159 habendum
579 3097 668 3158 esset
691 3112 796 3173 nequa
819 3091 982 3174 parochus
1005 3095 1117 3175 posset
1133 3090 1273 3174 amplius
1289 3096 1366 3158 tuto
1389 3093 1475 3158 iuris·

157 3180 331 3247 dictionem
355 3203 519 3248 exercere.
565 3181 651 3247 Nem
676 3181 828 3262 quoniam
860 3180 1012 3263 episcopo
1034 3180 1086 3245 ius
1110 3184 1162 3245 est
1194 3201 1237 3245 ex
1259 3181 1358 3262 gravi
1383 3203 1474 3248 causa

156 3271 197 3335 ad
221 3292 359 3336 examen
383 3292 519 3349 vocare,
551 3291 656 3352 neque
686 3291 818 3335 caueam
842 3269 904 3353 ipsi
928 3270 1070 3353 parocho
1101 3269 1316 3336 manifestare
1339 3275 1474 3347 tenetur,

157 3359 225 3424 eius
248 3360 366 3425 iudicio
390 3359 536 3443 practice
558 3359 710 3425 standum
736 3362 803 3436 est;
836 3358 888 3440 qui
920 3363 1030 3424 autem
1054 3359 1222 3442 putaverit
1245 3360 1308 3424 sibi
1331 3359 1474 3427 iniuriam
1508 3429 1511 3441 ‚

155 3449 235 3528 fieri,
260 3450 310 3514 ius
333 3450 433 3516 habet
456 3448 653 3532 appellandi.

94 3580 146 3634 435
244 3561 297 3628 An
327 3566 581 3639 demenciam
611 3561 650 3627 R.
697 3561 879 3645 Episcopus
909 3561 971 3626 etsi
1000 3583 1064 3626 non
1097 3564 1251 3628 teneatur
1282 3563 1348 3630 nisi
1380 3566 1475 3632 solam

157 3652 425 3738 approbationem
455 3651 661 3734 regularibus
694 3651 789 3727 dare,
821 3654 935 3733 utpote
965 3651 1020 3732 qni
1049 3650 1307 3717 iurisdictionem
1337 3654 1476 3738 recipere

157 3742 283 3825 possint
298 3764 357 3825 per
372 3762 449 3807 suos
472 3740 657 3825 superiores
674 3761 694 3804 a
709 3739 803 3804 Rom.
828 3739 991 3822 pontifice,
1015 3745 1126 3824 potest
1149 3743 1260 3806 temen
1277 3742 1382 3809 etiam
1404 3743 1475 3828 ipsis

156 3833 251 3896 simul
275 3854 348 3897 cum
372 3830 607 3916 approbatione
630 3828 885 3894 iurisdictionem
910 3829 1069 3896 conferre.

244 3921 386 3998 Quodsi
410 3919 541 3996 fecerit,
572 3918 704 3983 dubium
728 3939 799 3983 esse
823 3917 935 4000 nequit
959 3919 1143 4000 regularem
1167 3918 1266 3984 etiam
1291 3919 1400 3988 invito
1422 3942 1473 3986 suo

121 4043 136 4081 ι
156 4010 332 4094 superiore,
356 4011 476 4085 valide,
500 4012 575 4074 utut
591 4007 714 4083 illicite,
732 4006 952 4072 confessiones
968 4007 1136 4091 excipere:
1161 4030 1236 4073 nam
1253 4008 1473 4079 iurisdictione

156 4100 328 4182 validoque
352 4100 422 4164 eius
447 4120 506 4163 usn
530 4097 679 4180 privatur
707 4096 741 4160 in
764 4097 824 4162 tali
848 4117 926 4162 casu
956 4098 1027 4162 sola
1057 4119 1196 4163 censura
1219 4098 1251 4163 in
1277 4101 1473 4168 nominatum

155 4191 283 4274 lateat
306 4187 508 4254 denuntiata.

245 4278 368 4343 Exstat
397 4277 484 4342 circa
513 4276 597 4340 hano
626 4295 696 4338 rem
727 4274 906 4339 declaratio
931 4279 963 4341 S.
990 4277 1104 4362 Conpr.
1128 4277 1211 4362 Epp.
1239 4286 1266 4343 et
1291 4281 1370 4366 Req.
1396 4280 1426 4347 d.
1448 4278 1473 4343 d.

157 4372 176 4434 2
200 4368 312 4434 Martii
337 4370 433 4444 1866,
458 4367 498 4431 de
522 4387 586 4446 qua
609 4386 640 4429 V.
665 4367 745 4428 Aeto
770 4366 802 4428 S.
828 4367 922 4431 Sedis
945 4364 969 4440 Ι
995 4367 1070 4431 683.

244 4455 406 4558 Proposit
397 4478 425 4520 rs
382 4454 569 4521 tdubiis
600 4452 625 4521 I
656 4451 708 4516 An
739 4452 929 4554 religiosus,
959 4475 1025 4518 non
1048 4454 1249 4539 approbatus
1272 4454 1372 4525 iuxta
1395 4460 1475 4543 leges

157 4546 278 4629 proprii
302 4544 468 4612 ordinisa
492 4565 550 4608 suo
574 4541 741 4625 superiore
757 4542 842 4606 vel
834 4564 903 4625 ipso
920 4546 1004 4606 1nv1
1006 4563 1035 4619 o
1060 4565 1132 4607 oum
1155 4545 1228 4610 sola
1243 4544 1409 4617 facultate
1430 4569 1475 4615 or·

157 4635 282 4711 dinarii,
307 4634 415 4699 valide
439 4633 583 4717 excipiat
568 4631 826 4697 tconfessiones
849 4630 1088 4698 saecularium?
1509 4658 1516 4796 ι
