3044 5174
146 296 188 359 56
465 345 471 357 ,
613 293 654 348 De
672 295 844 348 sacramento
861 291 998 363 baptismi.

146 470 255 535 foetus
284 469 412 536 interea
439 470 634 547 emoriatur,
667 470 772 555 primo
795 469 1007 553 temptandus
1029 472 1082 534 est
1104 466 1287 552 baptismus
1310 466 1346 531 in
1368 486 1469 531 mem·

146 560 268 624 branae
291 559 415 637 foetus,
440 560 497 625 sed
513 560 599 625 illico
615 560 827 643 aperiendum
843 563 895 625 est
910 557 1123 635 involucrum,
1149 561 1186 623 nt
1208 577 1306 639 quam
1330 555 1469 640 primum

147 653 318 732 repetatur
341 648 523 732 baptismus
547 649 606 714 sub
631 649 818 714 condicione
840 647 874 713 in
890 647 996 732 ipsum
1020 646 1146 712 foetum
1168 645 1392 731 patefactum:
1416 644 1471 726 qni

147 739 175 802 si
199 738 313 821 primis
336 759 357 803 a
381 738 594 822 conceptione
617 738 818 822 temporibus
841 740 978 820 propter
1000 735 1200 819 parvitatem
1222 736 1306 801 bene
1330 733 1471 800 discerni

148 849 212 892 non
243 827 364 910 possit,
396 849 492 893 ovum
525 831 676 911 apertum
707 828 796 894 lente
826 827 1025 893 immittatur
1053 824 1087 890 in
1117 846 1237 908 aquam
1268 823 1470 907 tepefactam

147 917 301 998 lenteque
325 917 493 994 educatur,
519 917 595 982 dum
611 917 744 982 interim
766 916 956 1000 pronuntiet
979 935 1082 996 agens
1104 915 1207 980 verba
1222 911 1379 997 baptismi
1395 932 1471 978 con·

149 1005 320 1070 dicionati:
358 1005 403 1083 ,si
427 1006 569 1071 nondum
593 1006 790 1089 baptizatus,
822 1008 858 1071 at
881 1025 989 1088 capax
1011 1025 1061 1082 es,
1086 1025 1147 1086 ego
1171 1008 1206 1071 te
1228 1001 1361 1087 baptizo
1384 1003 1465 1068 etc‘

149 1095 212 1160 Cur
236 1100 346 1160 autem
371 1097 450 1160 lente
480 1095 670 1178 peragenda
693 1095 737 1162 sit
766 1093 931 1160 immersio
955 1095 990 1159 et
1020 1092 1158 1159 emersio
1182 1112 1222 1158 ea
1252 1090 1398 1157 maxime
1422 1094 1472 1155 est

148 1183 233 1249 ratio
258 1188 295 1249 ut
317 1183 449 1248 interim
470 1185 585 1250 effluat
609 1185 715 1266 liquor
735 1183 845 1261 amnii,
870 1184 925 1265 qui
949 1184 1072 1248 foetum
1090 1181 1281 1259 circumdat,
1305 1184 1408 1262 atque
1431 1180 1471 1245 ab

148 1273 221 1356 ipsa
244 1294 330 1355 aqua
354 1272 463 1338 foetus
486 1274 689 1357 attingatur:
727 1275 783 1340 Tb.
808 1296 849 1338 m.
874 1272 922 1349 II,
949 1274 990 1338 75
1014 1293 1056 1337 ex
1080 1270 1376 1355 Capellmann,
1407 1270 1471 1334 Me·

150 1363 259 1427 dicina
282 1364 464 1447 pastoralis.

104 1491 137 1544 97
238 1478 291 1542 An
314 1476 514 1553 Quaasmmu
539 1482 577 1542 2¹²¹
601 1478 640 1545 R.
660 1481 688 1543 1.
728 1477 894 1543 Perochus
917 1480 1066 1542 attentos
1089 1475 1226 1541 reddere
1249 1474 1349 1540 debet
1370 1471 1472 1539 medi·

149 1587 204 1632 cos
232 1567 287 1648 qni
317 1566 425 1631 solent
455 1567 566 1651 partui
592 1567 710 1633 adesse
732 1566 785 1631 vel
809 1567 842 1631 in
865 1566 987 1632 morbis
1014 1564 1225 1631 muliebribus
1248 1563 1472 1635 consuluntur,

149 1655 455 1810 idstiiiinimittant
477 1657 586 1721 foetus
609 1656 743 1722 humani
767 1656 978 1739 baptismum,
1002 1654 1057 1720 vel
1080 1653 1180 1720 etiam
1203 1657 1241 1719 ut
1263 1653 1326 1737 ipsi
1349 1656 1473 1718 matres

238 1841 277 1908 R.
303 1845 333 1908 2.
380 1842 496 1907 Coram
527 1842 756 1909 obstetricibus
787 1843 875 1908 clare
905 1846 939 1908 et
969 1845 1083 1925 aperte
1111 1840 1196 1906 hanc
1228 1861 1298 1905 rem
1325 1843 1473 1905 tractare

150 1935 260 2015 potest
283 1935 317 1997 et
340 1931 452 2008 debet,
481 1936 517 1997 ut
540 1932 618 1997 illae
641 1932 784 1997 calleant
812 1931 943 1996 modum
967 1930 1030 1996 rite
1053 1929 1242 2014 baptizandi
1264 1928 1298 1993 in
1328 1926 1473 2013 periculo

150 2019 552 2175 {tccffigcrlgngobeffitizandi
589 2021 698 2087 foetus
727 2020 760 2085 in
785 2041 864 2086 casu
888 2021 1079 2097 abortuum,
1111 2018 1167 2102 qui
1196 2038 1262 2083 non
1292 2017 1375 2082 adeo
1400 2038 1473 2082 raro

239 2207 278 2273 R.
304 2211 334 2274 3.
381 2207 598 2290 Quamquam,
630 2207 657 2272 si
681 2206 859 2273 satistuto
890 2206 960 2271 fieri
983 2206 1104 2290 possit,
1128 2204 1263 2290 expedit
1288 2207 1327 2270 ut
1350 2209 1474 2270 matres

151 2296 238 2362 circa
260 2297 345 2361 hanc
368 2318 436 2362 rem
461 2297 661 2363 edoceantur
691 2297 733 2361 ab
757 2296 935 2363 obstetrice
964 2296 1018 2361 vel
1042 2317 1063 2361 a
1092 2294 1233 2372 medico,
1264 2293 1474 2359 nihilominus

151 2389 227 2469 post
257 2385 500 2451 matrimonium
532 2385 666 2461 initum,
698 2385 725 2450 si
755 2389 863 2451 mater
891 2385 1093 2469 conceperit,
1127 2383 1205 2449 nihil
1228 2383 1366 2466 impedit
1398 2403 1475 2465 qno·

152 2474 259 2539 minus
292 2473 371 2540 data
403 2474 575 2541 occasione
607 2479 715 2540 mater
747 2474 787 2539 de
816 2475 876 2541 tali
909 2495 986 2540 casu
1018 2473 1186 2538 infortunii
1221 2476 1256 2538 et
1289 2471 1329 2537 de
1352 2471 1474 2538 auxilio

152 2563 256 2628 foetui
281 2563 387 2629 adhuc
410 2564 545 2629 ferendo
569 2585 590 2629 a
612 2563 755 2647 parocho
778 2563 971 2630 instruatur.

241 2661 280 2726 R.
306 2663 336 2727 4.
384 2661 470 2726 Hinc
500 2665 610 2745 patet,
644 2662 671 2726 si
704 2665 811 2727 mater
840 2660 979 2744 gravida
1009 2665 1140 2726 mortua
1169 2658 1270 2726 fuerit
1299 2678 1409 2740 neque
1438 2656 1475 2721 de

153 2751 245 2833 prole
269 2770 326 2814 seu
350 2750 440 2816 foetu
465 2750 564 2817 etiam
587 2751 653 2816 iam
677 2755 825 2816 emortuo
850 2759 931 2816 certo
955 2753 1099 2826 constet,
1126 2749 1218 2814 inse
1242 2747 1474 2829 obligationem

152 2859 288 2921 gravem
313 2860 385 2904 esse
408 2839 579 2906 faciendae
602 2839 768 2917 sectionis,
792 2844 830 2906 ut
845 2839 959 2916 foetui,
984 2842 1141 2921 quantum
1162 2836 1316 2921 possibile
1339 2837 1395 2914 sit,
1419 2857 1475 2919 per

153 2928 351 3011 baptismum
381 2929 595 3012 provideatur
624 2949 682 2994 seu
713 2928 784 2995 vita
814 2934 950 2995 aeterna
980 2926 1240 3012 supernaturalis
1271 2932 1474 3010 procuretur.

153 3017 276 3083 Verum
299 3017 340 3082 de
363 3017 472 3084 foetus
496 3018 724 3095 exstinctione,
749 3018 876 3082 etiamsi
894 3039 993 3101 saepe
1008 3017 1146 3083 multum
1163 3016 1271 3082 timeri
1288 3015 1397 3094 debet,
1422 3013 1476 3079 ad·

153 3107 283 3170 modum
306 3126 382 3172 mro
406 3112 496 3173 certo
520 3110 665 3184 constat3
690 3128 795 3189 neque
810 3107 940 3172 facilius
963 3106 1126 3172 fidendum
1142 3110 1194 3172 est
1211 3103 1347 3170 medicis
1362 3124 1476 3189 pamm

153 3195 362 3273 meticulosis,
387 3197 440 3278 qui
466 3197 561 3262 citius
582 3197 691 3262 foetus
706 3201 844 3262 mortem
861 3196 1038 3275 affirmant,
1064 3217 1135 3261 cum
1153 3194 1231 3260 nihil
1255 3193 1363 3259 minus
1380 3213 1476 3276 quam

153 3289 244 3350 certa
267 3288 319 3350 est
341 3306 429 3350 mors
451 3287 516 3351 iam
540 3291 663 3352 secuta.

109 3396 144 3448 98
241 3381 280 3450 R.
306 3385 334 3447 5.
390 3385 547 3449 Attamen
577 3383 718 3466 parocho
748 3403 806 3448 seu
838 3382 1000 3448 sacerdoti
1031 3381 1212 3464 generatim
1242 3380 1367 3446 sufficit
1395 3379 1476 3445 serio

154 3469 317 3536 monuisse
347 3492 403 3535 eos
427 3472 468 3537 ad
492 3493 573 3554 quos
596 3476 740 3556 spectat,
769 3476 838 3537 tum
863 3472 945 3554 legis
968 3472 1130 3555 positivae
1153 3469 1351 3552 gravissima
1375 3489 1477 3553 poena

154 3563 224 3624 tnm
251 3559 436 3626 indecentia
466 3561 512 3626 rei
544 3562 645 3644 ipsius
674 3562 865 3645 plerumque
895 3581 952 3625 eos
980 3561 1150 3644 prohibere
1181 3560 1277 3625 debet
1307 3558 1477 3641 quominus

154 3647 216 3732 ipsi
251 3669 324 3714 sese
355 3648 388 3713 in
420 3671 492 3715 eam
524 3672 594 3715 rem
624 3650 811 3715 immediate
844 3651 997 3733 ingerant
1026 3650 1118 3714 cuius
1149 3649 1258 3714 exitus
1289 3647 1354 3714 erit
1384 3647 1478 3714 valde

156 3737 280 3814 dubiae,
306 3742 432 3804 certum
456 3761 559 3822 grave
583 3741 702 3806 odium.
749 3740 840 3806 Nota
863 3739 1113 3823 prohibitionem
1137 3740 1192 3804 Pii
1208 3739 1257 3803 VI
1273 3758 1333 3821 per
1349 3739 1385 3805 S.
1405 3738 1478 3820 Offi-

156 3829 239 3892 cium
269 3828 299 3893 d.
332 3830 371 3892 15
400 3828 493 3894 Febr.
529 3831 614 3894 1780
647 3829 792 3894 missioni
823 3829 1020 3894 Sutchuensi
1049 3828 1178 3905 datam,
1210 3825 1273 3892 etsi
1301 3826 1388 3892 haec
1417 3847 1477 3891 non

156 3915 261 3999 possit
273 3916 386 3982 haberi
398 3939 457 4001 pro
470 3939 585 3984 norma
597 3922 631 3984 et
642 3919 716 4000 lege
728 3918 885 4001 generali.
917 3917 980 3982 Pro
992 3918 1049 3982 illa
1061 3917 1187 3983 scilicet
1199 3915 1332 3998 regione
1344 3921 1479 4000 propter

157 4006 341 4086 singulares
372 4027 488 4073 causas
511 4007 677 4091 prohibuit
706 4029 851 4072 summus
882 4008 1032 4091 pontifex
1061 4007 1159 4072 haec:
1194 4026 1253 4084 ,ne
1282 4003 1477 4071 missionarii

157 4094 189 4158 in
214 4095 344 4161 casibus
367 4096 621 4179 particularibus
652 4119 688 4162 se
711 4097 865 4179 ingerant
894 4097 927 4161 in
951 4095 1179 4162 demandanda
1202 4094 1365 4173 sectione,
1399 4094 1477 4160 mul·

157 4188 257 4265 toque
280 4185 387 4250 minus
411 4186 444 4250 in
468 4208 509 4252 ea
531 4187 737 4270 peragenda:
762 4191 816 4252 sat
838 4186 939 4251 fuerit
953 4186 1019 4251 illis
1035 4185 1184 4252 notitiam
1203 4184 1345 4249 edidisse
1370 4205 1478 4250 curas·

158 4294 256 4355 seque
281 4278 317 4340 ut
341 4274 410 4339 eius
434 4276 651 4359 perficiendae
675 4276 834 4342 rationem
859 4275 1056 4359 perdiscant,
1082 4276 1136 4356 qui
1158 4272 1351 4355 chirurgicis
1375 4274 1476 4341 inten-

158 4363 257 4440 dunt,
291 4363 364 4428 laici
390 4364 550 4436 homines,
576 4371 645 4431 tum
671 4387 768 4443 vero,
803 4386 875 4430 cum
900 4386 995 4430 casus
1018 4365 1148 4440 tulerit,
1183 4364 1327 4428 eiusdem
1352 4362 1475 4447 praxim

158 4451 299 4535 ipsorum
325 4453 413 4517 oneri
431 4476 470 4519 ac
492 4456 618 4519 muneri
639 4455 842 4537 reliquisse“.
878 4456 952 4520 Coll.
970 4458 1002 4520 S.
1022 4457 1054 4520 Ο.
1081 4457 1120 4518 de
1136 4455 1231 4539 Prop.
1248 4454 1331 4518 Fide
1355 4476 1389 4521 n.
1408 4455 1474 4518 5i3.

113 4578 147 4631 99
247 4563 299 4626 An
322 4581 513 4636 ousssrrun
538 4564 577 4626 3²²
601 4561 640 4626 a.
667 4565 695 4627 1.
743 4562 846 4626 Recte
870 4561 938 4643 egit
962 4560 1123 4644 parochus
1146 4560 1231 4624 serio
1255 4581 1394 4626 monens
1417 4579 1474 4624 me·

157 4648 263 4714 dicum
287 4671 328 4714 ne
352 4650 485 4716 omittat
507 4651 701 4728 sectionem,
732 4651 992 4734 quamprimum
1023 4672 1111 4715 mors
1141 4649 1257 4716 matris
1280 4655 1355 4717 erat
1379 4653 1472 4716 certa.
1513 4641 1516 4741 l
