3044 5174
147 271 212 335 464
643 267 847 322 Sacramentum
867 264 978 319 ordinis.

146 442 413 526 perpendendum
444 445 495 507 est
519 442 672 507 damnum
696 442 781 525 quod
805 441 952 507 incurrat
977 440 1155 506 differendo
1184 439 1266 520 iter,
1296 462 1341 506 ex
1373 442 1475 508 altera

146 537 242 616 parte
266 530 423 613 obligatio
448 529 546 596 officii
570 530 671 595 divini
701 530 752 596 cui
781 552 841 614 per
870 530 981 615 plures
1004 529 1073 596 dies
1095 550 1162 595 non
1184 527 1290 614 possit
1313 530 1474 597 satisfieri.

235 637 268 704 Si
294 636 448 703 damnum
472 636 559 702 ferre
583 636 680 704 debet
704 646 820 703 certum
843 636 997 702 notabilis
1020 656 1168 702 summae
1190 635 1364 720 pecuniae,
1390 659 1422 703 v.
1445 659 1474 722 g.

146 727 222 808 quia
254 731 383 810 tempus
418 730 531 810 aptum
564 726 733 792 chartulae
768 726 967 792 exstinctum
1001 724 1116 803 fuerit,
1153 725 1308 790 damnum
1349 726 1476 792 circiter

148 818 190 881 20
225 837 306 892 mc,
343 816 371 880 si
406 816 511 881 solum
546 819 678 899 specto,
719 815 872 881 existimo
906 836 966 898 pro
1001 835 1101 880 causa
1136 834 1221 897 quae
1254 814 1402 883 sufficiat
1436 816 1474 881 ad

146 904 368 971 excusandum
405 926 425 969 a
460 903 653 970 recitatione
688 903 788 969 officii
825 903 926 970 etiam
960 924 1020 987 per
1056 907 1126 968 tres
1164 902 1244 970 dies.
1298 903 1337 969 Id
1371 905 1475 988 magis

146 995 245 1060 etiam
279 994 387 1071 valet,
420 993 449 1058 si
481 993 547 1058 alia
580 993 739 1060 accedant
769 992 993 1070 incommoda,
1030 1013 1114 1074 quae
1147 1013 1188 1056 ex
1222 992 1326 1059 dilato
1359 994 1473 1059 itinere

145 1083 303 1149 oriantur.

234 1189 273 1254 R.
299 1191 329 1255 2.
376 1188 449 1254 Iltsi
479 1187 580 1270 igitur
610 1189 650 1254 de
680 1189 799 1253 damno
828 1187 886 1252 illo
910 1188 1080 1253 chartulae
1109 1209 1174 1252 non
1204 1193 1343 1270 agatur,
1378 1190 1407 1254 si
1436 1211 1473 1254 ex

146 1278 247 1344 dilato
270 1277 388 1343 itinere
411 1277 501 1343 aliud
523 1279 676 1343 damnum
700 1281 908 1360 sequeretur,
940 1277 1025 1359 quod
1052 1276 1197 1342 indicato
1221 1278 1341 1343 damno
1365 1278 1473 1361 aequi·

146 1368 284 1438 valeret.
309 1366 461 1432 similiter
482 1372 562 1450 puto
585 1368 670 1432 hanc
693 1387 766 1432 esse
788 1367 951 1433 rationem
974 1365 1204 1432 excusationis.

233 1474 273 1540 R.
294 1476 324 1540 3.
363 1473 398 1538 Si
421 1494 500 1538 vero
523 1493 588 1538 non
612 1473 723 1555 agitur
746 1474 786 1538 de
809 1494 888 1538 vero
913 1472 1021 1556 aliquo
1045 1472 1164 1538 damno
1186 1472 1395 1550 incurrendo,
1420 1474 1472 1540 sed

145 1562 185 1628 de
216 1561 286 1627 solo
310 1562 434 1627 maiore
456 1561 624 1628 minoreve
654 1561 838 1640 commodo,
871 1562 912 1627 de
941 1563 1011 1627 solo
1041 1561 1138 1644 genio
1164 1561 1368 1628 fraudando:
1398 1584 1472 1629 sane
1513 1584 1515 1591 ·

144 1672 208 1717 non
233 1655 284 1716 est
306 1650 391 1716 ratio
415 1671 474 1716 cur
496 1651 595 1718 liceat
613 1650 809 1717 Mamertino
833 1650 946 1718 statim
970 1651 1121 1734 prosequi
1146 1650 1210 1716 iter
1232 1671 1307 1716 cum
1330 1653 1472 1737 periculo

143 1741 199 1805 vel
221 1739 427 1825 praevisione
457 1761 522 1805 non
553 1741 712 1805 recitandi
742 1740 849 1806 officii.
897 1740 1013 1823 Neque
1042 1740 1128 1823 quod
1158 1739 1297 1823 pecunia
1329 1762 1471 1826 expensa

144 1831 188 1896 sit
211 1828 413 1895 solummodo
432 1850 491 1912 pro
507 1828 625 1895 itinere
641 1829 729 1894 nullo
745 1828 841 1894 modo
858 1828 1052 1907 necessario,
1078 1850 1137 1913 pro
1153 1827 1332 1897 sufficienti
1347 1832 1471 1898 ratione

143 1919 247 1984 habeo
272 1918 472 1985 omittendae
495 1918 697 1984 recitationis
721 1918 821 1984 divini
845 1917 953 1986 officii.

231 2025 334 2091 Immo
351 2025 576 2108 quodcumque
592 2029 644 2091 est
659 2024 732 2104 iter,
749 2024 778 2089 si
792 2025 827 2090 in
843 2046 882 2090 eo
898 2046 972 2090 cum
987 2024 1096 2107 aliquo
1113 2023 1242 2106 quidem
1258 2025 1469 2104 incommodo,
1513 2058 1515 2077 ι

143 2115 288 2180 eadsine
305 2135 385 2180 vero
402 2115 530 2192 damno,
558 2114 686 2179 occasio
703 2135 739 2179 se
755 2113 912 2180 obtulerit
929 2112 1187 2196 interrumpendi
1212 2113 1340 2180 itineris
1365 2120 1402 2182 et
1416 2116 1469 2181 ha·

144 2204 240 2269 bandi
272 2203 442 2281 breviarii,
479 2203 620 2269 debebat
648 2203 864 2269 Mamertinus
894 2203 957 2268 hac
987 2201 1234 2286 opportunitate
1264 2203 1331 2283 uti,
1368 2225 1469 2288 neque

143 2293 264 2359 licebat
286 2292 424 2358 ulterius
446 2313 585 2376 pergere
608 2292 641 2357 in
665 2292 774 2360 officio
799 2291 908 2357 divino
932 2291 1123 2358 omittendo.

232 2408 270 2472 R.
297 2411 326 2472 4.
373 2408 461 2472 Num
485 2409 555 2473 sola
579 2407 664 2474 ratio
688 2428 904 2492 expensurum
929 2428 988 2490 pro
1015 2427 1102 2472 novo
1131 2405 1296 2472 breviario
1319 2409 1407 2474 ratio
1430 2408 1469 2474 sit

144 2496 375 2574 excusationis,
399 2497 521 2580 pendet
536 2519 556 2563 a
572 2496 760 2563 condicione
775 2496 972 2562 Mamertini.
1008 2495 1043 2561 Si
1059 2496 1180 2577 alioqui
1201 2517 1279 2562 mox
1304 2503 1468 2581 emptums

143 2585 187 2650 sit
214 2607 336 2650 novum
360 2586 573 2664 breviarium,
605 2591 695 2652 certe
717 2607 783 2651 non
806 2590 984 2652 excusatur
1011 2586 1053 2650 ab
1077 2584 1210 2667 aliquali
1234 2586 1467 2653 acceleratione

144 2674 327 2758 emptionis.
361 2674 527 2753 Similiter,
552 2675 580 2739 si
603 2676 680 2740 novi
703 2674 857 2741 breviarii
881 2675 1003 2758 emptio
1026 2673 1088 2757 ipsi
1111 2695 1177 2739 non
1199 2674 1245 2739 sit
1259 2674 1397 2753 inutilis,
1422 2677 1465 2740 vel

144 2785 202 2846 pro
220 2763 408 2829 condicione
432 2764 584 2829 fortunae
609 2787 672 2829 non
697 2786 750 2829 res
771 2764 880 2846 magni
898 2762 1064 2841 momenti,
1089 2764 1267 2829 difficulter
1282 2770 1463 2830 excusatur.

141 2854 265 2918 Verum
289 2853 317 2917 si
340 2875 460 2918 novum
484 2853 681 2918 breviarium
707 2855 734 2918 ei
761 2857 812 2918 est
834 2854 966 2929 inutile,
997 2851 1092 2918 alteri
1123 2873 1202 2918 vero
1232 2857 1309 2937 post
1340 2856 1462 2919 brevem
1496 2880 1499 2897 ·

143 2964 235 3007 usum
260 2964 373 3007 rursus
389 2943 531 3007 vendere
554 2943 655 3008 fuerit
678 2942 818 3019 difficile,
843 2942 913 3026 ipse
930 2947 1040 3007 autem
1056 2963 1180 3025 pauper
1196 2947 1264 3009 est:
1289 2943 1382 3009 solae
1398 2945 1462 3008 illae

141 3053 306 3116 expensae
342 3032 427 3098 ratio
461 3036 553 3110 sunt,
590 3053 648 3097 cur
681 3053 746 3095 non
775 3036 929 3098 teneatur
963 3052 1071 3095 emere
1105 3052 1225 3096 novum
1261 3032 1460 3098 breviarium.

141 3121 262 3197 Quodsi
295 3121 397 3202 igitur
429 3121 526 3187 aliter
557 3125 699 3204 nequeat
733 3120 873 3185 recitare
908 3120 978 3184 sine
1009 3120 1146 3185 notabili
1180 3120 1386 3187 incommodo
1418 3122 1459 3185 vel

141 3210 270 3286 damno,
294 3212 421 3275 interea
445 3231 464 3274 a
487 3209 681 3276 recitatione
705 3210 926 3275 excusabitur

79 3364 130 3419 807
229 3344 282 3407 An
306 3344 478 3407 1111111121ῃ
502 3341 588 3408 R.l.
629 3341 704 3407 Sine
728 3341 824 3407 dubio
845 3340 897 3405 vir
919 3341 1092 3423 religiosus
1114 3340 1241 3406 ratione
1264 3311 1515 3450 paupertatisg

140 3431 269 3496 facilius
294 3431 519 3508 excusabit,ur
552 3436 635 3497 net
620 3435 774 3497 teneatur
797 3451 960 3514 expensas
984 3430 1093 3496 facere
1117 3430 1233 3532 quibus
1257 3432 1419 3500 auferat
1411 3453 1459 3497 nn·

140 3520 306 3602 pediment
309 3542 361 3584 um
386 3520 545 3586 recitandi
569 3520 669 3585 divini
694 3520 802 3597 officii,
828 3541 924 3602 quam
947 3519 1003 3583 ille
1026 3520 1079 3601 qui
1096 3519 1147 3583 sui
1162 3517 1242 3584 iuris
1265 3525 1328 3587 est.
1365 3488 1515 3620 Quarti}

140 3630 182 3673 ex
205 3610 267 3674 bac
291 3613 385 3711 parte
410 3630 543 3686 censeo,
574 3609 602 3673 si
626 3631 743 3674 revera
769 3630 932 3692 expensae
956 3630 1014 3692 pro
1038 3630 1122 3673 novo
1146 3608 1310 3675 breviario
1334 3606 1514 3676 emendo

140 3698 312 3765 fuerint
293 3699 364 3763 viro
394 3698 440 3763 illi
470 3698 624 3780 religioso
658 3698 791 3781 eiusque
825 3698 997 3780 religiosae
1028 3697 1171 3763 familiae
1204 3697 1355 3765 inutiles:
1389 3700 1460 3765 banc

140 3809 213 3852 esse
248 3788 408 3854 rationem
442 3809 526 3870 quae
558 3791 694 3853 excuset
727 3808 799 3852 eum
833 3810 853 3853 a
884 3786 1046 3852 breviario
1079 3791 1161 3852 recrt
1137 3786 1247 3853 tando
1280 3788 1383 3854 etiam
1413 3808 1510 3890 per
1506 3855 1508 3859 Α

140 3877 265 3979 aliquot
251 3876 519 3943 thebdomadas
566 3877 612 3943 At
636 3898 678 3941 ex
702 3877 808 3943 altera
831 3880 926 3960 parte
893 3876 1120 3941 tdifticilius
1151 3875 1272 3960 emptio
1297 3878 1376 3943 novi
1398 3866 1510 3944 bre

140 3966 235 4032 viarii
270 3965 464 4047 religioso
455 3989 488 4030 111
525 3966 759 4032 communitate
792 3965 924 4031 vivente
958 3970 1009 4031 est
1040 3986 1077 4030 re
1111 3964 1183 4049 ipsa
1219 3964 1365 4046 inutilis,
1400 3986 1459 4034 cun

139 4056 236 4121 facile
261 4055 371 4120 adsint
356 4054 473 4120 tsocii
498 4055 618 4119 ordinis
643 4054 697 4136 qui
721 4054 899 4137 indigeant

228 4173 316 4238 R..
285 4175 304 4215 0
348 4169 383 4235 Si
407 4191 484 4235 vero
507 4170 563 4235 ille
585 4169 759 4252 religiosus
782 4171 824 4235 ad
848 4170 1018 4235 emendum
1042 4190 1163 4234 novam
1190 4169 1392 4238 breviarium
1407 4190 1458 4237 non

139 4261 273 4326 tenebam-
260 4266 323 4339 1111,
348 4259 444 4325 facile
469 4259 573 4325 oritur
596 4259 755 4360 quaestio,
781 4280 858 4323 num
881 4260 911 4324 ei
935 4260 1035 4324 etiam
1064 4262 1189 4324 licuerit
1211 4280 1331 4326 emere
1380 4257 1457 4339 Quod

139 4351 259 4432 pendet
245 4351 324 4414 tab
347 4349 546 4432 interpretat
548 4349 602 4413 iva
625 4349 800 4449 superioris
823 4348 933 4413 licent
910 4353 956 4414 tra
977 4349 1030 4413 vel
1054 4349 1154 4413 etiam
1178 4348 1376 4416 ufacultate
1392 4351 1504 4421 data

139 4438 240 4502 libero
264 4460 323 4521 pro
348 4437 515 4503 arbitrio
507 4460 539 4501 m
563 4437 674 4502 telit
648 4437 764 4502 ltinere
788 4437 828 4502 de
845 4443 914 4504 cert
917 4461 936 4503 a
952 4439 1107 4522 pecuniae
1124 4459 1251 4506 summa
1267 4435 1456 4523 disponendi.
1501 4469 1502 4472 ¹

1501 3954 1515 4013 11

1500 4043 1515 4092 q

1500 4138 1515 4181 [i

1500 4202 1509 4268 1

1500 4291 1515 4359 u

1499 4489 1509 4536 1

140 4527 235 4593 Unde
267 4530 305 4591 fit
328 4531 366 4591 ut
395 4527 428 4591 in
451 4528 544 4593 brevi
572 4527 702 4610 quidem
726 4528 835 4612 aliquo
859 4528 976 4593 itinere
1000 4528 1096 4592 facile
1120 4527 1225 4610 possit
1248 4529 1400 4606 evenire,
1428 4530 1456 4589 ut
1488 4576 1492 4597 .

140 4616 308 4682 itineranti
344 4617 443 4681 etiam
479 4617 627 4682 illicitum
667 4618 711 4685 sit
745 4639 865 4682 novum
900 4617 1098 4681 breviarium
1132 4637 1260 4693 emere;
1304 4617 1339 4683 in
1374 4619 1455 4698 longo

1499 4701 1515 4749 11
