3044 5174
150 299 192 364 66
578 293 619 348 De
637 299 807 350 sacramento
826 295 1045 352 confirmationis.

147 473 204 539 illo
220 493 342 539 carere.
371 473 415 539 Et
431 493 628 554 quamquam
644 472 728 537 hano
743 471 864 538 rituum
880 471 1130 556 permixtionem
1144 471 1292 538 Ecclesia
1307 471 1475 553 hucusque

149 563 190 628 ad
226 584 321 628 casus
357 562 563 628 necessitatis
597 565 666 627 rest
668 562 834 637 finxerat,
801 560 1027 628 tdiutnrna
1061 560 1208 627 carentia
1241 560 1474 626 necessitatem

148 653 312 734 quandam
336 672 413 716 cons
415 651 515 718 tituit.
491 650 658 717 tNunc
682 671 776 728 vero,
809 669 891 716 oum
905 651 970 717 Leo
992 650 1088 717 XIII
1105 649 1211 732 quoad
1235 649 1472 716 confessionem

149 744 182 806 et
199 741 455 806 communionem
468 745 588 806 oamot
588 740 652 806 iam
666 740 710 805 ad
724 701 811 805 scios
823 761 920 806 casus
936 739 1118 805 devotionis
1130 738 1327 817 extenderit,
1343 739 1473 822 quando

149 851 221 895 oum
245 830 439 896 difficultate
405 833 536 896 tttan
538 851 591 894 uru
615 828 752 895 ecclesia
775 829 898 913 proprii
917 829 961 894 rit
962 851 1001 893 us
1023 829 1127 912 possit
1112 828 1244 905 tadiri,
1266 827 1301 893 id
1323 827 1474 896 similiter

148 920 188 985 de
205 919 591 986 confirmationosumore
606 919 704 1020 plane
719 919 840 984 licebit.
864 918 911 984 uf.
926 917 1035 984 donst.
1053 916 1288 993 „Orientalium
1305 901 1469 1001 dignitas*

148 1009 178 1074 d.
203 1009 234 1076 d
259 1011 301 1075 30
324 1008 579 1086 Nov1894n
583 1007 677 1074 ,ΙΙ
668 1029 701 1072 m
724 1009 863 1074 Artas.
888 1009 982 1074 Sedis
1004 1006 1137 1084 XXVII,
1162 1007 1215 1072 58.
1240 1009 1316 1074 260.

88 1144 137 1194 ιιι
236 1129 289 1196 An
305 1151 496 1208 Qunasrruu
514 1133 552 1197 3¹²
571 1131 609 1198 R.
645 1131 747 1197 Casus
763 1130 818 1195 ille
834 1130 1119 1214 comprehenditur
1134 1151 1175 1196 ex
1191 1131 1338 1216 paritate
1354 1153 1473 1199 causae

146 1219 186 1286 iis
216 1240 300 1302 quae
329 1223 456 1287 tractat
477 1219 674 1287 Benedictus
697 1219 774 1285 XIV
805 1219 839 1285 in
861 1219 970 1286 Const.
996 1220 1067 1285 Etsi
1091 1223 1267 1307 postorales
1296 1220 1387 1287 circa
1417 1223 1472 1288 ob·

147 1309 356 1376 stinationem
377 1310 503 1392 aliquot
488 1308 659 1375 t-Graeoo
662 1309 820 1375 Italorum
838 1309 948 1393 potius
967 1308 1098 1375 carendi
1118 1308 1364 1376 confirmatione
1377 1331 1472 1392 quam

146 1420 220 1465 eam
235 1420 300 1465 uon
317 1399 495 1483 accipiendi
512 1419 533 1463 a
547 1421 615 1464 scos
637 1399 838 1485 preshyteris,
862 1398 998 1553 quibust
993 1397 1159 1466 videlicet
1163 1419 1308 1464 summus
1323 1399 1473 1484 pontifex

146 1492 346 1574 potestatem
369 1487 562 1554 abstulerat.
612 1486 784 1567 „Monendi
807 1491 917 1562 sunt‚“
951 1487 1014 1564 ait,
1049 1487 1108 1564 „ab
1132 1487 1304 1554 ordinariis
1328 1489 1471 1555 locorum

147 1599 203 1644 eos
226 1577 346 1679 gravis·
361 1577 495 1731 lpeccati
519 1581 614 1643 reatu
637 1577 857 1732 teneris,t
790 1576 834 1653 si,
866 1597 938 1641 cum
966 1579 1104 1729 poissunt
1127 1576 1169 1642 ad
1193 1578 1471 1644 confirmationem

146 1667 910 1838 33233ιῖἛιΙέΙΙΙΙΙΙΙΙξιξΙΙΙΙο
925 1664 1472 1840 tlaltluuauaul
1512 1812 1514 1819 ,

146 1845 389 1912 ecclesiasticae
412 1844 620 1911 auctoritatis
645 1847 680 1910 et
702 1844 801 1927 legis:
833 1847 1034 1928 quapropter
1056 1845 1089 1909 in
1113 1845 1174 1910 hoo
1199 1866 1278 1910 casu
1300 1851 1470 1930 peccatum

146 1936 285 2002 mortale
307 1934 476 2001 aestimari
500 1934 618 1999 debere
641 1933 723 1999 satis
746 1937 849 2017 patet.

316 2132 551 2201 OBLIGATIO
577 2133 895 2201 SUSGIPIENDAE
918 2132 1301 2200 CONFIRMATIONIS.

711 2298 821 2366 038118.
841 2305 900 2374 (32)

233 2449 434 2524 Leodegarius
462 2450 625 2526 parochus,
656 2450 788 2508 instante
816 2449 973 2508 occasione
1004 2449 1238 2508 confirmationis
1267 2452 1305 2509 ab
1333 2451 1469 2529 episcopo

144 2529 411 2601 administrandae,
442 2529 565 2605 inquirit
592 2529 642 2605 qui
663 2530 789 2589 nondum
812 2529 872 2588 sint
893 2529 1065 2588 confirmati.
1106 2529 1189 2588 Inter
1209 2549 1283 2606 quos
1306 2532 1469 2608 complures

144 2611 262 2671 vetulas
276 2615 437 2681 matronas,
460 2609 541 2668 viros
562 2610 680 2669 adultos
702 2616 731 2668 et
752 2614 912 2686 spectatos,
934 2608 992 2685 qui,
1016 2628 1081 2668 cum
1095 2615 1253 2668 monentur
1273 2615 1307 2670 ut
1328 2611 1421 2672 etiam
1440 2631 1469 2673 sa

144 2696 323 2769 praeparent
344 2695 375 2749 et
395 2690 555 2759 accedant,
586 2689 696 2766 pudore
719 2690 926 2748 suffunduntur
955 2689 1031 2764 quod
1053 2689 1131 2748 inter
1151 2709 1260 2765 pueros
1282 2691 1414 2752 debeant
1431 2690 1469 2751 in·

144 2773 248 2831 cedere
270 2777 357 2847 atque
380 2770 469 2830 etiam
491 2789 557 2829 oum
577 2770 686 2829 illis-
708 2769 737 2827 id
759 2771 835 2845 quod
856 2770 1003 2845 parochus
1025 2771 1157 2845 postulat
1171 2803 1209 2810 —
1224 2771 1469 2831 instructionibus

144 2851 274 2929 praeviis
295 2851 453 2910 assistere:
476 2869 567 2926 quare
588 2856 716 2909 renuunt
737 2850 774 2908 ad
796 2848 1046 2908 confirmationem
1070 2850 1222 2920 accedere,
1244 2851 1352 2910 volunt
1373 2859 1468 2912 Ιιιιιιοιι

143 2953 182 2992 ss.
204 2931 413 2991 eucharistiam
434 2949 558 2990 sumere.
599 2931 707 2989 Verum
731 2931 767 2988 ob
788 2930 865 2988 hanc
888 2947 1008 2987 oausam
1030 2930 1176 3005 parochus
1198 2950 1250 2989 eos
1273 2951 1333 2990 uon
1355 2933 1469 2992 ahsolu-

143 3019 189 3073 tos
211 3010 339 3071 dimittit.

144 3135 320 3207 Qunnmrua
341 3135 370 3192 1ο
391 3154 466 3210 quae
488 3134 528 3192 sit
549 3132 691 3208 obligatio
713 3132 920 3209 suscipiendae
943 3131 1185 3192 confirmationis.

343 3223 373 3281 2ο
393 3228 513 3282 rectene
534 3222 681 3300 parochus
704 3221 806 3296 egerit.

740 3413 874 3480 Salutio.

81 3575 132 3628 116
231 3559 284 3621 An
313 3577 505 3634 onnusrruu
538 3560 574 3621 1¹²¹
605 3557 643 3622 R.
678 3560 706 3624 1.
754 3555 918 3638 Distingui
948 3561 1059 3639 potest
1090 3557 1247 3640 obligatio
1279 3579 1340 3640 per
1371 3580 1407 3625 se
1436 3565 1467 3622 et

142 3646 267 3729 obligat
252 3647 298 3713 tio
322 3667 381 3730 per
404 3646 564 3712 accidens.
612 3645 675 3710 Per
699 3645 850 3711 accidens
873 3645 987 3726 gravis
1010 3650 1121 3728 potest
1144 3667 1217 3711 esse
1240 3646 1417 3729 obligatio,
1441 3649 1465 3711 si

142 3737 312 3818 neglectus
351 3735 575 3819 suscipiendae
614 3733 869 3800 confirmationis
908 3738 966 3799 aut
951 3735 1194 3800 tacendalum
1233 3743 1375 3816 generat
1412 3742 1468 3801 aut

142 3829 362 3909 contemptum
380 3824 432 3889 vel
450 3824 617 3889 Ecclesiae
633 3824 725 3888 velt
711 3824 795 3889 tanti
819 3824 1016 3890 sacramenti
1032 3824 1194 3908 sapiatu
1174 3825 1323 3891 mutodo
1346 3826 1467 3892 dictum

141 3918 192 3980 est
222 3936 300 3980 casu
330 3913 577 3996 praecedenti
569 3935 602 3977 ιιι
632 3914 705 3978 fine.
753 3912 968 3977 Praeterea
959 3935 990 3977 ιιι
1022 3914 1150 3979 theoria
1173 3913 1286 3979 similit
1272 3918 1326 3979 ter
1355 3915 1467 3998 gravis

141 4003 274 4085 obligat
266 4026 297 4069 ιο
251 4008 389 4069 ttsta
390 4003 479 4068 uitur
501 4023 560 4085 pro
580 4023 617 4066 eo
643 4000 698 4082 qui
722 4004 855 4083 propter
871 4000 968 4065 animi
993 4002 1194 4069 debilitatem
1212 4008 1312 4084 atque
1329 4009 1468 4071 externa

140 4094 215 4158 fidei
232 4098 266 4159 et
281 4091 440 4158 virtutum
458 4091 603 4175 pericula
619 4089 785 4171 singulare
798 4088 954 4153 auxilium
971 4092 1100 4173 gratiae
1116 4113 1175 4176 per
1187 4093 1466 4160 confirmationem

140 4181 362 4265 accipiendum
393 4180 455 4246 sibi
485 4179 705 4244 necessarium
729 4198 801 4241 esse
831 4176 962 4245 iudicat.
1010 4181 1149 4258 Verum,
1181 4202 1252 4246 cnm
1278 4182 1345 4248 alia
1369 4184 1466 4250 etiam

141 4271 247 4336 media
279 4291 318 4335 ac
350 4269 544 4353 praesertim
577 4267 730 4351 generale
763 4267 920 4332 orationis
951 4270 1090 4335 medium
1122 4271 1223 4348 adsit,
1257 4271 1290 4335 id
1322 4273 1468 4355 practice

23 4411 26 4418 .
142 4360 196 4424 vix
221 4360 278 4425 obt
279 4359 390 4423 inebit.

229 4466 267 4530 R.
300 4468 330 4529 2.
378 4463 544 4544 Obligatio
577 4482 660 4544 quae
690 4484 749 4546 per
778 4483 810 4526 se
842 4461 921 4528 dicit
907 4468 960 4528 tur
993 4465 1077 4530 sitne
1109 4465 1221 4547 gravis
1252 4469 1467 4543 convertitur,

140 4576 212 4619 esse
245 4554 387 4634 aliquam
421 4553 538 4618 saltem
570 4552 676 4615 levem
710 4550 942 4630 obligationem
976 4575 1086 4618 omnes
1120 4556 1229 4620 fatt
1157 4560 1211 4620 ten
1214 4559 1277 4621 t.ur
1332 4556 1469 4641 Negant

140 4664 276 4723 gravem
307 4641 540 4724 obligationem
570 4641 602 4707 S
627 4640 802 4704 Thomas
833 4645 869 4715 3,
901 4660 972 4723 q.l
957 4644 1015 4714 72,
1048 4665 1076 4710 a.
1104 4647 1131 4708 1.
1158 4647 1177 4708 8
1209 4644 1330 4727 aliique
1362 4647 1514 4729 multi,
