3044 5174
485 261 651 315 Matrimonii
669 262 740 316 ritus
757 263 830 317 sacri
848 267 877 318 et
894 263 1055 318 benedictio.

240 480 372 548 RITUS
395 480 520 548 SACRI
543 481 591 546 IN
615 481 912 549 MATRIMONIIS
936 481 1291 551 CONTRAHENDIS.

662 641 774 708 basus.
793 648 870 717 (259)

190 780 378 857 Zephyrinus
399 780 548 857 parochus
570 799 696 855 magnae
718 779 869 852 civitatis,
892 800 957 840 cum
979 781 1010 839 in
1032 780 1216 840 celebrandis
1237 781 1434 841 matrimoniis

95 880 157 920 uon
190 860 289 937 possit
315 859 442 919 omnium
471 860 625 919 desideriis
654 861 830 920 satisfacere
858 881 912 938 pro
940 861 1139 938 compluribus
1167 862 1286 939 sponsis
1315 862 1432 921 unicam

97 948 219 1000 tantum
243 940 315 1000 dicit
335 941 457 999 missam
481 960 551 1015 „pro
573 960 683 1016 sponso
705 948 735 1000 et
756 943 901 1018 sponsa“;
931 961 1054 1018 eamque
1075 942 1181 1013 etiam,
1204 942 1314 1002 omissa
1334 949 1433 1002 tamen

96 1021 239 1081 sollemni
254 1021 468 1088 benedictione.
486 1021 568 1091 dicit,
592 1021 618 1079 si
634 1021 749 1097 quando
764 1028 896 1099 tempore
912 1023 1014 1081 clauso
1029 1023 1148 1080 eveniat
1169 1027 1203 1081 ut
1217 1022 1433 1082 matrimonium

99 1102 314 1172 contrahatur,
343 1121 430 1177 quam
451 1101 688 1161 benedictionem
709 1102 876 1161 sollemnem
899 1102 954 1161 hoc
975 1102 1007 1161 in
1028 1121 1100 1160 casu
1128 1107 1234 1179 postea
1256 1103 1326 1162 dare
1348 1103 1433 1175 solet,

98 1183 205 1241 clauso
227 1188 361 1258 tempore
382 1182 496 1257 elapso,
517 1186 586 1258 post
606 1182 710 1241 laudes
731 1182 927 1259 vespertinas.

99 1286 282 1357 Quaesumus
305 1288 334 1346 1⁰
354 1306 430 1363 quae
451 1286 513 1345 sint
533 1288 615 1362 leges
637 1286 672 1346 de
693 1287 786 1347 missa
805 1308 859 1365 pro
882 1307 992 1364 sponso
1014 1293 1044 1346 et
1066 1307 1177 1364 sponsa
1192 1294 1222 1347 et
1244 1289 1278 1347 de
1300 1288 1435 1348 sollemni

358 1367 537 1426 matrimonii
559 1367 773 1427 benedictione.

306 1458 337 1514 2ο
357 1455 543 1533 Zephyrinus
565 1462 685 1516 rectene
707 1458 812 1532 egerit,
835 1476 872 1516 an
894 1456 925 1515 in
947 1456 1052 1533 quibus
1074 1458 1159 1516 male.

704 1639 839 1707 Solutio.

195 1784 249 1849 Ao
266 1802 458 1859 9999911911
480 1785 517 1846 1¹¹²
533 1782 571 1847 R.
592 1785 620 1847 1.
651 1783 700 1847 De
724 1782 872 1847 sollemni
895 1781 953 1847 illa
976 1780 1201 1848 benedictione
1225 1780 1289 1846 iam
1313 1782 1437 1847 dictum
1446 1790 1465 1843 8Ὶ

103 1877 157 1939 est
180 1873 215 1937 in
240 1893 318 1938 casu
342 1871 551 1956 praecedenti
573 1892 645 1936 eam
668 1892 773 1953 neque
790 1877 886 1937 extra
902 1871 1035 1937 missam
1052 1870 1128 1951 (nisi
1144 1870 1310 1952 singulare
1326 1875 1438 1937 exstet

103 1960 330 2046 privilegium)
352 1981 459 2042 neque
481 1964 628 2043 tempore
653 1961 765 2026 clauso
789 1981 861 2024 esse
885 1960 1043 2037 dandam;
1068 1961 1100 2026 S.
1117 1960 1156 2025 R.
1175 1961 1207 2025 C.
1233 1960 1262 2024 d.
1289 1963 1329 2023 23
1354 1959 1437 2025 lunii

107 2053 195 2117 1853
219 2055 254 2116 et
280 2055 320 2115 14
344 2049 430 2131 Aug.
457 2051 542 2114 1858
566 2071 598 2114 v,
624 2051 744 2116 Colleet.
770 2050 891 2129 Gard,
921 2049 970 2116 ed.
996 2052 1026 2126 3,
1055 2070 1087 2114 n.
1113 2051 1197 2114 5191
1225 2051 1379 2125 915275,
1404 2055 1438 2115 91

105 2141 136 2206 d.
162 2143 202 2206 31
224 2140 309 2222 Aug.
338 2141 423 2204 1839
447 2138 524 2206 ibid.
549 2161 580 2204 n.
605 2140 709 2216 48683
733 2161 809 2205 nov.
834 2139 884 2205 ed.
901 2140 994 2204 Decr.
1021 2140 1107 2205 99111.
1132 2160 1163 2203 n.
1182 2139 1267 2202 2197
1289 2141 1436 2204 913019.

196 2237 236 2304 R.
262 2240 292 2303 2.
339 2235 442 2301 Missa
464 2258 523 2320 pro
547 2258 667 2319 sponso
692 2240 726 2301 91
741 2258 872 2319 sponsa,
897 2257 1095 2318 quamquam
1118 2235 1267 2317 sequitur
1290 2256 1437 2301 normam

104 2327 227 2392 missae
252 2325 385 2391 votivae
414 2325 580 2409 privatae,
613 2326 714 2391 etiam
738 2326 867 2408 quando
891 2325 1036 2402 canitur,
1060 2323 1268 2389 nihilominus
1291 2346 1355 2388 999
1379 2347 1437 2389 ex·

104 2416 250 2481 cluditur
274 2415 387 2480 diebus
411 2415 633 2480 communibus
657 2419 740 2480 11199
763 2416 914 2501 duplicis,
942 2414 1000 2479 sed
1023 2415 1101 2479 solis
1125 2414 1238 2479 diebus
1269 2413 1437 2479 dominicis

105 2511 139 2571 et
163 2505 315 2569 omnibus
345 2503 441 2569 iestis
463 2504 479 2568 Ι
502 2504 556 2568 vel
580 2503 610 2568 ΙΙ
635 2504 674 2569 cl.
700 2509 799 2585 atque
823 2503 922 2569 etiam
953 2503 994 2569 iis
1024 2504 1137 2569 diebus
1166 2503 1250 2568 ritus
1278 2505 1365 2588 dopl.
1393 2506 1438 2568 991

104 2595 287 2678 inferioris,
313 2593 429 2677 quibus
453 2592 572 2658 festum
590 2593 606 2657 I
621 2594 673 2657 vel
689 2593 721 2658 II
746 2594 784 2659 cl.
803 2593 1003 2659 excluditur:
1029 2594 1070 2659 cf.
1097 2595 1180 2658 decr.
1203 2616 1273 2677 9911.
1298 2593 1438 2659 3Μ911.

109 2684 196 2749 1818
222 2688 256 2749 91
279 2683 310 2748 d.
338 2685 377 2747 12
402 2682 481 2764 1191.
510 2684 594 2747 1822
619 2682 737 2760 (Gerd.
763 2683 783 2750 l.
809 2703 836 2748 c.
861 2704 893 2750 n.
918 2685 1015 2749 4544.
1041 2684 1142 2762 4587)
1167 2685 1326 2765 9199991
1350 2681 1436 2747 decr.

104 2794 181 2856 gen.
207 2772 247 2837 ds
271 2771 379 2837 missis
402 2770 524 2837 votivis
547 2793 578 2837 n.
603 2771 649 2836 VI
674 2772 774 2853 (inter
797 2793 871 2837 nov.
897 2772 946 2836 ed.
973 2772 1065 2838 Decr.
1090 2772 1176 2836 99111.
1201 2793 1232 2837 n.
1258 2771 1370 2852 3922).

196 2869 236 2936 R.
262 2872 291 2935 3.
332 2869 396 2934 Sed
420 2868 948 2954 91199911199919199919111119191
971 2869 1084 2933 diebus
1108 2867 1258 2933 omnibus
1281 2868 1438 2951 temporis

105 2959 220 3036 clausi,
246 2979 351 3041 neque
375 2980 528 3041 umquam
553 2958 764 3041 (1191991991,
790 2958 889 3024 etiam
913 2963 1061 3041 tempore
1085 2957 1167 3023 91199
1190 2957 1347 3039 legitimo,
1376 2957 1438 3020 nisi

104 3048 193 3114 infra
217 3048 307 3113 illam
331 3046 464 3113 missam
488 3069 524 3111 re
547 3047 619 3130 ipsa
642 3048 738 3114 detur
761 3047 928 3112 sollemnis
957 3047 1015 3112 illa
1042 3045 1234 3112 benedictio.
1282 3046 1313 3110 S.
1339 3045 1377 3110 R.
1402 3045 1435 3110 C.

104 3140 127 3205 l.
144 3159 174 3204 c.
194 3137 227 3201 in
244 3137 281 3204 R.
303 3140 337 3202 l:
363 3158 401 3201 eo
426 3137 511 3219 quod
536 3136 592 3201 illa
616 3136 798 3203 benedictio
822 3136 982 3202 habeatur
999 3158 1063 3220 pro
1084 3144 1177 3221 porte
1200 3137 1287 3199 111199
1310 3137 1435 3199 9119999.

198 3251 250 3316 An
266 3272 458 3328 oususmun
475 3255 514 3315 2ΙΙΙ
530 3251 568 3316 R.
591 3255 616 3316 l.
657 3251 746 3315 Nihil
770 3252 906 3333 impedit
930 3251 1101 3334 quominus
1124 3249 1187 3315 dici
1209 3249 1314 3332 possit
1336 3248 1462 3317 missa8

105 3342 164 3408 illa
192 3363 251 3425 pro
275 3341 421 3424 pluribus
444 3340 660 3406 matrimoniis
684 3341 897 3406 celebrandis.
928 3342 983 3417 At,
1008 3341 1035 3404 si
1060 3340 1221 3422 parochus
1239 3339 1437 3423 stipendium

106 3431 230 3496 missae
254 3430 388 3514 accipit,
419 3450 551 3494 monere
583 3430 680 3495 debet
709 3451 744 3494 se
774 3430 848 3495 huic
875 3429 1036 3513 stipendio
1060 3429 1107 3494 919
1131 3449 1194 3493 999
1218 3450 1314 3512 99999
1338 3428 1435 3493 99119-

106 3521 236 3597 facere,
268 3524 302 3585 et
325 3519 353 3584 si
376 3520 492 3585 volunt
515 3519 634 3600 singuli
658 3519 804 3601 singulas
828 3520 946 3584 missas
969 3519 1030 3583 sibi
1061 3518 1235 3601 applicari,
1268 3518 1436 3583 declarare

106 3610 207 3675 debet
229 3630 265 3673 se
288 3613 404 3692 postea
427 3609 556 3674 demum
580 3608 697 3673 missas
720 3608 867 3688 singulas
896 3628 993 3692 posse
1024 3607 1190 3672 celebrare
1219 3607 1262 3672 ad
1292 3607 1436 3690 ipsorum

106 3698 340 3775 intentionem,
371 3719 436 3763 nou
466 3697 598 3762 missam
630 3698 826 3781 nuptialem3
858 3698 928 3772 vel,
959 3697 986 3762 91
1010 3696 1099 3774 vult,
1131 3701 1182 3762 tot
1209 3696 1326 3761 missas
1357 3699 1437 3777 quot

106 3787 236 3870 accepit
270 3787 451 3871 stipendia,
492 3808 604 3851 omnes
642 3791 677 3852 et
711 3786 857 3869 singulas
896 3785 1090 3869 applicando
1129 3786 1170 3850 ad
1206 3785 1348 3849 omnium
1387 3785 1436 3849 in-

106 3876 298 3944 tentionem.

197 3974 236 4040 R.
262 3976 292 4039 2.
328 3972 533 4057 Zephyrinus
556 3977 646 4040 recte
669 3973 746 4055 egit,
771 3977 920 4055 tempore
943 3973 1054 4038 clauso
1075 3972 1229 4037 omittens
1245 3972 1436 4036 sollemnem

106 4063 384 4140 benedictionem,
417 4062 475 4127 sed
498 4067 588 4127 reete
611 4084 675 4127 non
700 4063 777 4144 egit,
803 4084 841 4127 co
864 4066 1012 4145 tempore
1035 4061 1243 4125 nibilominus
1268 4061 1436 4126 celebrans

107 4152 242 4218 missam
266 4173 325 4236 pro
349 4173 468 4234 sponso
485 4156 519 4217 91
534 4173 671 4234 999999;
696 4152 794 4216 immo
814 4173 855 4216 ne
871 4152 904 4216 in
919 4151 1020 4216 missa
1037 4150 1164 4231 quidem
1183 4149 1245 4214 diei
1262 4149 1436 4233 specialem

108 4263 150 4307 ex
180 4241 281 4306 missa
311 4240 449 4324 nuptiali
473 4242 813 4308 commemorationem
846 4241 875 4305 91
908 4261 1035 4305 sumere
1059 4239 1166 4316 licuit,
1199 4239 1283 4320 quod
1307 4243 1436 4303 tantum

106 4335 229 4414 potest,
254 4330 282 4394 si
305 4335 453 4413 tempore
477 4351 541 4394 uon
566 4332 676 4395 clauso
696 4330 862 4396 sollemnis
886 4330 1015 4411 quidem
1040 4327 1223 4392 benedictio
1248 4328 1354 4402 datur,
1379 4327 1437 4391 sed

108 4425 244 4504 propter
266 4419 367 4485 ritum
390 4419 453 4484 diei
477 4420 577 4484 191999
601 4420 714 4485 votiva
737 4442 796 4503 919
820 4440 939 4503 999999
964 4422 998 4483 91
1021 4439 1141 4501 999999
1165 4416 1364 4501 prohibetur.

199 4518 238 4585 R.
263 4521 293 4584 3.
340 4517 424 4583 Item
448 4522 536 4582 recte
561 4518 629 4600 egit
653 4517 856 4601 Zephyrinus
885 4516 1040 4581 inducens
1070 4536 1173 4579 novos
1204 4515 1359 4595 coniuges
1390 4516 1435 4590 ut,

107 4629 208 4692 quam
231 4607 372 4692 primum
395 4605 465 4672 fieri
481 4606 605 4685 liceret,
630 4607 819 4672 sollemnem
836 4604 1094 4671 benedictionem
1111 4604 1209 4669 etiam
1232 4608 1306 4688 post
1322 4600 1436 4666 matri-
