3044 5174
343 286 459 343 Materia
478 287 645 355 integritatis
664 306 713 343 seu
732 289 885 346 satisfactio
903 290 1119 346 sacramentalis.
1330 295 1392 358 231

62 464 262 550 simpliciter
285 486 387 547 grave
417 467 559 532 nondum
591 467 745 535 debitum.
793 469 916 534 Verum
943 492 1004 554 pro
1033 471 1245 557 supplemento
1275 468 1396 532 addere

61 554 302 621 iniunctionem
333 575 465 639 operum
496 555 562 620 iam
593 555 723 621 aliunde
756 557 938 623 debitorum
969 580 1067 643 saepe
1097 563 1207 642 potest
1230 557 1395 641 expedire.

157 652 197 717 R.
224 654 254 720 3.
301 652 440 718 Etiamsi
471 673 536 717 non
564 657 764 737 praescribat
795 675 881 720 nova
912 656 1111 738 obligatione
1141 676 1241 740 opera
1265 654 1395 719 aliunde

62 740 133 806 iam
156 741 375 824 praestanda,
406 741 614 806 nihilominus
638 764 677 807 ea
700 744 913 826 probabiliter
936 746 1067 811 elevare
1097 749 1208 829 potest
1231 744 1273 809 ad
1296 744 1394 809 satis-

63 830 246 896 factionem
269 830 551 908 sacramentalem,
577 831 711 896 dioendo
734 852 766 898 v,
791 854 841 915 g:
870 834 922 912 ,Si
945 834 1026 899 haec
1048 839 1082 900 et
1105 833 1162 899 illa
1178 833 1305 910 feceris,
1330 833 1395 898 sint

63 919 127 984 tibi
143 919 178 984 in
194 919 456 1002 supplementum
472 921 721 986 sacramentalis
737 922 997 1004 paenitentiae“;
1022 944 1086 1004 quo
1103 923 1153 987 vis
1169 922 1395 988 satisfactoria

63 1029 181 1073 eorum
204 1029 337 1092 operum
362 1013 512 1090 augetur.
546 1008 637 1075 Sicut
661 1009 745 1074 enim
771 1031 871 1094 opera
894 1012 1117 1078 satisfactoria
1140 1011 1295 1076 constitui
1318 1032 1395 1094 pos·

63 1101 146 1164 sunt
176 1098 237 1162 sub
268 1097 467 1180 obligatione
490 1097 543 1162 vel
576 1099 670 1180 gravi
694 1099 748 1164 vel
779 1099 860 1179 levi,
892 1101 939 1167 ita
970 1101 1070 1168 etiam
1100 1100 1171 1166 sine
1195 1100 1395 1181 obligatione

63 1185 200 1271 proprie
223 1185 327 1264 dicte,
361 1187 418 1251 sed
449 1187 491 1252 ad
522 1187 692 1254 arbitrium
723 1187 824 1272 ipsius
854 1190 1064 1273 paenitentis.
1110 1189 1196 1254 Nam
1228 1189 1394 1255 etiamad

64 1277 236 1358 antiquam
260 1274 496 1358 paenitentiam
522 1277 727 1354 eanonicam,
752 1299 837 1359 quae
860 1279 930 1344 sine
954 1279 1050 1344 dubio
1074 1278 1259 1344 satisfactio
1282 1299 1394 1343 saera·

62 1364 221 1431 mentalis
251 1368 342 1442 erat,
375 1385 439 1429 non
470 1386 583 1431 omnes
612 1365 848 1448 adigebantur,
879 1369 937 1434 sed
967 1390 1031 1434 non
1062 1388 1139 1433 raro
1162 1369 1312 1433 volentes
1337 1367 1395 1433 ad·

63 1453 293 1520 mittebantur.

156 1543 281 1608 Verum
304 1542 356 1607 hic
380 1546 431 1608 est
455 1543 569 1607 modus
599 1542 811 1626 imperfectus
842 1546 1046 1611 exercendae
1076 1545 1109 1610 in
1140 1551 1277 1629 peccata
1300 1548 1394 1628 pate·

63 1631 165 1698 stetis
189 1631 348 1697 iudicialis
372 1652 392 1696 a
415 1631 543 1697 Christo
566 1632 599 1696 in
624 1632 772 1698 Ecclesia
794 1633 947 1712 relictas,
978 1656 1084 1727 neque
1107 1634 1185 1700 licet
1213 1634 1274 1699 hoc
1298 1634 1393 1698 modo

65 1719 269 1786 confessario
301 1741 373 1786 esse
403 1725 574 1799 contento,
605 1721 702 1804 idque
733 1723 834 1789 etiam
864 1723 986 1800 minus,
1019 1744 1116 1805 quam
1147 1723 1175 1787 si
1198 1724 1300 1788 vellet
1323 1723 1393 1788 sola

61 1831 167 1893 opera
190 1809 455 1882 aliundedebita
478 1831 565 1876 nova
581 1810 780 1893 obligatione
803 1811 982 1895 iniungere.
999 1812 1200 1878 -Possunt
1222 1812 1324 1895 igitur
1346 1812 1392 1877 illi

62 1899 154 1964 modi
184 1920 243 1983 pro
270 1899 496 1983 supplemento
520 1919 608 1977 esse,
640 1901 769 1981 quaudo
793 1901 859 1967 alia
881 1901 1066 1968 satisfactio
1090 1902 1185 1986 plene
1208 1901 1393 1986 propertio·

62 1993 146 2054 nata
176 1987 296 2072 imponi
327 1988 455 2070 nequit,
486 2009 549 2053 nou
581 1994 690 2056 autem
715 1990 906 2074 simpliciter
934 2012 994 2074 pra
1025 1995 1181 2058 consueto
1212 1996 1246 2057 ct
1269 1990 1393 2057 usitato

62 2078 161 2142 modo
185 2077 399 2161 imponendae
422 2077 652 2160 paenitentiae.

157 2174 196 2241 R.
221 2178 252 2241 4.
298 2174 471 2240 Probabile
503 2179 554 2241 est
584 2176 761 2240 secundum
785 2176 817 2243 S.
842 2177 1033 2243 Thomam
1057 2177 1146 2260 Aq.,
1182 2178 1328 2259 erodlib.
1361 2179 1453 2256 3,397

61 2286 92 2330 a.
120 2266 163 2329 28
187 2263 243 2344 (cf.
267 2264 298 2330 S.
323 2263 519 2347 Alpheus.
544 2265 565 2329 l.
591 2286 617 2330 c.
643 2286 673 2330 n.
700 2265 965 2348 aurariasque),
996 2287 1055 2351 per
1078 2266 1181 2332 verba
1212 2265 1392 2331 sacerdotis

66 2355 256 2440 „Quidquid
286 2354 359 2418 bani
388 2353 503 2434 feceris
533 2353 607 2419 etr.“
639 2375 676 2419 re
705 2353 776 2437 ipsa
806 2355 891 2420 bona
922 2376 1022 2438 opera
1051 2355 1237 2421 confitentis
1267 2354 1392 2420 elevari

61 2444 106 2508 ad
131 2443 198 2507 vim
222 2440 479 2508 satisfactoriam
503 2443 792 2520 sacramentalem,
818 2444 965 2526 adeoque
988 2445 1161 2523 maiorem,
1187 2465 1284 2527 quam
1303 2442 1391 2509 alias

63 2553 108 2597 ex
132 2553 169 2597 se
192 2531 323 2597 habent.
369 2530 486 2612 Neque
509 2530 571 2596 hoc
602 2532 720 2597 mirum
743 2532 848 2598 videri
879 2533 987 2600 debet.
1034 2533 1120 2600 Nam
1152 2555 1254 2617 opera
1276 2536 1391 2601 nostra

63 2623 152 2686 bona
176 2641 374 2702 quamquam
398 2620 543 2685 valorem
575 2641 669 2685 suum
699 2621 863 2687 internum
894 2624 1178 2706 supernaturalem
1202 2623 1325 2689 habeut
1348 2643 1391 2688 ex

61 2709 223 2793 principio
246 2709 488 2793 supernaturali
511 2709 650 2792 gratiae,
674 2714 784 2776 tamen
801 2712 886 2777 hunc
909 2711 1032 2778 habent
1048 2733 1091 2778 ex
1112 2713 1237 2779 meritis
1253 2711 1389 2786 Christi3

61 2800 163 2864 immo
186 2798 355 2882 probabile
379 2803 430 2864 est
452 2803 587 2882 propter
611 2799 870 2866 coniunctionem
894 2800 1053 2867 iustorum
1084 2823 1158 2866 cum
1181 2801 1310 2867 Christo
1334 2821 1390 2865 aa·

61 2889 132 2973 pite
155 2887 189 2952 in
213 2909 311 2952 unum
336 2907 454 2971 corpus
469 2888 644 2970 mysticum
660 2889 745 2954 bona
769 2910 881 2956 eorum
897 2911 997 2974 opera
1013 2912 1123 2956 earam
1141 2892 1210 2956 Deo
1227 2891 1268 2956 ad
1285 2889 1389 2954 maius

61 2977 243 3062 praemium
267 2976 489 3059 maioremque
511 2976 731 3061 expiationem
754 2977 867 3062 accipi,
891 3000 988 3061 quam
1011 2979 1044 3044 id
1066 2982 1170 3058 fieret,
1194 2980 1256 3045 hae
1271 2978 1389 3043 unione

61 3088 127 3132 non
151 3066 349 3132 exsistente:
378 3066 471 3150 proin
495 3086 558 3147 quo
583 3066 687 3131 maior
710 3071 762 3134 est
785 3067 842 3132 illa
867 3088 939 3132 cum
956 3068 1084 3134 Christo
1108 3068 1193 3148 unio,
1219 3089 1257 3134 eo
1282 3066 1388 3149 magis

62 3157 223 3222 banorum
247 3158 397 3239 operum'
412 3155 518 3219 virtus
549 3160 698 3237 augetur.
744 3158 868 3221 Verum
899 3178 958 3241 per
987 3157 1044 3223 illa
1073 3159 1176 3223 verba
1206 3155 1389 3224 sacerdotis

61 3266 165 3329 opera
188 3245 331 3309 fidelium
355 3243 478 3311 arctius
502 3247 536 3309 et
565 3243 711 3310 intimius
735 3244 863 3311 Christo
894 3246 1089 3313 addicuntur
1118 3252 1218 3329 atque
1242 3267 1314 3313 cum
1339 3244 1389 3310 di·

62 3335 149 3400 vinis
162 3333 280 3400 Christi
294 3333 528 3399 intentionibus
541 3333 792 3417 coniunguntur.
823 3334 870 3402 af.
884 3336 1172 3404 Bellen-Palm.
1190 3337 1210 3403 l.
1225 3359 1252 3404 a.
1266 3360 1297 3403 n.
1310 3336 1387 3401 485.

152 3456 206 3522 An
230 3477 421 3532 ouessmuu
445 3459 494 3523 2¹²¹.
541 3456 745 3540 Responsum
775 3462 869 3541 patet
898 3478 941 3524 ex
965 3458 1076 3525 dictis:
1108 3459 1141 3526 si
1167 3461 1451 3533 confessarius398

61 3547 120 3612 illa
145 3567 245 3631 opera
276 3545 408 3611 aliunde
438 3544 549 3611 debita
578 3546 612 3610 in
642 3545 903 3612 satisfactionem
933 3549 1205 3615 sacramentalem
1236 3550 1387 3633 iniunxit,

61 3639 154 3702 certo
178 3638 452 3700 sacramentaliter
475 3634 690 3717 exstinguunt
719 3642 845 3718 partem
870 3658 1048 3720 poenarum
1079 3639 1326 3722 temporalium:
1360 3644 1388 3709 si

60 3725 167 3790 verba
196 3724 254 3789 illa
279 3725 465 3810 „Quidquid
496 3725 570 3790 boni
590 3724 706 3805 feceris
738 3723 812 3791 erc.“
844 3724 906 3790 hac
938 3725 1120 3792 intentione
1150 3731 1387 3811 pronuntiavit,

60 3812 276 3895 relinquendo
299 3818 409 3879 tamen
434 3813 541 3878 omnia
565 3812 701 3879 arbitrio
717 3813 926 3897 paenitentis,
950 3816 1164 3899 probabiliter
1179 3817 1264 3883 idem
1281 3820 1387 3887 locum

60 3903 174 3981 habet,
199 3923 395 3984 quamquam
420 3901 543 3967 minore
567 3903 682 3984 gradu,
708 3923 806 3984 quam
829 3903 857 3968 si
874 3910 985 3971 essent
1001 3909 1156 3972 <intimata
1181 3945 1226 3954 -
1250 3909 1283 3973 Si
1307 3932 1387 3977 vero

60 3991 282 4059 confessarius
306 3992 394 4056 nullo
419 3991 513 4056 moda
536 3991 594 4056 illa
618 4012 718 4075 opera
741 4013 800 4075 pro
825 3995 1057 4060 sacramentali
1081 3996 1309 4063 satisfactione
1333 4022 1387 4065 as·

59 4080 220 4165 sumpsit,
250 4081 422 4166 paenitens
453 4102 495 4145 ex
525 4101 560 4145 se
590 4080 655 4145 illis
678 4080 762 4146 hanc
785 4081 943 4148 virtutem
967 4084 1046 4149 dare
1076 4085 1206 4167 nequit,
1237 4088 1294 4151 sed
1328 4110 1387 4154 ex-

59 4172 236 4254 stinguunt
258 4191 381 4255 poenas
404 4172 602 4253 temporales
626 4171 803 4235 secundum
826 4171 983 4239 virtutem
1006 4194 1049 4238 ex
1072 4195 1107 4239 se
1131 4175 1171 4239 iis
1195 4175 1335 4244 insitam.

151 4295 205 4359 An
228 4314 419 4370 oueusrruu
450 4297 489 4360 3m
518 4294 557 4362 R.
590 4297 617 4359 1.
664 4293 825 4377 Quidquid
856 4295 931 4359 olim
962 4297 1176 4379 probabiliter
1206 4299 1448 4380 dicebatur,399

59 4405 147 4451 nunc
171 4405 213 4450 ex
237 4383 373 4449 Constit.
399 4384 547 4449 Bened.
565 4384 642 4448 XIV
669 4383 954 4465 ,Celebratiorzerrr“
981 4385 998 4466 ξ
1020 4389 1060 4451 65
1086 4391 1209 4452 certum
1235 4393 1295 4465 est,
1321 4410 1386 4454 non

58 4476 215 4540 obstante
237 4472 442 4555 indulgentia
465 4472 596 4537 iubilaei
620 4473 856 4538 confessarium
879 4474 996 4538 debere
1012 4475 1248 4558 paenitentiam
1272 4498 1385 4543 sacra-

59 4564 238 4630 mentalem
262 4563 441 4644 iniungere‚
466 4562 672 4644 paenitentes
696 4562 841 4644 implere.
874 4562 965 4639 Quod
982 4563 1008 4627 si
1025 4585 1158 4629 necesse
1179 4565 1277 4630 estin
1302 4566 1385 4631 iubi-

57 4655 142 4730 laeo,
167 4671 232 4717 nan
255 4650 330 4716 ilico
353 4651 482 4733 quidem
505 4650 652 4732 sequitur
667 4651 753 4714 idem
775 4651 1014 4716 observandum
1038 4674 1110 4718 esse
1126 4653 1158 4717 in
1175 4654 1386 4737 indulgentiis
