3044 5174
135 285 197 349 110
647 283 689 338 De
707 301 744 338 as.
764 283 939 340 eucharistia.
1012 257 1014 261 Α

131 461 261 524 tantum
283 457 317 522 in
340 457 469 523 haeresi
491 458 651 525 mansisse
673 459 860 543 ignorantia
882 458 1081 544 inculpabili,
1105 458 1292 526 formaliter
1309 479 1385 526 eum
1406 466 1428 528 n

131 546 241 612 nuisse
264 547 360 611 fidem
384 545 588 615 catholicam.

221 644 294 709 Huo
324 644 467 712 refertur
495 645 662 713 decretum
692 649 725 712 S.
752 647 859 730 Officii
889 646 918 713 d.
952 646 982 714 d.
1014 646 1137 729 7Apr.
1165 647 1269 711 1875:
1304 646 1389 724 ,Pro
1416 647 1428 712 i

133 734 187 815 qui
210 733 243 798 in
267 733 443 800 manifesta
465 734 594 800 haeresi
616 736 799 801 moriuntur
827 733 961 800 missam
984 735 1095 800 offerri
1118 754 1183 799 nou
1205 733 1323 814 licere,
1358 735 1428 803 etim

132 823 160 888 si
184 822 360 907 applicatio
383 827 463 889 nota
486 823 531 889 sit
552 825 718 891 sacerdoti
740 828 870 890 tantum
894 829 929 891 et
950 823 999 889 illi
1022 823 1077 906 qui
1100 823 1160 890 dat
1182 824 1428 908 eleemosynam

222 921 302 986 Inde
317 924 428 986 tamen
444 942 508 986 nou
525 921 571 1000 fit,
595 924 632 987 ut
647 922 708 988 hoc
724 922 824 988 etiam
839 921 1056 987 interdicatur
1069 922 1176 987 relate
1192 921 1234 986 ad
1250 942 1325 987 eum
1350 943 1371 989 a
1394 944 1428 1005 qu

130 1010 312 1094 probabilia
335 1009 430 1092 sigua
452 1010 591 1076 habeam
613 1010 820 1093 ignorantiae
843 1009 1050 1095 inculpabilis
1064 1013 1100 1076 et
1114 1008 1261 1076 haeresis
1274 1011 1426 1078 material

133 1104 271 1167 tautum.
303 1098 368 1163 Pro
391 1099 452 1164 hoc
474 1099 585 1182 igitur,
610 1098 673 1166 etsi
695 1099 824 1183 publica
839 1099 958 1165 missae
982 1099 1160 1166 celebratio
1181 1099 1312 1165 excludi
1329 1101 1428 1167 debea

133 1208 197 1252 non
228 1191 360 1254 constat
389 1187 553 1271 prohiberi
582 1189 746 1272 privatam
777 1188 1028 1273 applicationem
1057 1187 1119 1254 soli
1148 1189 1313 1256 sacerdoti
1345 1194 1428 1256 notu

132 1277 185 1341 vel
209 1277 239 1341 ei
263 1277 317 1358 qui
341 1277 399 1342 dat
421 1278 672 1361 eleemosynam.
705 1278 827 1343 Verum
844 1298 917 1343 cum
933 1278 1004 1343 sola
1020 1276 1077 1343 illa
1100 1277 1227 1356 notitia,
1252 1297 1339 1361 quae
1363 1280 1428 1345 dett

133 1365 231 1432 alteri
254 1366 494 1449 eleemosynam
518 1368 683 1445 offerenti,
717 1387 831 1433 ansam
860 1367 918 1432 det
940 1371 974 1433 et
997 1366 1176 1450 periculum
1206 1372 1297 1434 creet
1322 1368 1428 1434 alicuir

132 1455 392 1520 indifferentismi
415 1455 468 1519 vel
491 1456 610 1521 saltem
632 1455 774 1540 speciem
796 1456 887 1521 illam
910 1476 990 1539 prae
1013 1476 1049 1521 se
1072 1454 1170 1521 facile
1192 1455 1297 1522 ferat:
1329 1477 1428 1523 consu

133 1545 199 1609 tius
230 1550 282 1612 est
311 1544 359 1609 ita
382 1564 498 1626 agere,
529 1549 567 1610 ut
589 1545 717 1622 Mare,
747 1546 963 1612 Institutione
984 1546 1138 1631 Alpheus.
1169 1564 1201 1612 n.
1229 1547 1313 1611 1601
1346 1550 1428 1612 nota*

139 1633 275 1711 „Quodsi
299 1632 497 1717 stipendium
526 1654 585 1718 pro
615 1634 724 1716 aliquo
756 1631 925 1717 [defuncto
954 1631 1173 1718 heterodoxo]
1205 1632 1240 1698 in
1263 1635 1428 1718 particula

134 1722 300 1799 offeratur,
324 1723 522 1806 respondeat
545 1723 697 1788 sacerdos
721 1743 757 1788 se
780 1743 877 1807 posse
893 1723 1059 1808 applicare
1074 1723 1207 1788 missam
1229 1743 1291 1807 pro
1306 1724 1428 1790 omnibu

134 1811 282 1877 fidelibus
306 1811 467 1877 defunctis
492 1833 564 1877 cum
587 1812 768 1879 intentione
792 1811 1004 1878 subveniendi
1020 1811 1121 1878 etiam
1136 1811 1267 1877 animae
1288 1811 1380 1880 illius
1401 1814 1428 1878 d«

134 1899 254 1977 functi,
279 1900 306 1964 si
330 1901 391 1966 hoc
414 1906 584 1986 acceptum
608 1901 652 1967 sit
674 1922 783 1967 eoram
807 1901 906 1967 De0.“
956 1902 1005 1967 De
1029 1905 1153 1979 cetero,
1183 1900 1212 1966 si
1235 1904 1428 1969 condicione

134 1991 172 2055 fit
194 1990 315 2055 missae
339 1990 530 2073 applicatio,
564 2011 701 2073 eamque
731 1995 776 2056 sic
804 1990 875 2055 fieri
905 1990 933 2055 ei
964 1989 1020 2072 qui
1042 1988 1239 2074 stipendium
1271 1991 1333 2057 dat
1355 2013 1428 2057 man

135 2079 294 2146 laetatur:
326 2079 432 2145 editor
454 2079 638 2144 libellorum
661 2078 802 2164 period,
827 2079 943 2161 quibus
967 2078 1084 2146 titulus
1110 2078 1162 2160 ,Il
1184 2079 1346 2146 Monitore
1370 2084 1428 2146 cccl

134 2168 294 2248 siastico“,
327 2168 461 2233 missam
492 2168 539 2233 sic
569 2169 735 2253 applicare
765 2189 824 2252 pro
857 2167 1022 2234 haeretico
1053 2188 1149 2250 quem
1179 2167 1251 2233 iure
1281 2174 1395 2253 putem
1422 2169 1428 2233 i

135 2259 220 2323 bona
243 2258 306 2322 fide
322 2257 521 2335 defunctum,
546 2278 606 2342 pro
621 2257 712 2323 licito
728 2258 829 2324 habet
844 2256 922 2338 (vol.
943 2260 983 2323 13
999 2277 1057 2322 seu
1073 2257 1150 2323 anni
1169 2259 1252 2323 1901
1273 2278 1351 2341 pag.
1371 2261 1428 2324 172

74 2379 123 2432 197
224 2364 261 2429 R.
285 2366 314 2430 5.
350 2363 387 2428 In
411 2362 525 2430 ultimo
549 2384 626 2429 casu
650 2363 845 2448 stipendium
870 2364 1015 2431 oblatum
1037 2363 1191 2429 sacerdos
1213 2363 1313 2431 debet
1337 2364 1428 2431 reieci

135 2473 239 2536 neque
263 2452 372 2518 licebit
394 2473 453 2537 pro
477 2452 534 2518 illo
558 2452 711 2519 defuncto
736 2453 916 2531 celebrare,
947 2473 989 2518 ne
1011 2452 1071 2518 sub
1093 2451 1152 2518 illa
1174 2450 1366 2520 condicione
1389 2475 1428 2537 qu

135 2542 217 2608 dem.
264 2542 350 2608 Nam
380 2542 413 2606 in
443 2562 580 2625 poenam
612 2541 753 2607 criminis
776 2543 925 2607 Ecclesia
954 2540 1290 2608 excommunicatione
1322 2542 1427 2610 homin

135 2630 261 2696 vitandi
285 2651 412 2696 onmem
437 2630 693 2697 communionem
715 2631 946 2713 suffragiorum
969 2631 1170 2714 publicorum
1201 2633 1235 2696 et
1259 2632 1428 2699 ecclesiast

137 2739 246 2784 corum
270 2720 419 2786 sustulit:
451 2741 535 2801 quae
558 2741 663 2805 poena
686 2720 785 2786 etiam
810 2724 1045 2804 postmortem
1069 2720 1178 2798 valet,
1208 2718 1272 2785 nisi
1296 2720 1428 2787 absolut

137 2808 216 2874 data
238 2808 292 2887 sit,
316 2813 489 2893 postquam
507 2813 678 2875 constiterit
693 2810 733 2874 de
750 2809 969 2894 probabilibus
985 2807 1207 2894 paenitentiae
1223 2807 1339 2893 signis.
1371 2810 1428 2887 Qua

137 2897 164 2962 si
195 2897 274 2963 data
303 2919 368 2962 non
398 2897 539 2974 fuerint,
571 2898 633 2964 etsi
663 2898 749 2963 forte
779 2898 909 2966 interna
939 2897 1142 2981 paenitentia
1172 2918 1276 2980 eaque
1311 2899 1428 2984 perfect

136 3008 208 3052 cum
232 2987 302 3052 Deo
333 2986 546 3052 reconcilians
576 2987 735 3064 adfuerit,
767 2987 973 3053 nihilominus
995 2987 1029 3051 in
1052 2987 1124 3052 foro
1147 2990 1285 3052 externo
1309 2988 1428 3054 Eccles]

136 3076 384 3160 prohibitionem
423 3077 657 3142 communionis
691 3077 850 3153 sustinet,
888 3076 1029 3141 animam
1066 3075 1209 3142 defuncti
1244 3077 1307 3142 Dei
1343 3077 1428 3143 iudic

136 3165 261 3247 Deique
294 3164 536 3231 misericordiae
569 3166 764 3248 relinquens.
818 3165 933 3247 Neque
962 3168 1074 3230 tamen
1107 3164 1287 3250 putandum
1326 3171 1379 3233 est
1412 3167 1428 3231 il

136 3255 280 3332 animae,
305 3255 333 3319 si
356 3254 442 3320 forte
465 3255 558 3320 salva
581 3254 697 3331 fuerit,
722 3276 817 3320 omne
840 3254 1028 3337 suffragium
1053 3275 1126 3319 esse
1149 3254 1326 3322 sublatum.
1374 3254 1428 3323 Na

137 3364 179 3408 ex
207 3346 351 3429 qeneroli
383 3344 570 3428 precatione
605 3366 664 3427 pro
699 3343 846 3408 omnibus
876 3343 908 3407 in
939 3342 1067 3409 Christo
1098 3342 1342 3425 quiescentibus
1376 3345 1428 3410 sior

137 3433 237 3498 etiam
267 3454 309 3498 ex
338 3433 470 3518 privata
499 3433 624 3517 piorum
655 3433 819 3515 suffragiis
849 3433 937 3498 Deus
971 3432 1095 3497 moveri
1129 3436 1255 3516 potest,
1290 3437 1330 3499 ut
1360 3433 1428 3501 etia

136 3521 196 3588 tali
219 3521 348 3587 animae
371 3522 513 3604 alioquin
530 3522 706 3588 derelictae
722 3522 942 3587 levamentum
959 3521 1089 3603 aliquod
1106 3522 1275 3589 concedat.
1300 3559 1346 3567 —
1369 3523 1428 3600 Qu<

137 3632 216 3676 vero
241 3611 388 3676 Ecclesia
411 3611 585 3695 specialem
619 3616 728 3677 actum
751 3632 810 3695 pro
833 3610 892 3676 tali
925 3610 1055 3675 homine
1085 3611 1137 3693 qui
1162 3614 1199 3676 ut
1222 3609 1380 3678 vitandus
1403 3611 1428 3677 d<

138 3700 270 3766 functus
304 3700 349 3766 sit
378 3700 566 3785 prohibeat,
601 3721 707 3784 poena
736 3704 787 3765 est
817 3699 960 3765 criminis
990 3699 1154 3765 commissi
1183 3721 1268 3782 quae
1304 3700 1428 3768 ostendi

138 3793 339 3874 quantopere
355 3789 614 3872 pertimescenda
635 3788 679 3855 sit
695 3788 997 3867 excommunicatio,
1023 3792 1137 3873 utpote
1152 3809 1255 3871 usque
1270 3788 1304 3854 in
1322 3792 1428 3858 alterat

138 3879 240 3946 vitam
264 3879 398 3944 effectus
422 3900 497 3944 suos
522 3879 712 3962 producens,

237 4077 523 4144 INTENTIONIS
548 4076 810 4142 APPLICANDI
834 4075 986 4143 Missas
1010 4076 1361 4149 DETERMINATIO.

702 4242 881 4318 01811155)

240 4393 416 4464 Cassianus,
448 4392 587 4451 sacerdos
616 4391 776 4466 regularis,
806 4392 915 4468 accipit
944 4395 981 4449 20
1010 4392 1191 4450 intentiones
1219 4392 1380 4455 missarum
1406 4414 1428 4472 pr

139 4475 294 4551 stipendiis
316 4480 446 4544 notatas,
469 4472 597 4531 seilicet:
621 4475 638 4530 3
661 4472 697 4530 ad
719 4473 912 4531 intentionem
934 4473 1041 4540 dantis,
1065 4474 1083 4530 4
1104 4491 1157 4547 pro
1178 4472 1347 4547 defunctis,
1369 4479 1386 4535 2
1405 4495 1428 4553 pr

140 4557 279 4615 defuncto
301 4561 355 4613 etc.
398 4555 466 4631 Ipse
495 4553 662 4628 generalem
690 4553 804 4626 quidem
833 4554 924 4611 habet
944 4552 1138 4611 intentionem
1166 4552 1375 4616 satisfaciendi
1393 4575 1425 4616 on

138 4636 229 4706 ribuS,
251 4635 324 4694 nihil
346 4635 425 4693 alind
448 4640 544 4692 autern
567 4633 702 4708 cogitans
722 4634 771 4691 vel
793 4633 991 4692 determinans
1012 4632 1142 4707 vigesies
1163 4633 1285 4692 missam
1307 4638 1428 4696 celebrat
