3044 5174
169 280 209 345 18
618 275 658 329 De
677 276 856 329 sacramentis
874 277 1033 343 generatim.

166 474 241 520 cere
265 475 329 519 non
353 453 437 520 tanti
470 457 522 519 est
551 452 675 535 negotii
705 473 810 534 neque
833 452 954 519 homini
977 453 1103 518 sincere
1133 454 1323 537 procedenti
1346 475 1408 539 per
1430 455 1490 520 Dei

165 543 309 626 gratiam
332 543 414 608 adeo
438 542 579 609 difficile.
624 542 709 606 Hinc
732 541 912 607 timendum
935 546 987 608 est
1016 562 1057 607 ne
1080 541 1186 608 Titius
1209 543 1382 626 angustias
1406 548 1490 610 tem·

164 633 253 717 poris
285 632 504 716 praetendens
537 632 646 696 fucum
678 631 797 705 faciat;
830 630 928 713 idque
961 631 1059 697 etiam
1092 632 1197 698 relate
1229 632 1271 697 ad
1304 638 1488 700 extremam

165 721 361 788 unctionem.
392 721 496 786 Multo
519 719 625 803 magis
648 721 753 785 relate
777 719 818 784 ad
834 719 1014 804 baptismos
1030 720 1169 787 collatos
1184 721 1371 806 putaverim
1394 744 1488 806 prac-

165 811 231 877 tice
254 831 329 876 eum
352 831 372 875 a
395 809 491 891 gravi
515 813 651 894 peccato
675 808 826 875 excusari
849 830 914 874 non
936 830 1043 893 posse.

120 933 155 987 25
253 917 293 982 R.
318 919 349 982 3.
381 915 586 999 Baptismum
617 915 782 1000 privatum
813 915 1021 982 necessitatis
1052 915 1259 981 committens
1289 916 1361 982 viro
1394 917 1486 991 laico,

165 1006 258 1088 eique
281 1005 390 1089 impio,
415 1004 596 1071 evitavitue
619 1025 697 1070 vere
712 1008 883 1090 peccatum
899 1005 1048 1082 mortale,
1073 1005 1159 1088 quod
1175 1005 1392 1072 ministrando
1408 1007 1487 1092 bap·

163 1095 296 1161 tisinum
320 1094 559 1160 commisisset?

252 1184 389 1261 Fateor,
420 1183 449 1249 si
479 1184 640 1264 agebatur
669 1183 709 1248 de
739 1182 934 1266 baptizando
964 1182 1090 1248 infante
1119 1181 1207 1248 inter
1234 1181 1341 1268 ipsam
1371 1185 1485 1251 matris

166 1273 358 1348 sectionem,
384 1293 423 1337 eo
447 1272 533 1355 quod
557 1273 597 1336 de
620 1272 691 1339 vita
713 1271 800 1337 illico
823 1271 1087 1355 periclitabatur,
1119 1271 1278 1337 rationem
1302 1272 1484 1339 habendam
1517 1343 1520 1359 ,

165 1363 264 1427 fuisse
288 1361 419 1445 pudori,
451 1366 486 1426 et
516 1382 558 1426 ex
580 1361 642 1426 hac
666 1382 766 1426 causa
789 1365 859 1427 tum
883 1361 991 1444 potius
1021 1360 1173 1444 chirurgo
1201 1382 1299 1443 quam
1322 1363 1484 1430 sacerdoti

164 1450 429 1518 committendam
454 1471 526 1515 esse
550 1450 704 1534 baptismi
728 1451 944 1517 collationem.
977 1450 1015 1515 Id
1031 1469 1186 1533 expresse
1211 1450 1291 1516 dicit
1306 1451 1482 1517 Lacroir

166 1540 186 1606 l.
213 1544 248 1618 6,
279 1562 309 1624 p.
341 1540 366 1615 l,
398 1561 429 1606 n.
464 1541 526 1604 277
559 1540 599 1604 de
622 1538 838 1623 praeferenda
860 1539 1001 1604 femina:
1036 1539 1202 1621 ,Denique
1226 1539 1254 1603 si
1276 1539 1388 1605 infans
1411 1563 1482 1607 nec·

164 1629 240 1693 dum
263 1629 414 1694 totaliter
436 1649 590 1710 egressus
614 1649 656 1693 ex
679 1633 774 1694 utero
798 1628 842 1694 sit
864 1628 1096 1712 baptizandus,
1129 1628 1246 1693 mulier
1268 1629 1482 1712 praeferenda

163 1723 215 1784 est
238 1718 428 1799 cuicumque
452 1718 533 1795 viro,
558 1716 656 1782 etiam
674 1717 805 1802 proprio
822 1718 974 1801 parocho,
998 1716 1046 1781 sic
1062 1716 1148 1781 enirn
1164 1717 1269 1798 exigit
1289 1717 1480 1793 honestas“;

164 1828 262 1888 quam
291 1807 489 1873 sententiam
514 1807 545 1873 S.
570 1806 684 1891 Alph.
709 1807 774 1884 VI,
811 1808 871 1871 117
905 1806 987 1872 facit
1010 1827 1112 1872 suam.
1160 1807 1213 1870 Ex
1243 1807 1315 1890 pari
1346 1808 1479 1885 ratione,

163 1898 248 1978 quod
281 1895 392 1962 dicunt
416 1896 456 1960 de
480 1896 615 1973 femina,
648 1895 786 1960 dixerim
811 1894 841 1960 in
867 1901 980 1961 nostra
1004 1893 1226 1978 suppositione
1256 1896 1297 1961 de
1320 1896 1479 1980 chirurgo,
1509 1949 1512 1961 .

162 1985 190 2049 si
214 1985 309 2050 modo
333 1984 450 2050 confidi
474 1985 596 2069 possit,
621 1986 693 2050 fore
716 1990 754 2051 ut
777 1985 840 2050 rite
863 1985 972 2050 omnia
993 1989 1142 2068 praestet
1165 2005 1249 2067 quae
1273 1985 1316 2050 ad
1339 1986 1478 2052 validum

162 2075 359 2158 baptismum
382 2074 449 2140 sint
473 2073 667 2139 necessaria.

250 2172 373 2237 Verum
403 2172 488 2237 hanc
520 2171 679 2237 rationem
710 2171 843 2255 pudoris
866 2170 972 2236 Titius
1002 2171 1189 2238 nullatenus
1218 2170 1340 2253 tetigit.
1389 2172 1478 2240 Unde

163 2261 417 2326 concludendum
440 2260 572 2325 videtur
595 2261 701 2325 locum
724 2259 877 2324 habuisse
900 2259 1097 2342 baptismum
1120 2260 1256 2326 infantis
1283 2260 1380 2344 plene
1404 2262 1476 2339 nati,
1511 2302 1516 2341 ,

163 2371 267 2432 neque
282 2349 427 2415 adfuisse
443 2350 620 2432 periculum
638 2348 815 2413 emoriendi
831 2353 907 2416 ante
923 2348 1132 2414 nativitatem
1148 2349 1340 2433 perfectam.
1378 2349 1478 2427 Quare
1512 2362 1520 2436 'j

162 2440 274 2504 valere
297 2439 410 2505 debuit
432 2439 549 2520 regula
571 2437 713 2504 Ritualis
737 2437 824 2502 circa
847 2437 1045 2521 baptismum
1068 2438 1291 2504 necessitatis:
1320 2439 1374 2517 ,Si
1399 2440 1478 2505 adsit
1510 2386 1520 2505 1

162 2528 325 2605 sacerdos,
349 2528 486 2593 diacono
509 2527 726 2611 praeferatur,
751 2527 905 2592 diaconus
929 2527 1137 2605 subdiacon0,
1162 2527 1298 2593 clericus
1322 2528 1425 2609 laico,
1448 2534 1477 2594 et
1510 2530 1520 2585 ⁴·

163 2617 213 2681 vir
237 2616 387 2693 feminae,
413 2621 509 2694 etc.“;
533 2616 574 2682 de
598 2637 662 2698 qua
685 2617 800 2698 regula
823 2619 918 2681 notat
941 2616 973 2682 S.
997 2616 1111 2700 Alph.
1136 2617 1157 2682 l.
1182 2638 1228 2692 c.,
1253 2638 1295 2681 ex
1318 2617 1476 2684 sententia
1510 2570 1514 2676 l

161 2706 290 2771 omnino
315 2705 485 2782 communi,
510 2727 582 2770 eam
599 2705 793 2789 praescripti
809 2704 930 2771 ordinis
946 2704 1188 2788 perversionem
1205 2726 1269 2787 qua
1284 2705 1389 2772 laicus
1404 2728 1476 2791 prae
1511 2729 1520 2779 ·-,

159 2796 330 2860 sacerdote
359 2795 505 2878 baptizet
534 2816 607 2860 esse
640 2803 799 2880 peractum
829 2797 977 2859 modale:
1012 2799 1064 2872 ,et
1093 2794 1166 2860 ideo
1197 2795 1297 2861 etiam
1328 2796 1476 2862 sacerdos
1516 2830 1520 2862 ι

159 2884 309 2968 graviter
332 2888 501 2967 peccaret,
533 2883 560 2947 si
585 2883 667 2949 laico
691 2883 1006 2948 administrationem
1037 2885 1198 2949 cederet.“
1248 2884 1337 2967 Ergo
1369 2886 1476 2969 praxis

159 2972 236 3038 Titii
261 2995 324 3038 non
348 2977 421 3038 erat
443 2978 498 3038 via
522 2972 681 3038 evadendi
712 2973 770 3037 sed
800 2972 985 3038 incurrendi
1019 2973 1147 3056 peccati
1170 2972 1318 3039 mortalis
1342 2981 1475 3042 reatum.
1510 3018 1513 3027 ·

248 3071 399 3135 Ceterum
422 3070 455 3135 in
478 3074 591 3135 nostro
622 3091 699 3136 casu
722 3092 787 3135 non
818 3070 935 3136 aderat
964 3075 1060 3136 tanta
1091 3091 1190 3135 causa
1220 3072 1399 3153 quaerendi
1422 3073 1476 3137 hoc
1504 3042 1514 3135 l

160 3161 333 3242 effugium,
358 3180 422 3240 quo
446 3159 629 3224 evitaretur
651 3164 820 3243 peccatum
845 3180 957 3241 grave.
1001 3159 1134 3224 Minime
1158 3159 1244 3223 enim
1268 3165 1401 3228 constat
1424 3162 1475 3227 ad·
1518 3215 1520 3225 .

159 3249 339 3314 ministrari
363 3248 560 3331 baptismum
584 3248 749 3331 privatum
773 3249 980 3314 necessitatis
1004 3250 1045 3314 ab
1069 3269 1124 3323 eo,
1156 3248 1210 3331 qui
1234 3248 1267 3313 in
1290 3253 1383 3316 statu
1407 3272 1476 3335 pec-
1518 3248 1520 3252 ’

159 3337 225 3402 cati
249 3343 317 3414 est,
349 3359 421 3403 esse
445 3359 487 3402 ex
510 3358 545 3402 se
569 3359 690 3402 novum
713 3342 883 3420 peccatum
908 3359 1021 3419 grave.
1068 3338 1178 3418 Atque
1207 3337 1241 3403 in
1266 3338 1328 3403 hac
1351 3360 1388 3405 re
1412 3344 1475 3405 tum

158 3426 265 3492 Titius
289 3431 357 3493 tum
381 3425 552 3508 chirurgus
580 3426 768 3508 inaequali
798 3427 985 3491 condicione
1015 3426 1228 3510 probabiliter
1252 3428 1475 3494 versabantur.
1518 3484 1520 3507 ,

158 3516 296 3582 Frustra
326 3515 427 3598 igitur
460 3515 631 3597 chirurgus
666 3515 915 3599 praeferebatur
947 3515 1043 3581 Titio.
1097 3515 1259 3580 Nimirum
1293 3517 1326 3583 S.
1360 3518 1474 3602 Alph.

158 3604 179 3671 l.
204 3627 231 3670 c.
255 3627 286 3671 n.
310 3608 352 3669 32
377 3605 523 3688 praefert
546 3604 676 3687 quidem
699 3605 899 3688 opinionem,
924 3626 1007 3686 quae
1031 3609 1123 3670 tenet
1147 3604 1308 3670 obiective
1332 3608 1475 3688 graviter
1505 3610 1520 3743 1

158 3694 286 3777 peccari
310 3694 379 3759 sive
404 3715 424 3758 a
446 3693 530 3758 laico
554 3694 625 3759 sive
648 3715 668 3758 a
692 3694 879 3770 sacerdote,
911 3694 1020 3776 quiin
1044 3698 1134 3759 statu
1165 3695 1292 3777 peccati
1316 3697 1476 3762 exsistens

159 3784 354 3867 baptismum
380 3783 480 3847 etiam
503 3782 668 3866 privatum
691 3787 819 3848 tantum
845 3783 1009 3860 conferat;
1038 3804 1152 3847 verum
1176 3783 1378 3866 probabilem
1403 3785 1475 3851 dicit
1504 3749 1520 3901 1

159 3872 355 3937 contrariam
392 3873 599 3938 sententiam.
646 3873 749 3948 Quam
782 3872 997 3948 sententiam,
1034 3893 1117 3955 quae
1153 3878 1204 3938 est
1239 3873 1270 3938 S.
1303 3872 1476 3941 Thomas

159 3961 401 4044 Aquinatis,
433 3982 513 4026 sane
536 3966 671 4044 propter
694 3962 796 4026 solam
821 3961 1053 4028 auctoritatem
1077 3962 1183 4026 Titius
1213 3962 1358 4044 practice
1388 3985 1475 4029 assu·

158 4071 248 4115 mere
263 4050 379 4133 potuit.
413 4050 523 4115 Verba
536 4051 687 4116 Doctoris
704 4050 853 4132 Angelici
869 4057 946 4116 sunt
962 4051 1043 4115 haec
1059 4050 1205 4129 (Sannum
1221 4053 1309 4116 theol.
1328 4055 1359 4130 3,
1378 4074 1409 4134 q.
1427 4055 1473 4127 64,

158 4160 186 4205 a.
214 4143 249 4211 6,
276 4140 317 4204 ad
342 4140 391 4220 3):
423 4139 476 4216 ,ln
500 4140 637 4206 articulo
662 4144 773 4205 tamen
797 4140 1004 4206 necessitatis
1028 4161 1093 4204 non
1115 4146 1269 4223 peccaret
1295 4137 1474 4226 [sacerdos]

157 4229 352 4312 baptizando
376 4231 411 4293 in
435 4252 510 4294 coen
529 4234 560 4293 in
578 4253 637 4314 qno
655 4232 746 4293 etiem
763 4237 863 4313 posset
887 4232 988 4294 laicus
1005 4231 1168 4313 baptizare
1176 4253 1188 4310 ,·
1211 4229 1257 4294 sic
1273 4230 1359 4294 enim
1376 4236 1473 4314 patet,
1517 4236 1520 4241 '

158 4319 243 4398 quod
266 4340 329 4382 non
354 4339 389 4382 se
413 4319 583 4384 exhiberet
605 4319 790 4383 ministrum
814 4319 997 4394 Ecclesiae,
1029 4319 1086 4381 sed
1116 4319 1306 4385 subveniret
1337 4320 1473 4386 necessi·
1502 4344 1511 4454 1

156 4413 260 4473 tatem
284 4408 452 4490 patienti.“
1503 4478 1512 4503 4

245 4637 283 4702 lt.
311 4641 338 4703 1.
363 4638 465 4703 Caute
489 4638 590 4715 vivat,
615 4658 655 4701 ne
680 4659 832 4719 umquam
856 4637 981 4702 recidat
1005 4638 1036 4701 in
1060 4643 1230 4720 peccatum
1254 4641 1405 4708 mortale.

113 4547 146 4600 26
246 4532 297 4594 Ab
321 4552 511 4606 ounssrruu
536 4535 574 4594 31„
599 4553 640 4595 ex
664 4530 758 4595 dictis
782 4536 875 4613 petet
898 4553 1098 4613 responsum.
1147 4531 1313 4596 Breviter:
1500 4505 1513 4800 1

1500 4944 1512 5136 l
