<?xml version="1.0" encoding="UTF-8"?>
<!DOCTYPE html PUBLIC "-//W3C//DTD XHTML 1.0 Transitional//EN"
    "http://www.w3.org/TR/xhtml1/DTD/xhtml1-transitional.dtd">
<html xmlns="http://www.w3.org/1999/xhtml" xml:lang="en" lang="en">
 <head>
  <title>
</title>
<meta http-equiv="Content-Type" content="text/html;charset=utf-8" />
  <meta name='ocr-system' content='tesseract 3.04.00' />
  <meta name='ocr-capabilities' content='ocr_page ocr_carea ocr_par ocr_line ocrx_word'/>
</head>
<body>
  <div class='ocr_page' id='page_1' title='image "./casusconscienti00lehmgoog_0172.png"; bbox 0 0 3044 5174; ppageno 0'>
   <div class='ocr_carea' id='block_1_1' title="bbox 141 274 942 343">
    <p class='ocr_par' dir='ltr' id='par_1_1' title="bbox 141 274 942 343">
     <span class='ocr_line' id='line_1_1' title="bbox 141 274 942 343; baseline -0.006 -7"><span class='ocrx_word' id='word_1_1' title='bbox 141 278 205 343; x_wconf 86' lang='lat'>150</span> <span class='ocrx_word' id='word_1_2' title='bbox 656 274 696 329; x_wconf 89' lang='lat' dir='ltr'>De</span> <span class='ocrx_word' id='word_1_3' title='bbox 713 292 751 331; x_wconf 88' lang='lat' dir='ltr'>ss.</span> <span class='ocrx_word' id='word_1_4' title='bbox 770 275 942 332; x_wconf 73' lang='lat' dir='ltr'><strong>eucharistia.</strong></span> 
     </span>
    </p>
   </div>
   <div class='ocr_carea' id='block_1_2' title="bbox 138 452 1469 805">
    <p class='ocr_par' dir='ltr' id='par_1_2' title="bbox 138 452 1469 805">
     <span class='ocr_line' id='line_1_2' title="bbox 229 452 1469 538; baseline 0 -20"><span class='ocrx_word' id='word_1_5' title='bbox 229 452 380 518; x_wconf 84' lang='lat' dir='ltr'>Ceterum</span> <span class='ocrx_word' id='word_1_6' title='bbox 403 474 468 519; x_wconf 90' lang='lat' dir='ltr'>non</span> <span class='ocrx_word' id='word_1_7' title='bbox 492 457 544 520; x_wconf 88' lang='lat' dir='ltr'>est</span> <span class='ocrx_word' id='word_1_8' title='bbox 566 452 748 520; x_wconf 89' lang='lat' dir='ltr'>sacerdotis</span> <span class='ocrx_word' id='word_1_9' title='bbox 772 453 931 520; x_wconf 84' lang='lat' dir='ltr'>adiutoria</span> <span class='ocrx_word' id='word_1_10' title='bbox 955 454 1129 538; x_wconf 87' lang='lat' dir='ltr'>explorare</span> <span class='ocrx_word' id='word_1_11' title='bbox 1162 452 1299 530; x_wconf 87' lang='lat' dir='ltr'>altaria,</span> <span class='ocrx_word' id='word_1_12' title='bbox 1331 453 1391 519; x_wconf 92' lang='lat' dir='ltr'>sed</span> <span class='ocrx_word' id='word_1_13' title='bbox 1415 474 1469 519; x_wconf 94' lang='lat' dir='ltr'>or·</span> 
     </span>
     <span class='ocr_line' id='line_1_3' title="bbox 139 541 1469 620; baseline 0.002 -14"><span class='ocrx_word' id='word_1_14' title='bbox 139 541 258 607; x_wconf 90' lang='lat' dir='ltr'>dinarii</span> <span class='ocrx_word' id='word_1_15' title='bbox 280 542 313 606; x_wconf 90' lang='lat' dir='ltr'>in</span> <span class='ocrx_word' id='word_1_16' title='bbox 337 541 527 609; x_wconf 89' lang='lat' dir='ltr'>visitatione</span> <span class='ocrx_word' id='word_1_17' title='bbox 550 543 603 608; x_wconf 92' lang='lat' dir='ltr'>vel</span> <span class='ocrx_word' id='word_1_18' title='bbox 628 542 765 610; x_wconf 89' lang='lat' dir='ltr'>rectoris</span> <span class='ocrx_word' id='word_1_19' title='bbox 796 543 970 620; x_wconf 88' lang='lat' dir='ltr'>ecclesiae,</span> <span class='ocrx_word' id='word_1_20' title='bbox 1001 543 1030 608; x_wconf 93' lang='lat' dir='ltr'>si</span> <span class='ocrx_word' id='word_1_21' title='bbox 1059 543 1159 610; x_wconf 87' lang='lat' dir='ltr'>habet</span> <span class='ocrx_word' id='word_1_22' title='bbox 1188 543 1352 609; x_wconf 91' lang='lat' dir='ltr'>rationem</span> <span class='ocrx_word' id='word_1_23' title='bbox 1376 543 1469 608; x_wconf 91' lang='lat' dir='ltr'>dubi·</span> 
     </span>
     <span class='ocr_line' id='line_1_4' title="bbox 140 630 1467 716; baseline 0.002 -20"><span class='ocrx_word' id='word_1_24' title='bbox 140 631 242 697; x_wconf 91' lang='lat' dir='ltr'>tandi.</span> <span class='ocrx_word' id='word_1_25' title='bbox 273 630 404 713; x_wconf 83' lang='lat' dir='ltr'>Reliqui</span> <span class='ocrx_word' id='word_1_26' title='bbox 426 633 614 698; x_wconf 80' lang='lat' dir='ltr'>sacerdotes</span> <span class='ocrx_word' id='word_1_27' title='bbox 636 632 671 696; x_wconf 89' lang='lat' dir='ltr'>in</span> <span class='ocrx_word' id='word_1_28' title='bbox 693 631 864 710; x_wconf 88' lang='lat' dir='ltr'>altaribus,</span> <span class='ocrx_word' id='word_1_29' title='bbox 889 652 1025 714; x_wconf 89' lang='lat' dir='ltr'>quorum</span> <span class='ocrx_word' id='word_1_30' title='bbox 1050 652 1128 698; x_wconf 91' lang='lat' dir='ltr'>usus</span> <span class='ocrx_word' id='word_1_31' title='bbox 1151 631 1300 716; x_wconf 87' lang='lat' dir='ltr'>publicus</span> <span class='ocrx_word' id='word_1_32' title='bbox 1324 631 1467 710; x_wconf 81' lang='lat' dir='ltr'>exsistit,</span> 
     </span>
     <span class='ocr_line' id='line_1_5' title="bbox 138 719 1225 805; baseline 0.004 -21"><span class='ocrx_word' id='word_1_33' title='bbox 138 741 269 785; x_wconf 87' lang='lat' dir='ltr'>sumere</span> <span class='ocrx_word' id='word_1_34' title='bbox 294 721 414 787; x_wconf 92' lang='lat' dir='ltr'>debent</span> <span class='ocrx_word' id='word_1_35' title='bbox 437 719 546 787; x_wconf 89' lang='lat' dir='ltr'>omnia</span> <span class='ocrx_word' id='word_1_36' title='bbox 568 719 632 787; x_wconf 86' lang='lat' dir='ltr'>rite</span> <span class='ocrx_word' id='word_1_37' title='bbox 656 741 729 787; x_wconf 90' lang='lat' dir='ltr'>esse</span> <span class='ocrx_word' id='word_1_38' title='bbox 752 721 844 787; x_wconf 87' lang='lat' dir='ltr'>facta</span> <span class='ocrx_word' id='word_1_39' title='bbox 866 722 920 786; x_wconf 84' lang='lat' dir='ltr'>vel</span> <span class='ocrx_word' id='word_1_40' title='bbox 944 719 1008 787; x_wconf 87' lang='lat' dir='ltr'>rite</span> <span class='ocrx_word' id='word_1_41' title='bbox 1033 721 1225 805; x_wconf 89' lang='lat' dir='ltr'>composita.</span> 
     </span>
    </p>
   </div>
   <div class='ocr_carea' id='block_1_3' title="bbox 359 929 1250 999">
    <p class='ocr_par' dir='ltr' id='par_1_3' title="bbox 359 929 1250 999">
     <span class='ocr_line' id='line_1_6' title="bbox 359 929 1250 999; baseline 0.003 -3"><span class='ocrx_word' id='word_1_42' title='bbox 359 930 635 996; x_wconf 81' lang='lat' dir='ltr'><strong>PARAMENTA</strong></span> <span class='ocrx_word' id='word_1_43' title='bbox 659 931 717 996; x_wconf 83' lang='grc' dir='ltr'>ΕΤ</span> <span class='ocrx_word' id='word_1_44' title='bbox 740 929 980 998; x_wconf 81' lang='lat' dir='ltr'><strong>UTRNSILIA</strong></span> <span class='ocrx_word' id='word_1_45' title='bbox 1001 930 1087 997; x_wconf 88' lang='lat' dir='ltr'>PRO</span> <span class='ocrx_word' id='word_1_46' title='bbox 1111 930 1250 999; x_wconf 83' lang='lat' dir='ltr'><strong>MISSA.</strong></span> 
     </span>
    </p>
   </div>
   <div class='ocr_carea' id='block_1_4' title="bbox 698 1096 886 1173">
    <p class='ocr_par' dir='ltr' id='par_1_4' title="bbox 698 1096 886 1173">
     <span class='ocr_line' id='line_1_7' title="bbox 698 1096 886 1173; baseline -0.027 -11"><span class='ocrx_word' id='word_1_47' title='bbox 698 1096 809 1163; x_wconf 75' lang='lat' dir='ltr'>casus.</span> <span class='ocrx_word' id='word_1_48' title='bbox 828 1104 886 1173; x_wconf 76' lang='lat'><strong>(76)</strong></span> 
     </span>
    </p>
   </div>
   <div class='ocr_carea' id='block_1_5' title="bbox 137 1243 1470 2043">
    <p class='ocr_par' dir='ltr' id='par_1_5' title="bbox 137 1243 1470 2043">
     <span class='ocr_line' id='line_1_8' title="bbox 228 1243 1469 1307; baseline 0.002 -3"><span class='ocrx_word' id='word_1_49' title='bbox 228 1244 369 1305; x_wconf 80' lang='lat' dir='ltr'>Claudius</span> <span class='ocrx_word' id='word_1_50' title='bbox 390 1245 597 1305; x_wconf 87' lang='lat' dir='ltr'>missionarius</span> <span class='ocrx_word' id='word_1_51' title='bbox 625 1244 657 1303; x_wconf 90' lang='lat' dir='ltr'>in</span> <span class='ocrx_word' id='word_1_52' title='bbox 684 1243 791 1304; x_wconf 87' lang='lat' dir='ltr'>itinere</span> <span class='ocrx_word' id='word_1_53' title='bbox 820 1243 941 1304; x_wconf 88' lang='lat' dir='ltr'>divertit</span> <span class='ocrx_word' id='word_1_54' title='bbox 967 1244 1000 1304; x_wconf 91' lang='lat' dir='ltr'>in</span> <span class='ocrx_word' id='word_1_55' title='bbox 1020 1243 1178 1305; x_wconf 88' lang='lat' dir='ltr'>ecclesiam</span> <span class='ocrx_word' id='word_1_56' title='bbox 1205 1244 1335 1304; x_wconf 80' lang='lat' dir='ltr'><strong>ruralem</strong></span> <span class='ocrx_word' id='word_1_57' title='bbox 1357 1246 1469 1307; x_wconf 77' lang='lat' dir='ltr'>vicario</span> 
     </span>
     <span class='ocr_line' id='line_1_9' title="bbox 138 1324 1468 1402; baseline 0.002 -18"><span class='ocrx_word' id='word_1_58' title='bbox 138 1324 197 1385; x_wconf 87' lang='lat' dir='ltr'>ianr</span> <span class='ocrx_word' id='word_1_59' title='bbox 219 1325 269 1385; x_wconf 92' lang='lat' dir='ltr'>diu</span> <span class='ocrx_word' id='word_1_60' title='bbox 290 1327 441 1396; x_wconf 89' lang='lat' dir='ltr'>orbatam,</span> <span class='ocrx_word' id='word_1_61' title='bbox 469 1325 601 1385; x_wconf 88' lang='lat' dir='ltr'>celebrat</span> <span class='ocrx_word' id='word_1_62' title='bbox 588 1329 682 1385; x_wconf 87' lang='lat' dir='ltr'>t.urus</span> <span class='ocrx_word' id='word_1_63' title='bbox 723 1324 870 1384; x_wconf 81' lang='lat' dir='ltr'>Aedituus</span> <span class='ocrx_word' id='word_1_64' title='bbox 898 1343 987 1401; x_wconf 79' lang='lat' dir='ltr'>aegre</span> <span class='ocrx_word' id='word_1_65' title='bbox 1015 1330 1150 1384; x_wconf 86' lang='lat' dir='ltr'>movetur</span> <span class='ocrx_word' id='word_1_66' title='bbox 1176 1330 1210 1384; x_wconf 90' lang='grc' dir='ltr'>ιιι</span> <span class='ocrx_word' id='word_1_67' title='bbox 1237 1344 1285 1384; x_wconf 90' lang='lat' dir='ltr'>res</span> <span class='ocrx_word' id='word_1_68' title='bbox 1306 1345 1363 1402; x_wconf 90' lang='lat' dir='ltr'>pro</span> <span class='ocrx_word' id='word_1_69' title='bbox 1384 1345 1468 1387; x_wconf 88' lang='lat' dir='ltr'>sacro</span> 
     </span>
     <span class='ocr_line' id='line_1_10' title="bbox 139 1404 1468 1485; baseline 0.003 -22"><span class='ocrx_word' id='word_1_70' title='bbox 139 1409 306 1485; x_wconf 81' lang='lat' dir='ltr'>praeparet.</span> <span class='ocrx_word' id='word_1_71' title='bbox 285 1406 447 1464; x_wconf 85' lang='grc' dir='ltr'>ιΑιιιιι</span> <span class='ocrx_word' id='word_1_72' title='bbox 468 1405 592 1481; x_wconf 90' lang='lat' dir='ltr'>denique</span> <span class='ocrx_word' id='word_1_73' title='bbox 613 1425 651 1464; x_wconf 81' lang='lat' dir='ltr'>ve</span> <span class='ocrx_word' id='word_1_74' title='bbox 653 1409 715 1463; x_wconf 87' lang='lat' dir='ltr'>ttus</span> <span class='ocrx_word' id='word_1_75' title='bbox 716 1424 764 1464; x_wconf 89' lang='lat' dir='ltr'>am</span> <span class='ocrx_word' id='word_1_76' title='bbox 786 1405 917 1464; x_wconf 88' lang='lat' dir='ltr'>casulam</span> <span class='ocrx_word' id='word_1_77' title='bbox 938 1405 1046 1465; x_wconf 85' lang='lat' dir='ltr'>flavam</span> <span class='ocrx_word' id='word_1_78' title='bbox 1066 1404 1155 1464; x_wconf 90' lang='lat' dir='ltr'>lanea</span> <span class='ocrx_word' id='word_1_79' title='bbox 1176 1424 1242 1464; x_wconf 83' lang='lat' dir='ltr'>cunr</span> <span class='ocrx_word' id='word_1_80' title='bbox 1262 1407 1359 1477; x_wconf 88' lang='lat' dir='ltr'>stola,</span> <span class='ocrx_word' id='word_1_81' title='bbox 1380 1409 1468 1467; x_wconf 90' lang='lat' dir='ltr'>mani·</span> 
     </span>
     <span class='ocr_line' id='line_1_11' title="bbox 139 1453 1469 1561; baseline 0.003 -18"><span class='ocrx_word' id='word_1_82' title='bbox 139 1485 238 1561; x_wconf 91' lang='lat' dir='ltr'>pulum</span> <span class='ocrx_word' id='word_1_83' title='bbox 259 1487 438 1545; x_wconf 83' lang='lat' dir='ltr'>subrubeum</span> <span class='ocrx_word' id='word_1_84' title='bbox 460 1490 490 1544; x_wconf 87' lang='lat' dir='ltr'>et</span> <span class='ocrx_word' id='word_1_85' title='bbox 511 1486 624 1557; x_wconf 85' lang='lat' dir='ltr'>albam;</span> <span class='ocrx_word' id='word_1_86' title='bbox 653 1485 737 1544; x_wconf 87' lang='lat' dir='ltr'>deest</span> <span class='ocrx_word' id='word_1_87' title='bbox 765 1484 966 1560; x_wconf 81' lang='lat' dir='ltr'>cingulnmet</span> <span class='ocrx_word' id='word_1_88' title='bbox 953 1484 1161 1556; x_wconf 89' lang='lat' dir='ltr'>thumerals,</span> <span class='ocrx_word' id='word_1_89' title='bbox 1189 1484 1279 1544; x_wconf 89' lang='lat' dir='ltr'>etiam</span> <span class='ocrx_word' id='word_1_90' title='bbox 1301 1453 1401 1545; x_wconf 78' lang='lat' dir='ltr'>veliam</span> <span class='ocrx_word' id='word_1_91' title='bbox 1423 1507 1469 1547; x_wconf 91' lang='lat' dir='ltr'>ca·</span> 
     </span>
     <span class='ocr_line' id='line_1_12' title="bbox 137 1564 1469 1643; baseline 0.003 -20"><span class='ocrx_word' id='word_1_92' title='bbox 137 1564 256 1625; x_wconf 88' lang='lat' dir='ltr'>licieet</span> <span class='ocrx_word' id='word_1_93' title='bbox 276 1566 382 1638; x_wconf 88' lang='lat' dir='ltr'>bursa;</span> <span class='ocrx_word' id='word_1_94' title='bbox 403 1584 539 1643; x_wconf 78' lang='lat' dir='ltr'><strong>mappam</strong></span> <span class='ocrx_word' id='word_1_95' title='bbox 561 1565 666 1625; x_wconf 88' lang='lat' dir='ltr'>altaris</span> <span class='ocrx_word' id='word_1_96' title='bbox 687 1564 779 1624; x_wconf 89' lang='lat' dir='ltr'>habet</span> <span class='ocrx_word' id='word_1_97' title='bbox 799 1584 888 1624; x_wconf 90' lang='lat' dir='ltr'>unam</span> <span class='ocrx_word' id='word_1_98' title='bbox 909 1569 976 1623; x_wconf 87' lang='lat' dir='ltr'>tant</span> <span class='ocrx_word' id='word_1_99' title='bbox 976 1583 1041 1636; x_wconf 84' lang='lat' dir='ltr'>um3</span> <span class='ocrx_word' id='word_1_100' title='bbox 1063 1565 1170 1625; x_wconf 85' lang='lat' dir='ltr'>desunt</span> <span class='ocrx_word' id='word_1_101' title='bbox 1157 1570 1300 1642; x_wconf 87' lang='lat' dir='ltr'>tquoque</span> <span class='ocrx_word' id='word_1_102' title='bbox 1322 1568 1469 1643; x_wconf 84' lang='lat' dir='ltr'>ampullae</span> 
     </span>
     <span class='ocr_line' id='line_1_13' title="bbox 139 1644 1470 1736; baseline 0.002 -33"><span class='ocrx_word' id='word_1_103' title='bbox 139 1645 201 1704; x_wconf 87' lang='lat' dir='ltr'>vini</span> <span class='ocrx_word' id='word_1_104' title='bbox 229 1652 259 1705; x_wconf 91' lang='lat' dir='ltr'>et</span> <span class='ocrx_word' id='word_1_105' title='bbox 287 1665 397 1723; x_wconf 90' lang='lat' dir='ltr'>aquae,</span> <span class='ocrx_word' id='word_1_106' title='bbox 425 1646 469 1705; x_wconf 90' lang='lat' dir='ltr'>ita</span> <span class='ocrx_word' id='word_1_107' title='bbox 496 1650 530 1704; x_wconf 91' lang='lat' dir='ltr'>ut</span> <span class='ocrx_word' id='word_1_108' title='bbox 550 1645 698 1720; x_wconf 84' lang='lat' dir='ltr'>integram</span> <span class='ocrx_word' id='word_1_109' title='bbox 726 1644 863 1736; x_wconf 83' lang='lat' dir='ltr'>lagenam</span> <span class='ocrx_word' id='word_1_110' title='bbox 892 1645 1028 1703; x_wconf 91' lang='lat' dir='ltr'>aedituus</span> <span class='ocrx_word' id='word_1_111' title='bbox 1056 1663 1073 1703; x_wconf 94' lang='lat' dir='ltr'>e</span> <span class='ocrx_word' id='word_1_112' title='bbox 1101 1645 1187 1705; x_wconf 92' lang='lat' dir='ltr'>domo</span> <span class='ocrx_word' id='word_1_113' title='bbox 1208 1664 1263 1704; x_wconf 86' lang='lat' dir='ltr'>sua</span> <span class='ocrx_word' id='word_1_114' title='bbox 1284 1645 1403 1706; x_wconf 85' lang='lat' dir='ltr'>alferat.</span> <span class='ocrx_word' id='word_1_115' title='bbox 1432 1680 1470 1689; x_wconf 88' lang='lat'><em>-</em></span> 
     </span>
     <span class='ocr_line' id='line_1_14' title="bbox 139 1723 1469 1805; baseline 0.002 -21"><span class='ocrx_word' id='word_1_116' title='bbox 139 1723 224 1794; x_wconf 80' lang='lat' dir='ltr'>Quod</span> <span class='ocrx_word' id='word_1_117' title='bbox 245 1725 350 1786; x_wconf 85' lang='lat' dir='ltr'>videns</span> <span class='ocrx_word' id='word_1_118' title='bbox 371 1725 520 1796; x_wconf 83' lang='lat' dir='ltr'>Claudius,</span> <span class='ocrx_word' id='word_1_119' title='bbox 542 1731 575 1784; x_wconf 91' lang='lat' dir='ltr'>nt</span> <span class='ocrx_word' id='word_1_120' title='bbox 596 1724 694 1784; x_wconf 85' lang='grc' dir='ltr'>ιιιιοι</span> <span class='ocrx_word' id='word_1_121' title='bbox 672 1725 746 1784; x_wconf 85' lang='lat' dir='ltr'>troni</span> <span class='ocrx_word' id='word_1_122' title='bbox 768 1724 936 1784; x_wconf 91' lang='lat' dir='ltr'>celebrandi</span> <span class='ocrx_word' id='word_1_123' title='bbox 958 1724 1141 1796; x_wconf 87' lang='lat' dir='ltr'>satisfaciat,</span> <span class='ocrx_word' id='word_1_124' title='bbox 1115 1725 1254 1785; x_wconf 88' lang='lat' dir='ltr'>teumit</span> <span class='ocrx_word' id='word_1_125' title='bbox 1274 1727 1469 1805; x_wconf 87' lang='lat' dir='ltr'>strophiolum</span> 
     </span>
     <span class='ocr_line' id='line_1_15' title="bbox 138 1805 1469 1883; baseline 0.002 -18"><span class='ocrx_word' id='word_1_126' title='bbox 138 1806 239 1865; x_wconf 86' lang='lat' dir='ltr'>album</span> <span class='ocrx_word' id='word_1_127' title='bbox 259 1825 329 1883; x_wconf 89' lang='lat' dir='ltr'>pro</span> <span class='ocrx_word' id='word_1_128' title='bbox 333 1805 486 1875; x_wconf 90' lang='lat' dir='ltr'>humerali,</span> <span class='ocrx_word' id='word_1_129' title='bbox 509 1805 649 1864; x_wconf 84' lang='lat' dir='ltr'><strong>chordam</strong></span> <span class='ocrx_word' id='word_1_130' title='bbox 670 1825 725 1881; x_wconf 89' lang='lat' dir='ltr'>pro</span> <span class='ocrx_word' id='word_1_131' title='bbox 740 1805 904 1881; x_wconf 84' lang='lat' dir='ltr'>cinguloet</span> <span class='ocrx_word' id='word_1_132' title='bbox 919 1823 984 1863; x_wconf 91' lang='lat' dir='ltr'>cum</span> <span class='ocrx_word' id='word_1_133' title='bbox 998 1805 1077 1864; x_wconf 92' lang='lat' dir='ltr'>nudo</span> <span class='ocrx_word' id='word_1_134' title='bbox 1092 1805 1186 1865; x_wconf 89' lang='lat' dir='ltr'>calice</span> <span class='ocrx_word' id='word_1_135' title='bbox 1200 1806 1238 1865; x_wconf 89' lang='lat' dir='ltr'>ad</span> <span class='ocrx_word' id='word_1_136' title='bbox 1260 1806 1469 1867; x_wconf 85' lang='lat' dir='ltr'>celebrandum</span> 
     </span>
     <span class='ocr_line' id='line_1_16' title="bbox 139 1884 1469 1962; baseline 0.003 -18"><span class='ocrx_word' id='word_1_137' title='bbox 139 1885 271 1957; x_wconf 71' lang='lat' dir='ltr'>accedit,</span> <span class='ocrx_word' id='word_1_138' title='bbox 300 1905 366 1945; x_wconf 91' lang='lat' dir='ltr'>cum</span> <span class='ocrx_word' id='word_1_139' title='bbox 394 1885 515 1945; x_wconf 87' lang='lat' dir='ltr'>missale</span> <span class='ocrx_word' id='word_1_140' title='bbox 536 1905 596 1944; x_wconf 91' lang='lat' dir='ltr'>non</span> <span class='ocrx_word' id='word_1_141' title='bbox 616 1885 798 1962; x_wconf 84' lang='lat' dir='ltr'>reperiatur,</span> <span class='ocrx_word' id='word_1_142' title='bbox 828 1884 900 1944; x_wconf 90' lang='lat' dir='ltr'>dicit</span> <span class='ocrx_word' id='word_1_143' title='bbox 887 1885 1041 1944; x_wconf 86' lang='lat' dir='ltr'>tmissam</span> <span class='ocrx_word' id='word_1_144' title='bbox 1070 1885 1106 1944; x_wconf 90' lang='lat' dir='ltr'>de</span> <span class='ocrx_word' id='word_1_145' title='bbox 1126 1885 1222 1945; x_wconf 88' lang='lat' dir='ltr'>Beata</span> <span class='ocrx_word' id='word_1_146' title='bbox 1242 1904 1331 1962; x_wconf 90' lang='lat' dir='ltr'>quam</span> <span class='ocrx_word' id='word_1_147' title='bbox 1353 1906 1393 1946; x_wconf 87' lang='lat' dir='ltr'>ex</span> <span class='ocrx_word' id='word_1_148' title='bbox 1413 1908 1469 1948; x_wconf 82' lang='lat' dir='ltr'>me</span> 
     </span>
     <span class='ocr_line' id='line_1_17' title="bbox 139 1965 512 2043; baseline 0 -18"><span class='ocrx_word' id='word_1_149' title='bbox 139 1965 233 2026; x_wconf 89' lang='lat' dir='ltr'>moria</span> <span class='ocrx_word' id='word_1_150' title='bbox 254 1966 383 2026; x_wconf 90' lang='lat' dir='ltr'>recitare</span> <span class='ocrx_word' id='word_1_151' title='bbox 402 1970 512 2043; x_wconf 88' lang='lat' dir='ltr'>potest.</span> 
     </span>
    </p>
   </div>
   <div class='ocr_carea' id='block_1_6' title="bbox 138 2078 1469 2219">
    <p class='ocr_par' dir='ltr' id='par_1_6' title="bbox 138 2078 1469 2219">
     <span class='ocr_line' id='line_1_18' title="bbox 138 2078 1469 2156; baseline 0.002 -17"><span class='ocrx_word' id='word_1_152' title='bbox 138 2079 316 2150; x_wconf 78' lang='lat' dir='ltr'>Quanarrrm</span> <span class='ocrx_word' id='word_1_153' title='bbox 338 2080 368 2138; x_wconf 83' lang='lat'>1⁰</span> <span class='ocrx_word' id='word_1_154' title='bbox 388 2099 463 2156; x_wconf 90' lang='lat' dir='ltr'>quae</span> <span class='ocrx_word' id='word_1_155' title='bbox 491 2079 553 2138; x_wconf 89' lang='lat' dir='ltr'>sint</span> <span class='ocrx_word' id='word_1_156' title='bbox 573 2078 717 2155; x_wconf 86' lang='lat' dir='ltr'>requisita</span> <span class='ocrx_word' id='word_1_157' title='bbox 744 2079 783 2137; x_wconf 93' lang='lat' dir='ltr'>ad</span> <span class='ocrx_word' id='word_1_158' title='bbox 802 2078 925 2139; x_wconf 89' lang='lat' dir='ltr'>missam</span> <span class='ocrx_word' id='word_1_159' title='bbox 946 2099 999 2156; x_wconf 90' lang='lat' dir='ltr'>pro</span> <span class='ocrx_word' id='word_1_160' title='bbox 1021 2084 1128 2139; x_wconf 90' lang='lat' dir='ltr'>ornatu</span> <span class='ocrx_word' id='word_1_161' title='bbox 1149 2080 1271 2152; x_wconf 89' lang='lat' dir='ltr'>altaria,</span> <span class='ocrx_word' id='word_1_162' title='bbox 1302 2081 1469 2154; x_wconf 87' lang='lat' dir='ltr'>ministerii,</span> 
     </span>
     <span class='ocr_line' id='line_1_19' title="bbox 393 2158 768 2219; baseline -0.005 0"><span class='ocrx_word' id='word_1_163' title='bbox 393 2160 559 2219; x_wconf 87' lang='lat' dir='ltr'>sacerdotis</span> <span class='ocrx_word' id='word_1_164' title='bbox 580 2158 768 2218; x_wconf 88' lang='lat' dir='ltr'>celebrantis.</span> 
     </span>
    </p>
   </div>
   <div class='ocr_carea' id='block_1_7' title="bbox 339 2256 1288 2426">
    <p class='ocr_par' dir='ltr' id='par_1_7' title="bbox 339 2256 1288 2426">
     <span class='ocr_line' id='line_1_20' title="bbox 339 2256 1288 2333; baseline 0.002 -17"><span class='ocrx_word' id='word_1_165' title='bbox 339 2261 369 2316; x_wconf 82' lang='grc' dir='ltr'>2ο</span> <span class='ocrx_word' id='word_1_166' title='bbox 391 2277 466 2333; x_wconf 88' lang='lat' dir='ltr'>quae</span> <span class='ocrx_word' id='word_1_167' title='bbox 488 2257 548 2316; x_wconf 88' lang='lat' dir='ltr'>sint</span> <span class='ocrx_word' id='word_1_168' title='bbox 570 2276 679 2317; x_wconf 88' lang='lat' dir='ltr'>causae</span> <span class='ocrx_word' id='word_1_169' title='bbox 700 2256 848 2316; x_wconf 84' lang='lat' dir='ltr'>defectum</span> <span class='ocrx_word' id='word_1_170' title='bbox 868 2257 900 2315; x_wconf 89' lang='lat' dir='ltr'>in</span> <span class='ocrx_word' id='word_1_171' title='bbox 920 2256 967 2316; x_wconf 89' lang='lat' dir='ltr'>his</span> <span class='ocrx_word' id='word_1_172' title='bbox 988 2259 1077 2317; x_wconf 91' lang='lat' dir='ltr'>rebus</span> <span class='ocrx_word' id='word_1_173' title='bbox 1098 2262 1288 2319; x_wconf 83' lang='lat' dir='ltr'>excusantes.</span> 
     </span>
     <span class='ocr_line' id='line_1_21' title="bbox 340 2354 1230 2426; baseline 0 -10"><span class='ocrx_word' id='word_1_174' title='bbox 340 2357 371 2416; x_wconf 86' lang='lat'>3⁰</span> <span class='ocrx_word' id='word_1_175' title='bbox 392 2361 513 2415; x_wconf 89' lang='lat' dir='ltr'>rectene</span> <span class='ocrx_word' id='word_1_176' title='bbox 533 2354 638 2414; x_wconf 86' lang='lat' dir='ltr'>fecerit</span> <span class='ocrx_word' id='word_1_177' title='bbox 658 2354 809 2426; x_wconf 80' lang='lat' dir='ltr'>Claudius,</span> <span class='ocrx_word' id='word_1_178' title='bbox 831 2374 869 2414; x_wconf 84' lang='lat' dir='ltr'>ex</span> <span class='ocrx_word' id='word_1_179' title='bbox 891 2355 1048 2415; x_wconf 86' lang='lat' dir='ltr'>devotione</span> <span class='ocrx_word' id='word_1_180' title='bbox 1068 2356 1230 2416; x_wconf 87' lang='lat' dir='ltr'>celebrans.</span> 
     </span>
    </p>
   </div>
   <div class='ocr_carea' id='block_1_8' title="bbox 736 2555 873 2622">
    <p class='ocr_par' dir='ltr' id='par_1_8' title="bbox 736 2555 873 2622">
     <span class='ocr_line' id='line_1_22' title="bbox 736 2555 873 2622; baseline 0 0"><span class='ocrx_word' id='word_1_181' title='bbox 736 2555 873 2622; x_wconf 82' lang='lat' dir='ltr'>Salutio.</span> 
     </span>
    </p>
   </div>
   <div class='ocr_carea' id='block_1_9' title="bbox 76 2705 1469 3145">
    <p class='ocr_par' dir='ltr' id='par_1_9' title="bbox 76 2705 1469 3145">
     <span class='ocr_line' id='line_1_23' title="bbox 76 2705 1469 2781; baseline 0.004 -12"><span class='ocrx_word' id='word_1_182' title='bbox 76 2726 129 2780; x_wconf 82' lang='lat'>259</span> <span class='ocrx_word' id='word_1_183' title='bbox 229 2705 282 2770; x_wconf 81' lang='lat' dir='ltr'>Aa</span> <span class='ocrx_word' id='word_1_184' title='bbox 310 2726 501 2781; x_wconf 76' lang='lat' dir='ltr'>ouaasmuu</span> <span class='ocrx_word' id='word_1_185' title='bbox 533 2707 570 2770; x_wconf 81' lang='lat'>1¹³¹</span> <span class='ocrx_word' id='word_1_186' title='bbox 601 2705 640 2770; x_wconf 93' lang='lat' dir='ltr'>R.</span> <span class='ocrx_word' id='word_1_187' title='bbox 674 2708 704 2773; x_wconf 90' lang='lat'>1.</span> <span class='ocrx_word' id='word_1_188' title='bbox 750 2705 866 2772; x_wconf 85' lang='lat' dir='ltr'>Altare</span> <span class='ocrx_word' id='word_1_189' title='bbox 898 2705 1095 2773; x_wconf 90' lang='lat' dir='ltr'>instructum</span> <span class='ocrx_word' id='word_1_190' title='bbox 1127 2727 1200 2772; x_wconf 87' lang='lat' dir='ltr'>esse</span> <span class='ocrx_word' id='word_1_191' title='bbox 1232 2707 1330 2774; x_wconf 89' lang='lat' dir='ltr'>debet</span> <span class='ocrx_word' id='word_1_192' title='bbox 1363 2710 1469 2776; x_wconf 83' lang='lat' dir='ltr'>tribus</span> 
     </span>
     <span class='ocr_line' id='line_1_24' title="bbox 140 2793 1469 2880; baseline 0.005 -22"><span class='ocrx_word' id='word_1_193' title='bbox 140 2793 268 2878; x_wconf 90' lang='lat' dir='ltr'>mappis</span> <span class='ocrx_word' id='word_1_194' title='bbox 290 2794 385 2860; x_wconf 90' lang='lat' dir='ltr'>lineis</span> <span class='ocrx_word' id='word_1_195' title='bbox 408 2794 604 2872; x_wconf 87' lang='lat' dir='ltr'>benedictis,</span> <span class='ocrx_word' id='word_1_196' title='bbox 629 2794 753 2860; x_wconf 87' lang='lat' dir='ltr'>missali</span> <span class='ocrx_word' id='word_1_197' title='bbox 777 2816 850 2860; x_wconf 90' lang='lat' dir='ltr'>cum</span> <span class='ocrx_word' id='word_1_198' title='bbox 873 2795 1002 2861; x_wconf 87' lang='lat' dir='ltr'>cassino</span> <span class='ocrx_word' id='word_1_199' title='bbox 1025 2797 1080 2861; x_wconf 88' lang='lat' dir='ltr'>vel</span> <span class='ocrx_word' id='word_1_200' title='bbox 1102 2797 1246 2880; x_wconf 87' lang='lat' dir='ltr'>pulpito,</span> <span class='ocrx_word' id='word_1_201' title='bbox 1275 2818 1373 2863; x_wconf 92' lang='lat' dir='ltr'>cruce</span> <span class='ocrx_word' id='word_1_202' title='bbox 1396 2820 1469 2864; x_wconf 91' lang='lat' dir='ltr'>cum</span> 
     </span>
     <span class='ocr_line' id='line_1_25' title="bbox 140 2883 1469 2966; baseline 0.004 -19"><span class='ocrx_word' id='word_1_203' title='bbox 140 2883 283 2966; x_wconf 84' lang='lat' dir='ltr'>imagine</span> <span class='ocrx_word' id='word_1_204' title='bbox 307 2883 463 2960; x_wconf 85' lang='lat' dir='ltr'>crucifixi,</span> <span class='ocrx_word' id='word_1_205' title='bbox 489 2883 614 2949; x_wconf 90' lang='lat' dir='ltr'>duobus</span> <span class='ocrx_word' id='word_1_206' title='bbox 638 2884 844 2949; x_wconf 88' lang='lat' dir='ltr'>candelabris</span> <span class='ocrx_word' id='word_1_207' title='bbox 867 2905 941 2950; x_wconf 89' lang='lat' dir='ltr'>cum</span> <span class='ocrx_word' id='word_1_208' title='bbox 965 2884 1067 2950; x_wconf 90' lang='lat' dir='ltr'>cereis</span> <span class='ocrx_word' id='word_1_209' title='bbox 1092 2885 1254 2951; x_wconf 86' lang='lat' dir='ltr'>accensis:</span> <span class='ocrx_word' id='word_1_210' title='bbox 1279 2887 1328 2953; x_wconf 88' lang='lat' dir='ltr'>ita</span> <span class='ocrx_word' id='word_1_211' title='bbox 1351 2892 1390 2954; x_wconf 91' lang='lat' dir='ltr'>ut</span> <span class='ocrx_word' id='word_1_212' title='bbox 1414 2888 1469 2952; x_wconf 93' lang='lat' dir='ltr'>de·</span> 
     </span>
     <span class='ocr_line' id='line_1_26' title="bbox 141 2971 1469 3056; baseline 0.005 -20"><span class='ocrx_word' id='word_1_213' title='bbox 141 2971 247 3040; x_wconf 83' lang='lat' dir='ltr'>fectus</span> <span class='ocrx_word' id='word_1_214' title='bbox 278 2972 383 3038; x_wconf 91' lang='lat' dir='ltr'>omnis</span> <span class='ocrx_word' id='word_1_215' title='bbox 413 2993 569 3056; x_wconf 89' lang='lat' dir='ltr'>mappae,</span> <span class='ocrx_word' id='word_1_216' title='bbox 600 2973 655 3038; x_wconf 90' lang='lat' dir='ltr'>vel</span> <span class='ocrx_word' id='word_1_217' title='bbox 684 2972 826 3039; x_wconf 88' lang='lat' dir='ltr'>missalis</span> <span class='ocrx_word' id='word_1_218' title='bbox 850 2973 906 3054; x_wconf 86' lang='lat' dir='ltr'>(of.</span> <span class='ocrx_word' id='word_1_219' title='bbox 931 2995 963 3040; x_wconf 91' lang='lat' dir='ltr'>n.</span> <span class='ocrx_word' id='word_1_220' title='bbox 989 2975 1084 3055; x_wconf 90' lang='grc'><strong>262),</strong></span> <span class='ocrx_word' id='word_1_221' title='bbox 1117 2974 1171 3039; x_wconf 89' lang='lat' dir='ltr'>vel</span> <span class='ocrx_word' id='word_1_222' title='bbox 1201 2975 1306 3040; x_wconf 91' lang='lat' dir='ltr'>omnis</span> <span class='ocrx_word' id='word_1_223' title='bbox 1337 2976 1469 3042; x_wconf 91' lang='lat' dir='ltr'>luminis</span> 
     </span>
     <span class='ocr_line' id='line_1_27' title="bbox 140 3060 1388 3145; baseline 0.006 -19"><span class='ocrx_word' id='word_1_224' title='bbox 140 3060 254 3145; x_wconf 90' lang='lat' dir='ltr'>(cerei)</span> <span class='ocrx_word' id='word_1_225' title='bbox 278 3065 452 3127; x_wconf 89' lang='lat' dir='ltr'>censeatur</span> <span class='ocrx_word' id='word_1_226' title='bbox 475 3061 623 3127; x_wconf 89' lang='lat' dir='ltr'>defectus</span> <span class='ocrx_word' id='word_1_227' title='bbox 646 3064 706 3127; x_wconf 92' lang='lat' dir='ltr'>sub</span> <span class='ocrx_word' id='word_1_228' title='bbox 729 3063 861 3129; x_wconf 89' lang='lat' dir='ltr'>mortali</span> <span class='ocrx_word' id='word_1_229' title='bbox 884 3062 1048 3130; x_wconf 88' lang='lat' dir='ltr'>vitandus.</span> <span class='ocrx_word' id='word_1_230' title='bbox 1099 3064 1155 3130; x_wconf 76' lang='lat' dir='ltr'>lt.</span> <span class='ocrx_word' id='word_1_231' title='bbox 1180 3086 1220 3130; x_wconf 88' lang='lat' dir='ltr'>m.</span> <span class='ocrx_word' id='word_1_232' title='bbox 1245 3064 1286 3143; x_wconf 94' lang='grc' dir='ltr'>ΙΙ,</span> <span class='ocrx_word' id='word_1_233' title='bbox 1312 3068 1388 3133; x_wconf 89' lang='grc'>227.</span> 
     </span>
    </p>
   </div>
   <div class='ocr_carea' id='block_1_10' title="bbox 140 3176 1473 3708">
    <p class='ocr_par' dir='ltr' id='par_1_10' title="bbox 140 3176 1473 3708">
     <span class='ocr_line' id='line_1_28' title="bbox 230 3176 1472 3262; baseline 0.003 -21"><span class='ocrx_word' id='word_1_234' title='bbox 230 3177 268 3243; x_wconf 82' lang='grc' dir='ltr'>ιι.</span> <span class='ocrx_word' id='word_1_235' title='bbox 293 3180 324 3244; x_wconf 93' lang='grc'>2.</span> <span class='ocrx_word' id='word_1_236' title='bbox 370 3177 434 3243; x_wconf 89' lang='grc' dir='ltr'>Ριο</span> <span class='ocrx_word' id='word_1_237' title='bbox 457 3198 553 3242; x_wconf 89' lang='lat' dir='ltr'>sacro</span> <span class='ocrx_word' id='word_1_238' title='bbox 576 3176 759 3243; x_wconf 90' lang='lat' dir='ltr'>ministerio</span> <span class='ocrx_word' id='word_1_239' title='bbox 789 3177 1000 3260; x_wconf 91' lang='lat' dir='ltr'>requiruntur</span> <span class='ocrx_word' id='word_1_240' title='bbox 1029 3184 1163 3262; x_wconf 90' lang='lat' dir='ltr'>praeter</span> <span class='ocrx_word' id='word_1_241' title='bbox 1185 3179 1367 3245; x_wconf 87' lang='lat' dir='ltr'>recensita:</span> <span class='ocrx_word' id='word_1_242' title='bbox 1400 3202 1472 3246; x_wconf 87' lang='lat' dir='ltr'>cor·</span> 
     </span>
     <span class='ocr_line' id='line_1_29' title="bbox 140 3266 1473 3352; baseline 0.002 -21"><span class='ocrx_word' id='word_1_243' title='bbox 140 3266 253 3349; x_wconf 90' lang='lat' dir='ltr'>porale</span> <span class='ocrx_word' id='word_1_244' title='bbox 277 3287 349 3331; x_wconf 89' lang='lat' dir='ltr'>cum</span> <span class='ocrx_word' id='word_1_245' title='bbox 373 3267 463 3349; x_wconf 88' lang='lat' dir='ltr'>palla</span> <span class='ocrx_word' id='word_1_246' title='bbox 486 3266 608 3332; x_wconf 90' lang='lat' dir='ltr'>lineum</span> <span class='ocrx_word' id='word_1_247' title='bbox 632 3269 667 3331; x_wconf 92' lang='lat' dir='ltr'>et</span> <span class='ocrx_word' id='word_1_248' title='bbox 690 3267 912 3342; x_wconf 89' lang='lat' dir='ltr'>benedictum;</span> <span class='ocrx_word' id='word_1_249' title='bbox 944 3267 1032 3332; x_wconf 87' lang='lat' dir='ltr'>calix</span> <span class='ocrx_word' id='word_1_250' title='bbox 1060 3272 1095 3334; x_wconf 88' lang='lat' dir='ltr'>et</span> <span class='ocrx_word' id='word_1_251' title='bbox 1124 3271 1247 3352; x_wconf 90' lang='lat' dir='ltr'>patena</span> <span class='ocrx_word' id='word_1_252' title='bbox 1275 3269 1396 3334; x_wconf 88' lang='lat' dir='ltr'>saltem</span> <span class='ocrx_word' id='word_1_253' title='bbox 1421 3291 1473 3335; x_wconf 89' lang='lat' dir='ltr'>ar·</span> 
     </span>
     <span class='ocr_line' id='line_1_30' title="bbox 140 3354 1473 3439; baseline 0.002 -19"><span class='ocrx_word' id='word_1_254' title='bbox 140 3359 271 3436; x_wconf 86' lang='lat' dir='ltr'>gentea,</span> <span class='ocrx_word' id='word_1_255' title='bbox 295 3355 384 3423; x_wconf 92' lang='lat' dir='ltr'>intus</span> <span class='ocrx_word' id='word_1_256' title='bbox 407 3355 567 3422; x_wconf 89' lang='lat' dir='ltr'>deaurata</span> <span class='ocrx_word' id='word_1_257' title='bbox 592 3358 628 3420; x_wconf 87' lang='lat' dir='ltr'>et</span> <span class='ocrx_word' id='word_1_258' title='bbox 650 3354 796 3438; x_wconf 86' lang='lat' dir='ltr'>legitime</span> <span class='ocrx_word' id='word_1_259' title='bbox 820 3359 1029 3422; x_wconf 89' lang='lat' dir='ltr'>consecrata:</span> <span class='ocrx_word' id='word_1_260' title='bbox 1055 3377 1159 3439; x_wconf 89' lang='lat' dir='ltr'>eaque</span> <span class='ocrx_word' id='word_1_261' title='bbox 1174 3357 1284 3423; x_wconf 90' lang='lat' dir='ltr'>omnia</span> <span class='ocrx_word' id='word_1_262' title='bbox 1308 3379 1382 3423; x_wconf 91' lang='lat' dir='ltr'>cum</span> <span class='ocrx_word' id='word_1_263' title='bbox 1406 3359 1473 3424; x_wconf 93' lang='lat' dir='ltr'>suis</span> 
     </span>
     <span class='ocr_line' id='line_1_31' title="bbox 142 3443 1472 3532; baseline 0.005 -25"><span class='ocrx_word' id='word_1_264' title='bbox 142 3443 398 3510; x_wconf 88' lang='lat' dir='ltr'>circumstantiis</span> <span class='ocrx_word' id='word_1_265' title='bbox 421 3445 480 3509; x_wconf 90' lang='lat' dir='ltr'>sub</span> <span class='ocrx_word' id='word_1_266' title='bbox 504 3443 616 3526; x_wconf 82' lang='lat' dir='ltr'>gravi;</span> <span class='ocrx_word' id='word_1_267' title='bbox 640 3444 703 3509; x_wconf 91' lang='lat' dir='ltr'>nisi</span> <span class='ocrx_word' id='word_1_268' title='bbox 727 3444 814 3510; x_wconf 89' lang='lat' dir='ltr'>forte</span> <span class='ocrx_word' id='word_1_269' title='bbox 838 3444 985 3529; x_wconf 83' lang='lat' dir='ltr'>excipias</span> <span class='ocrx_word' id='word_1_270' title='bbox 1008 3445 1183 3511; x_wconf 91' lang='lat' dir='ltr'>materiam</span> <span class='ocrx_word' id='word_1_271' title='bbox 1199 3446 1312 3512; x_wconf 90' lang='lat' dir='ltr'>calicis</span> <span class='ocrx_word' id='word_1_272' title='bbox 1336 3448 1392 3513; x_wconf 90' lang='lat' dir='ltr'>vel</span> <span class='ocrx_word' id='word_1_273' title='bbox 1415 3469 1472 3532; x_wconf 92' lang='lat' dir='ltr'>pa·</span> 
     </span>
     <span class='ocr_line' id='line_1_32' title="bbox 142 3533 1472 3616; baseline 0.003 -18"><span class='ocrx_word' id='word_1_274' title='bbox 142 3538 257 3609; x_wconf 87' lang='lat' dir='ltr'>terrae,</span> <span class='ocrx_word' id='word_1_275' title='bbox 288 3533 434 3598; x_wconf 90' lang='lat' dir='ltr'>simodo</span> <span class='ocrx_word' id='word_1_276' title='bbox 458 3553 494 3598; x_wconf 90' lang='lat' dir='ltr'>re</span> <span class='ocrx_word' id='word_1_277' title='bbox 517 3533 589 3616; x_wconf 91' lang='lat' dir='ltr'>ipsa</span> <span class='ocrx_word' id='word_1_278' title='bbox 612 3533 773 3599; x_wconf 85' lang='lat' dir='ltr'>deaurata</span> <span class='ocrx_word' id='word_1_279' title='bbox 796 3539 830 3600; x_wconf 90' lang='lat' dir='ltr'>et</span> <span class='ocrx_word' id='word_1_280' title='bbox 854 3539 1047 3600; x_wconf 88' lang='lat' dir='ltr'>consecrata</span> <span class='ocrx_word' id='word_1_281' title='bbox 1070 3534 1153 3612; x_wconf 90' lang='lat' dir='ltr'>sint,</span> <span class='ocrx_word' id='word_1_282' title='bbox 1184 3535 1236 3599; x_wconf 87' lang='lat' dir='ltr'>vel</span> <span class='ocrx_word' id='word_1_283' title='bbox 1269 3535 1370 3602; x_wconf 91' lang='lat' dir='ltr'>etiam</span> <span class='ocrx_word' id='word_1_284' title='bbox 1400 3558 1472 3602; x_wconf 91' lang='lat' dir='ltr'>cum</span> 
     </span>
     <span class='ocr_line' id='line_1_33' title="bbox 142 3621 1472 3708; baseline 0.004 -22"><span class='ocrx_word' id='word_1_285' title='bbox 142 3621 355 3688; x_wconf 86' lang='lat' dir='ltr'>deauratione</span> <span class='ocrx_word' id='word_1_286' title='bbox 379 3643 420 3687; x_wconf 87' lang='lat' dir='ltr'>ex</span> <span class='ocrx_word' id='word_1_287' title='bbox 444 3643 566 3703; x_wconf 85' lang='lat' dir='ltr'>magna</span> <span class='ocrx_word' id='word_1_288' title='bbox 588 3626 684 3704; x_wconf 88' lang='lat' dir='ltr'>parte</span> <span class='ocrx_word' id='word_1_289' title='bbox 708 3622 848 3697; x_wconf 86' lang='lat' dir='ltr'>detrita;</span> <span class='ocrx_word' id='word_1_290' title='bbox 879 3622 1013 3707; x_wconf 90' lang='lat' dir='ltr'>insuper</span> <span class='ocrx_word' id='word_1_291' title='bbox 1040 3644 1099 3707; x_wconf 91' lang='lat' dir='ltr'>pro</span> <span class='ocrx_word' id='word_1_292' title='bbox 1130 3624 1202 3690; x_wconf 92' lang='lat' dir='ltr'>sola</span> <span class='ocrx_word' id='word_1_293' title='bbox 1225 3624 1330 3708; x_wconf 89' lang='lat' dir='ltr'>palla,</span> <span class='ocrx_word' id='word_1_294' title='bbox 1364 3625 1393 3690; x_wconf 89' lang='lat' dir='ltr'>si</span> <span class='ocrx_word' id='word_1_295' title='bbox 1417 3626 1472 3691; x_wconf 90' lang='lat' dir='ltr'>de·</span> 
     </span>
    </p>
   </div>
   <div class='ocr_carea' id='block_1_11' title="bbox 142 3710 1472 3878">
    <p class='ocr_par' dir='ltr' id='par_1_11' title="bbox 142 3710 1472 3878">
     <span class='ocr_line' id='line_1_34' title="bbox 143 3710 1472 3797; baseline 0.003 -23"><span class='ocrx_word' id='word_1_296' title='bbox 143 3710 260 3787; x_wconf 87' lang='lat' dir='ltr'>fuerit,</span> <span class='ocrx_word' id='word_1_297' title='bbox 291 3732 420 3776; x_wconf 87' lang='lat' dir='ltr'>sumere</span> <span class='ocrx_word' id='word_1_298' title='bbox 444 3711 522 3776; x_wconf 87' lang='lat' dir='ltr'>licet</span> <span class='ocrx_word' id='word_1_299' title='bbox 553 3711 722 3794; x_wconf 89' lang='lat' dir='ltr'>corporale</span> <span class='ocrx_word' id='word_1_300' title='bbox 745 3712 903 3795; x_wconf 89' lang='lat' dir='ltr'>plicatum</span> <span class='ocrx_word' id='word_1_301' title='bbox 928 3713 981 3777; x_wconf 88' lang='lat' dir='ltr'>vel</span> <span class='ocrx_word' id='word_1_302' title='bbox 1013 3713 1115 3778; x_wconf 84' lang='lat' dir='ltr'>etiarn</span> <span class='ocrx_word' id='word_1_303' title='bbox 1138 3713 1395 3797; x_wconf 87' lang='lat' dir='ltr'>purificatorium</span> <span class='ocrx_word' id='word_1_304' title='bbox 1420 3715 1472 3780; x_wconf 81' lang='lat' dir='ltr'>vel</span> 
     </span>
     <span class='ocr_line' id='line_1_35' title="bbox 142 3800 724 3878; baseline 0.003 -14"><span class='ocrx_word' id='word_1_305' title='bbox 142 3802 285 3866; x_wconf 88' lang='lat' dir='ltr'>bursam.</span> <span class='ocrx_word' id='word_1_306' title='bbox 336 3801 392 3866; x_wconf 80' lang='lat' dir='ltr'>Ta.</span> <span class='ocrx_word' id='word_1_307' title='bbox 419 3823 457 3865; x_wconf 87' lang='lat' dir='ltr'>m.</span> <span class='ocrx_word' id='word_1_308' title='bbox 482 3800 523 3878; x_wconf 92' lang='grc' dir='ltr'>ΙΙ,</span> <span class='ocrx_word' id='word_1_309' title='bbox 549 3803 624 3866; x_wconf 89' lang='grc'>228.</span> <span class='ocrx_word' id='word_1_310' title='bbox 650 3803 724 3866; x_wconf 88' lang='grc'>229.</span> 
     </span>
    </p>
   </div>
   <div class='ocr_carea' id='block_1_12' title="bbox 78 3915 1472 4713">
    <p class='ocr_par' dir='ltr' id='par_1_12' title="bbox 78 3915 1472 4713">
     <span class='ocr_line' id='line_1_36' title="bbox 78 3915 1471 4002; baseline -0.001 -17"><span class='ocrx_word' id='word_1_311' title='bbox 78 3933 132 3986; x_wconf 84' lang='grc'>260</span> <span class='ocrx_word' id='word_1_312' title='bbox 232 3915 270 3981; x_wconf 90' lang='lat' dir='ltr'>R.</span> <span class='ocrx_word' id='word_1_313' title='bbox 288 3918 318 3981; x_wconf 84' lang='lat'>3.</span> <span class='ocrx_word' id='word_1_314' title='bbox 351 3916 415 3983; x_wconf 91' lang='lat' dir='ltr'>Pro</span> <span class='ocrx_word' id='word_1_315' title='bbox 431 3920 548 3981; x_wconf 91' lang='lat' dir='ltr'>ornatu</span> <span class='ocrx_word' id='word_1_316' title='bbox 565 3915 746 3982; x_wconf 85' lang='lat' dir='ltr'>sacerdotis</span> <span class='ocrx_word' id='word_1_317' title='bbox 762 3917 987 3999; x_wconf 87' lang='lat' dir='ltr'>requiruntur:</span> <span class='ocrx_word' id='word_1_318' title='bbox 1013 3917 1161 3995; x_wconf 83' lang='lat' dir='ltr'>amictae,</span> <span class='ocrx_word' id='word_1_319' title='bbox 1187 3917 1273 3993; x_wconf 91' lang='lat' dir='ltr'>alba,</span> <span class='ocrx_word' id='word_1_320' title='bbox 1293 3918 1471 4002; x_wconf 84' lang='lat' dir='ltr'>cingulum,</span> 
     </span>
     <span class='ocr_line' id='line_1_37' title="bbox 144 4004 1472 4088; baseline 0.003 -19"><span class='ocrx_word' id='word_1_321' title='bbox 144 4004 344 4088; x_wconf 91' lang='lat' dir='ltr'>manipulus,</span> <span class='ocrx_word' id='word_1_322' title='bbox 369 4005 472 4082; x_wconf 87' lang='lat' dir='ltr'>stola,</span> <span class='ocrx_word' id='word_1_323' title='bbox 497 4006 627 4084; x_wconf 88' lang='lat' dir='ltr'>casula,</span> <span class='ocrx_word' id='word_1_324' title='bbox 651 4026 754 4088; x_wconf 88' lang='lat' dir='ltr'>eaque</span> <span class='ocrx_word' id='word_1_325' title='bbox 779 4006 886 4070; x_wconf 89' lang='lat' dir='ltr'>omnia</span> <span class='ocrx_word' id='word_1_326' title='bbox 910 4005 1098 4071; x_wconf 90' lang='lat' dir='ltr'>benedicta:</span> <span class='ocrx_word' id='word_1_327' title='bbox 1124 4027 1167 4071; x_wconf 83' lang='lat' dir='ltr'>ex</span> <span class='ocrx_word' id='word_1_328' title='bbox 1191 4006 1307 4088; x_wconf 87' lang='lat' dir='ltr'>quibus</span> <span class='ocrx_word' id='word_1_329' title='bbox 1330 4009 1472 4074; x_wconf 89' lang='lat' dir='ltr'>amictus</span> 
     </span>
     <span class='ocr_line' id='line_1_38' title="bbox 143 4093 1470 4181; baseline 0.001 -21"><span class='ocrx_word' id='word_1_330' title='bbox 143 4099 177 4160; x_wconf 88' lang='lat' dir='ltr'>et</span> <span class='ocrx_word' id='word_1_331' title='bbox 200 4094 276 4159; x_wconf 90' lang='lat' dir='ltr'>alba</span> <span class='ocrx_word' id='word_1_332' title='bbox 300 4114 342 4159; x_wconf 87' lang='lat' dir='ltr'>ex</span> <span class='ocrx_word' id='word_1_333' title='bbox 365 4093 431 4159; x_wconf 91' lang='lat' dir='ltr'>lino</span> <span class='ocrx_word' id='word_1_334' title='bbox 455 4098 608 4159; x_wconf 84' lang='lat' dir='ltr'>constare</span> <span class='ocrx_word' id='word_1_335' title='bbox 632 4094 751 4161; x_wconf 88' lang='lat' dir='ltr'>debent</span> <span class='ocrx_word' id='word_1_336' title='bbox 767 4093 813 4174; x_wconf 85' lang='lat' dir='ltr'>(S.</span> <span class='ocrx_word' id='word_1_337' title='bbox 831 4095 869 4160; x_wconf 91' lang='lat' dir='ltr'>R.</span> <span class='ocrx_word' id='word_1_338' title='bbox 888 4095 921 4161; x_wconf 85' lang='lat' dir='ltr'>C.</span> <span class='ocrx_word' id='word_1_339' title='bbox 947 4098 1032 4162; x_wconf 84' lang='lat' dir='ltr'>decr.</span> <span class='ocrx_word' id='word_1_340' title='bbox 1053 4119 1124 4181; x_wconf 74' lang='lat' dir='ltr'>pra.</span> <span class='ocrx_word' id='word_1_341' title='bbox 1150 4096 1180 4161; x_wconf 85' lang='lat' dir='ltr'>d.</span> <span class='ocrx_word' id='word_1_342' title='bbox 1208 4099 1247 4161; x_wconf 90' lang='lat'>15</span> <span class='ocrx_word' id='word_1_343' title='bbox 1273 4101 1307 4162; x_wconf 91' lang='lat' dir='ltr'>et</span> <span class='ocrx_word' id='word_1_344' title='bbox 1332 4099 1373 4162; x_wconf 89' lang='grc'>18</span> <span class='ocrx_word' id='word_1_345' title='bbox 1391 4098 1470 4163; x_wconf 92' lang='lat' dir='ltr'>Maii</span> 
     </span>
     <span class='ocr_line' id='line_1_39' title="bbox 146 4183 1470 4265; baseline 0.003 -17"><span class='ocrx_word' id='word_1_346' title='bbox 146 4185 230 4249; x_wconf 89' lang='lat'>1819</span> <span class='ocrx_word' id='word_1_347' title='bbox 254 4183 287 4247; x_wconf 90' lang='lat' dir='ltr'>iu</span> <span class='ocrx_word' id='word_1_348' title='bbox 304 4184 397 4248; x_wconf 87' lang='lat' dir='ltr'>Decr.</span> <span class='ocrx_word' id='word_1_349' title='bbox 423 4185 509 4248; x_wconf 79' lang='grc' dir='ltr'>ιιιιιι.</span> <span class='ocrx_word' id='word_1_350' title='bbox 535 4205 566 4249; x_wconf 92' lang='lat' dir='ltr'>n.</span> <span class='ocrx_word' id='word_1_351' title='bbox 592 4183 709 4265; x_wconf 83' lang='lat'>2600);</span> <span class='ocrx_word' id='word_1_352' title='bbox 735 4183 900 4265; x_wconf 87' lang='lat' dir='ltr'>cingulum</span> <span class='ocrx_word' id='word_1_353' title='bbox 925 4206 967 4249; x_wconf 83' lang='lat' dir='ltr'>ex</span> <span class='ocrx_word' id='word_1_354' title='bbox 990 4184 1065 4263; x_wconf 90' lang='lat' dir='ltr'>lino,</span> <span class='ocrx_word' id='word_1_355' title='bbox 1091 4185 1168 4250; x_wconf 90' lang='lat' dir='ltr'>lana</span> <span class='ocrx_word' id='word_1_356' title='bbox 1193 4186 1246 4250; x_wconf 91' lang='lat' dir='ltr'>vel</span> <span class='ocrx_word' id='word_1_357' title='bbox 1269 4185 1392 4263; x_wconf 86' lang='lat' dir='ltr'>serico;</span> <span class='ocrx_word' id='word_1_358' title='bbox 1419 4208 1470 4252; x_wconf 93' lang='lat' dir='ltr'>re·</span> 
     </span>
     <span class='ocr_line' id='line_1_40' title="bbox 144 4272 1470 4356; baseline 0.004 -20"><span class='ocrx_word' id='word_1_359' title='bbox 144 4272 233 4354; x_wconf 89' lang='lat' dir='ltr'>lique</span> <span class='ocrx_word' id='word_1_360' title='bbox 255 4276 451 4355; x_wconf 88' lang='lat' dir='ltr'>paramenta</span> <span class='ocrx_word' id='word_1_361' title='bbox 474 4273 697 4356; x_wconf 89' lang='lat' dir='ltr'>principaliter</span> <span class='ocrx_word' id='word_1_362' title='bbox 728 4273 845 4337; x_wconf 91' lang='lat' dir='ltr'>saltem</span> <span class='ocrx_word' id='word_1_363' title='bbox 877 4294 918 4338; x_wconf 84' lang='lat' dir='ltr'>ex</span> <span class='ocrx_word' id='word_1_364' title='bbox 949 4274 1053 4339; x_wconf 88' lang='lat' dir='ltr'>serico</span> <span class='ocrx_word' id='word_1_365' title='bbox 1083 4275 1136 4339; x_wconf 89' lang='lat' dir='ltr'>vel</span> <span class='ocrx_word' id='word_1_366' title='bbox 1166 4275 1382 4341; x_wconf 89' lang='lat' dir='ltr'>tramoserico</span> <span class='ocrx_word' id='word_1_367' title='bbox 1414 4297 1470 4341; x_wconf 90' lang='lat' dir='ltr'>seu</span> 
     </span>
     <span class='ocr_line' id='line_1_41' title="bbox 143 4361 1470 4445; baseline 0.004 -20"><span class='ocrx_word' id='word_1_368' title='bbox 143 4362 310 4427; x_wconf 89' lang='lat' dir='ltr'>subserioo</span> <span class='ocrx_word' id='word_1_369' title='bbox 342 4362 393 4426; x_wconf 90' lang='lat' dir='ltr'>vel</span> <span class='ocrx_word' id='word_1_370' title='bbox 426 4383 468 4426; x_wconf 83' lang='lat' dir='ltr'>ex</span> <span class='ocrx_word' id='word_1_371' title='bbox 498 4361 637 4427; x_wconf 89' lang='lat' dir='ltr'>materia</span> <span class='ocrx_word' id='word_1_372' title='bbox 667 4361 876 4445; x_wconf 87' lang='lat' dir='ltr'>pretiosiore,</span> <span class='ocrx_word' id='word_1_373' title='bbox 907 4384 939 4428; x_wconf 83' lang='lat' dir='ltr'>v.</span> <span class='ocrx_word' id='word_1_374' title='bbox 970 4384 1001 4444; x_wconf 82' lang='lat' dir='ltr'>g.</span> <span class='ocrx_word' id='word_1_375' title='bbox 1033 4363 1086 4428; x_wconf 93' lang='lat' dir='ltr'>filo</span> <span class='ocrx_word' id='word_1_376' title='bbox 1118 4363 1276 4428; x_wconf 89' lang='lat' dir='ltr'>deaurato</span> <span class='ocrx_word' id='word_1_377' title='bbox 1301 4364 1348 4443; x_wconf 87' lang='lat' dir='ltr'>(S.</span> <span class='ocrx_word' id='word_1_378' title='bbox 1374 4364 1413 4432; x_wconf 89' lang='lat' dir='ltr'>R.</span> <span class='ocrx_word' id='word_1_379' title='bbox 1438 4366 1470 4431; x_wconf 85' lang='lat' dir='ltr'>C.</span> 
     </span>
     <span class='ocr_line' id='line_1_42' title="bbox 143 4450 1470 4532; baseline 0.003 -16"><span class='ocrx_word' id='word_1_380' title='bbox 143 4451 173 4516; x_wconf 91' lang='lat' dir='ltr'>d.</span> <span class='ocrx_word' id='word_1_381' title='bbox 200 4454 241 4515; x_wconf 85' lang='grc'>28</span> <span class='ocrx_word' id='word_1_382' title='bbox 259 4450 331 4515; x_wconf 90' lang='lat' dir='ltr'>Iulii</span> <span class='ocrx_word' id='word_1_383' title='bbox 351 4451 459 4532; x_wconf 85' lang='grc'>1881).</span> <span class='ocrx_word' id='word_1_384' title='bbox 493 4451 545 4516; x_wconf 87' lang='lat' dir='ltr'>Ita</span> <span class='ocrx_word' id='word_1_385' title='bbox 567 4450 647 4515; x_wconf 89' lang='lat' dir='ltr'>haec</span> <span class='ocrx_word' id='word_1_386' title='bbox 671 4450 889 4532; x_wconf 87' lang='lat' dir='ltr'>requiruntur,</span> <span class='ocrx_word' id='word_1_387' title='bbox 914 4454 951 4515; x_wconf 90' lang='grc' dir='ltr'>ιιι</span> <span class='ocrx_word' id='word_1_388' title='bbox 975 4451 1122 4517; x_wconf 85' lang='lat' dir='ltr'>delectus</span> <span class='ocrx_word' id='word_1_389' title='bbox 1140 4452 1243 4528; x_wconf 91' lang='lat' dir='ltr'>albae,</span> <span class='ocrx_word' id='word_1_390' title='bbox 1268 4451 1323 4518; x_wconf 83' lang='lat' dir='ltr'>vel</span> <span class='ocrx_word' id='word_1_391' title='bbox 1337 4455 1470 4520; x_wconf 88' lang='lat' dir='ltr'>casulae</span> 
     </span>
     <span class='ocr_line' id='line_1_43' title="bbox 145 4539 1470 4623; baseline 0.005 -20"><span class='ocrx_word' id='word_1_392' title='bbox 145 4540 197 4604; x_wconf 89' lang='lat' dir='ltr'>vel</span> <span class='ocrx_word' id='word_1_393' title='bbox 222 4540 437 4623; x_wconf 85' lang='lat' dir='ltr'>complurium</span> <span class='ocrx_word' id='word_1_394' title='bbox 461 4561 504 4605; x_wconf 77' lang='lat' dir='ltr'>ex</span> <span class='ocrx_word' id='word_1_395' title='bbox 526 4539 723 4605; x_wconf 87' lang='lat' dir='ltr'>indumentis</span> <span class='ocrx_word' id='word_1_396' title='bbox 747 4540 924 4606; x_wconf 88' lang='lat' dir='ltr'>minoribus</span> <span class='ocrx_word' id='word_1_397' title='bbox 957 4561 1110 4608; x_wconf 88' lang='lat' dir='ltr'>eorumve</span> <span class='ocrx_word' id='word_1_398' title='bbox 1134 4541 1372 4608; x_wconf 88' lang='lat' dir='ltr'>benedictionis</span> <span class='ocrx_word' id='word_1_399' title='bbox 1396 4565 1470 4609; x_wconf 89' lang='lat' dir='ltr'>cen·</span> 
     </span>
     <span class='ocr_line' id='line_1_44' title="bbox 144 4629 571 4713; baseline 0.005 -21"><span class='ocrx_word' id='word_1_400' title='bbox 144 4634 258 4694; x_wconf 87' lang='lat' dir='ltr'>seator</span> <span class='ocrx_word' id='word_1_401' title='bbox 282 4629 430 4695; x_wconf 84' lang='lat' dir='ltr'>delectus</span> <span class='ocrx_word' id='word_1_402' title='bbox 452 4632 571 4713; x_wconf 73' lang='lat' dir='ltr'>proris.</span> 
     </span>
    </p>
   </div>
   <div class='ocr_carea' id='block_1_13' title="bbox 0 0 1530 5174">
    <p class='ocr_par' dir='ltr' id='par_1_13' title="bbox 0 0 1530 5174">
     <span class='ocr_line' id='line_1_45' title="bbox 0 0 1530 5174; baseline 0 0"><span class='ocrx_word' id='word_1_403' title='bbox 0 0 1530 5174; x_wconf 95' lang='lat' dir='ltr'> </span> 
     </span>
    </p>
   </div>
  </div>
 </body>
</html>
