3044 5174
74 4203 127 4259 240

135 281 197 346 138
464 306 467 312 ’
649 280 690 335 De
708 297 745 335 ss.
764 280 937 336 eucharistia.

132 455 305 534 defecerit,
336 476 409 523 esse
432 457 565 524 tertiam
588 457 665 525 festi
688 457 883 526 nativitatis.
930 458 1034 536 Quam
1057 478 1131 524 eum
1153 456 1297 524 vicarius
1321 455 1453 524 deberet

133 545 304 630 complere,
328 546 460 613 videtur
481 547 537 613 ille
559 547 685 613 censeri
708 548 891 614 celebrasse
913 551 1061 630 tedium
1082 546 1141 612 sed
1156 552 1231 630 post
1254 547 1453 613 celebratam

131 634 265 701 tertiam
288 655 353 700 non
376 635 488 703 licebit
511 637 652 703 transire
676 637 718 704 ad
741 638 880 722 primam
903 641 937 703 et
952 636 1145 713 secundam;
1169 656 1246 702 nam
1261 657 1320 702 suo
1343 638 1454 702 ordine

133 724 173 788 ab
198 744 236 789 eo
260 723 315 806 qni
338 729 408 791 tres
431 725 548 791 missas
572 726 737 793 celebrare
760 727 832 793 vult
847 726 975 792 debent
997 725 1166 793 celebrari.

220 813 343 878 Verum
360 813 489 881 videtur
503 815 560 880 lex
574 815 785 900 complendae
801 815 920 882 mmsae
934 815 1112 881 secundum
1133 813 1309 880 formulam
1323 813 1453 880 inchoa·

131 906 200 967 tam
230 923 296 966 non
325 901 372 968 ita
400 924 519 986 urgere
548 910 672 972 utnon
695 904 795 972 liceat
824 925 867 970 ex
889 903 1077 971 rationabili
1099 923 1200 969 causa
1227 940 1273 950 -
1295 923 1383 985 quae
1405 903 1453 968 hic

131 1011 211 1055 sane
234 991 329 1057 adest
352 1011 394 1057 ex
417 1013 456 1058 eo
480 998 516 1060 ut
540 994 623 1059 duae
646 993 819 1061 ulteriores
842 993 960 1059 mmsae
984 992 1143 1058 celebrari
1165 992 1293 1076 possint
1306 1029 1354 1040 -
1369 1012 1453 1058 ccm-

132 1080 221 1162 plere
245 1079 376 1145 missam
409 1103 452 1146 ex
481 1082 623 1148 formula
650 1086 759 1169 primo
789 1103 925 1166 eamque
957 1081 1050 1166 proin
1080 1080 1256 1148 aestimare
1285 1084 1452 1163 tamquam

132 1167 270 1250 primam
293 1169 426 1236 missam
450 1171 631 1239 sacerdotis
654 1173 847 1256 supplentis.
879 1171 971 1249 Quod
986 1171 1049 1236 nisi
1064 1174 1155 1236 esset
1169 1169 1349 1255 probabilis
1372 1169 1453 1253 legis

133 1256 375 1324 ecclesiastieae
401 1259 651 1344 interpretatio,
683 1260 717 1327 id
746 1261 780 1326 in
802 1261 937 1327 laudato
968 1260 1099 1326 decreto
1130 1264 1220 1326 esset
1249 1259 1450 1335 adnotatum,

133 1368 205 1412 cum
229 1352 344 1414 votum
366 1348 456 1415 tertii
480 1349 675 1416 consultoris
705 1370 860 1434 expresse
890 1349 992 1416 addat
1020 1370 1080 1433 pro
1109 1348 1171 1415 teli
1200 1369 1278 1414 casn
1305 1348 1452 1426 „licuisse

131 1435 165 1501 in
194 1436 299 1502 natali
321 1437 452 1503 Domini
481 1459 579 1503 unam
608 1439 663 1504 vel
693 1439 774 1505 duas
804 1439 995 1592 dumtmll
1026 1459 1090 1505 non
1120 1442 1231 1504 autem
1254 1441 1340 1517 tres,
1372 1437 1452 1503 cele·

132 1525 401 1680 bradgdfisfflffu‘
424 1547 456 1594 v.
473 1527 552 1593 illud
567 1527 672 1612 ipsum
696 1528 861 1595 decretum
877 1527 910 1593 in
927 1549 964 1593 eo
991 1531 1054 1595 eet.
1072 1526 1215 1594 Gardell.
1238 1526 1288 1594 ed.
1306 1526 1401 1594 Rom.
1424 1529 1451 1605 3,

131 1634 162 1682 n.
298 1635 366 1684 no.

220 1720 260 1789 R.
284 1723 315 1786 4.
362 1721 494 1787 Vioario
516 1722 608 1789 licuit
638 1723 768 1805 quidem
797 1744 909 1789 omnes
933 1721 1067 1800 missas,
1097 1721 1119 1790 i.
1144 1741 1172 1788 e.
1197 1721 1280 1787 duas
1303 1742 1387 1804 quas
1408 1722 1451 1788 in·

132 1813 244 1892 tegras
274 1810 470 1889 celebravit,
504 1811 611 1878 dicere
641 1832 700 1896 pro
729 1812 908 1896 stipendi03
938 1832 1053 1877 verum
1083 1831 1149 1877 non
1177 1810 1285 1894 potuit
1315 1810 1451 1894 amplius

132 1897 265 1964 missam
297 1920 394 1980 qnam
425 1901 602 1984 complevit
630 1922 690 1967 suo
720 1900 855 1968 arbitrio
884 1901 1061 1985 applicare.
1108 1899 1295 1984 Applicatio
1326 1899 1451 1966 enims

132 1986 240 2071 priore
263 1988 449 2055 celebrante
473 1989 565 2057 facta
587 2011 646 2074 per
668 1990 946 2057 consecrationem
969 1990 1120 2055 effectum
1140 1989 1206 2055 iam
1228 1988 1350 2056 sortita
1371 1993 1450 2056 eret.

131 2077 234 2178 Immo
256 2076 291 2179 in
314 2076 412 2179 dubia
436 2079 690 2157 consecratione,
715 2079 744 2145 si
767 2078 992 2180 condicionate
1007 2077 1188 2180 repetenda
1212 2082 1275 2156 est,
1298 2079 1451 2180 supplens

131 2166 408 2333 illidit?
427 2168 730 2335 {titillabat
746 2169 857 2323 lilii
873 2167 1325 2324 {aedilwaldi
1345 2167 1451 2322 :til

133 2343 209 2409 dote
233 2345 404 2412 deficiente
420 2345 506 2412 calix
523 2355 604 2412 cerdo
619 2368 683 2412 non
699 2351 751 2413 est
766 2351 986 2421 consecratus,
1010 2345 1163 2412 sacerdos
1178 2345 1335 2429 supplens
1350 2346 1449 2430 appli-

133 2432 435 2588 iddmdem'ngffre
447 2456 505 2500 seu
517 2456 610 2501 suam
621 2435 786 2521 propriam
799 2435 909 2501 iacere
922 2435 1071 2502 absolute
1082 2437 1202 2519 potest.
1226 2432 1274 2501 ef.
1287 2433 1449 2501 Lacroix

182 2571 189 2601 ‚
238 2572 245 2602 ,
269 2544 301 2589 n.
393 2574 400 2590 .

412 2715 570 2782 nissen
593 2716 642 2783 m
665 2715 830 2783 samue
843 2690 976 2782 'lura
999 2713 1180 2782 Pascal.

698 2873 808 2940 danus.
828 2840 886 2948 (oe)

222 3012 402 3089 Theophilus
423 3019 523 3074 rector
544 3014 714 3074 monialium
736 3013 880 3090 singulari
902 3012 1060 3073 devotione
1081 3032 1153 3089 erga
1174 3032 1215 3073 ss.
1235 3017 1449 3073 sacramentum

134 3094 259 3153 affectus
279 3094 412 3168 graviter
426 3095 493 3165 lert,
513 3095 590 3171 quod
603 3095 635 3154 in
649 3094 745 3153 triduo
760 3093 961 3154 hebdomadae
975 3099 1098 3153 sanctae
1112 3112 1171 3152 non
1185 3092 1282 3170 possit
1296 3093 1450 3153 celebrare.

134 3174 320 3250 Quapropter
347 3175 467 3234 instruit
493 3194 601 3252 pueros
628 3174 796 3245 ministros,
822 3173 872 3249 qui
899 3173 1069 3232 necessaria
1095 3178 1250 3251 praestent
1276 3173 1346 3235 Iler.
1372 3174 1400 3232 V
1426 3177 1451 3232 et

134 3256 257 3313 sabbato
272 3259 386 3327 sancto,
406 3260 494 3331 atque
508 3255 615 3315 lectam
629 3255 751 3315 missam
764 3253 925 3315 secundum
938 3253 1058 3313 Rituale
1071 3272 1196 3330 parvum
1209 3253 1370 3314 Benedicti
1383 3252 1452 3313 XIII

133 3333 163 3391 in
186 3334 313 3392 ecclesia
341 3335 509 3394 monialium
535 3336 673 3395 celebrat.
715 3334 758 3394 Ut
784 3335 837 3394 fer.
858 3334 902 3392 VI
922 3332 953 3391 in
980 3353 1143 3411 parasceve
1171 3333 1324 3393 celebrare
1352 3334 1451 3412 possit

134 3413 227 3472 utitur
248 3415 401 3475 industria.
437 3416 532 3475 Adest
552 3415 688 3474 monialis
709 3415 843 3490 graviter
864 3418 1033 3489 aegrotans,
1056 3414 1103 3473 cui
1124 3418 1158 3473 ut
1178 3415 1231 3472 fer.
1254 3414 1299 3472 Vl
1320 3433 1374 3491 pro
1396 3415 1451 3473 via

134 3494 193 3552 tioo
215 3513 239 3553 s.
261 3496 469 3555 eucharistiam
490 3496 587 3572 possit
607 3497 751 3567 conferre,
775 3514 840 3554 oum
862 3513 965 3553 sacras
986 3494 1149 3571 particulas
1170 3493 1246 3553 feria
1259 3495 1288 3552 V
1303 3513 1452 3572 consump

135 3573 215 3646 serit,
238 3574 284 3633 die
305 3576 440 3651 sequenti
461 3577 592 3635 celebrat
613 3575 648 3634 de
669 3575 807 3652 passione
828 3574 954 3635 Domini.

136 3686 312 3756 Qulrnrrnr
334 3691 363 3747 1ο
383 3690 511 3750 liceatne
531 3689 562 3749 in
577 3689 674 3749 triduo
696 3708 800 3748 sacrae
813 3688 1015 3748 hebdomadae
1031 3687 1138 3748 missas
1154 3688 1289 3766 privatas
1305 3690 1453 3750 celebrare

382 3771 430 3829 uel
452 3790 504 3846 pro
525 3770 610 3829 libitu
631 3771 810 3829 sollemnem.

335 3859 365 3916 2⁰
385 3858 454 3935 quid
475 3859 510 3918 de
532 3859 694 3937 Theophilo
716 3859 866 3918 dicendum
887 3857 935 3918 sib.

728 4042 863 4110 solutio.

222 4183 277 4249 An
300 4206 491 4261 ucnnsrrun
516 4188 554 4250 1Πι
576 4185 616 4251 R.
643 4187 670 4251 1.
715 4184 810 4250 Feria
833 4184 880 4250 Vl
902 4183 936 4248 in
967 4203 1146 4267 parasceve
1168 4202 1234 4247 non
1257 4182 1457 4266 permittitur

136 4273 198 4338 nisi
220 4275 321 4340 missa
344 4274 711 4358 praesanctifiostornm‚
737 4294 840 4355 eaque
864 4272 988 4339 functio
1005 4288 1069 4337 non
1087 4271 1228 4355 privata,
1252 4272 1311 4338 sed
1328 4273 1454 4357 publiea

136 4367 170 4428 et
192 4363 358 4429 sollemnis
382 4385 453 4429 esse
477 4364 592 4442 debet;
626 4365 744 4428 saltem
767 4384 846 4428 vero
875 4362 1051 4427 secundum
1075 4360 1208 4427 Rituale
1236 4381 1379 4443 parvum
1402 4382 1455 4427 seu

136 4452 324 4519 Memoriale
341 4454 460 4519 Bened.
479 4453 566 4529 XIII,
591 4452 618 4517 si
634 4474 693 4536 pro
710 4451 915 4517 sollemniora
934 4452 1029 4516 modo
1053 4450 1162 4516 deficit
1184 4471 1341 4516 numerus
1365 4452 1455 4517 oleri·

137 4561 263 4622 corum;
288 4564 390 4625 eaque
414 4543 485 4608 lieri
509 4544 612 4626 debet,
636 4541 829 4622 ubicumque
853 4542 890 4605 fit
913 4540 1079 4605 sollemnis
1101 4540 1155 4604 vel
1179 4538 1311 4622 publica
1333 4540 1455 4608 iunctm

136 4629 218 4697 feria
241 4632 272 4695 V
295 4633 328 4696 in
353 4633 437 4697 Cena
462 4631 602 4697 Domini.
649 4630 697 4696 cf.
722 4630 817 4696 Decr.
843 4630 875 4697 S.
899 4629 937 4696 R.
963 4629 1040 4695 0.,9
1065 4630 1143 4695 Dec.
1171 4630 1266 4695 1899.
