3044 5174
153 332 219 397 478
500 364 502 368 r
624 324 829 379 Sacramentum
849 324 1021 380 matrimonii.

153 527 283 590 semper
305 525 364 589 pro
389 503 524 569 arbitrio
548 507 660 586 potest
681 503 715 568 id
739 503 861 585 eligere
883 502 969 584 quod
992 523 1052 586 per
1074 503 1276 570 semoribus
1299 504 1481 581 christianis

152 596 270 662 melius
294 592 448 659 convenit
472 597 506 658 et
529 596 678 658 removet
700 592 878 675 periculum
903 591 1082 676 spirituale.
1135 595 1191 659 'lla
1216 616 1256 660 m.
1282 594 1324 670 ΙΙ,
1351 596 1427 662 668.

245 701 282 766 a.
308 703 338 766 4.
387 698 558 782 sponsalia
582 697 748 774 Quirinum
773 699 860 763 inter
882 703 916 763 et
937 697 1104 764 Rosaliam
1128 700 1215 782 quod
1237 700 1373 778 attinet,
1397 700 1425 766 si
1447 722 1481 769 ea
1513 688 1516 776 i

155 791 199 856 sit
222 788 420 855 condicionis
444 787 620 871 disparitas
643 793 680 853 ut
703 788 823 852 iustum
848 787 1028 852 dissensum
1053 808 1190 869 gravem
1214 793 1392 873 parentum
1410 789 1480 868 Qui·

153 880 244 946 rinus
277 878 469 962 praevidere
502 877 667 942 debuerit:
699 897 763 941 non
797 876 903 960 potuit
935 876 1024 942 licite
1055 877 1209 943 Rosaliae
1239 878 1478 946 matrimonium
1514 917 1516 945 ÷

154 967 357 1053 promittere
404 965 495 1042 Quod
520 969 577 1030 aut
579 986 629 1029 em
654 987 718 1030 non
741 965 819 1030 licet
841 966 945 1048 promi
949 971 1049 1043 tter,e
1074 967 1115 1031 ad
1139 966 1172 1031 id
1195 966 1399 1069 implendum
1421 990 1477 1033 non
1513 948 1516 1111 ἱ

154 1056 319 1123 contrahit
305 1062 360 1122 tur
382 1055 549 1136 obligatio.
585 1055 674 1136 Ergo
698 1054 873 1137 sponsalia,
898 1075 971 1118 cum
995 1055 1065 1119 sine
1089 1055 1289 1138 obligatione
1313 1058 1356 1123 ad
1373 1058 1478 1123 matri·

154 1146 298 1211 monium
322 1165 387 1209 non
410 1144 584 1220 exsistant,
609 1143 755 1208 invalida
778 1144 1049 1210 dehentoeuseri.
1087 1145 1143 1210 Ta
1160 1168 1201 1211 m.
1218 1146 1260 1223 ΙΙ,
1279 1148 1364 1223 671;
1390 1147 1477 1212 Gas-

153 1234 315 1320 parril.
339 1254 367 1299 c.

42 1364 44 1369 ’
91 1367 145 1426 829
244 1356 296 1420 An
319 1375 510 1431 ounssrrnu
535 1358 573 1418 2¹²¹
599 1355 635 1419 lt.
663 1358 691 1420 1.
740 1354 831 1432 Quod
860 1355 1012 1421 Pancrat'
989 1360 1069 1421 tiam
1101 1359 1246 1439 spectat,
1279 1377 1346 1422 non
1378 1358 1476 1422 minus
1514 1384 1516 1389 ·

153 1446 279 1526 indiget
309 1444 568 1528 dispensatione,
600 1448 637 1509 ut
667 1465 739 1508 cum
763 1444 939 1510 Remherto
969 1444 1152 1512 acatholico
1182 1445 1265 1510 inire
1294 1446 1359 1530 ipsi
1386 1447 1475 1514 liceat

153 1533 413 1610 matrimonium,
441 1554 537 1614 quam
563 1533 732 1614 indigebat
758 1533 845 1598 circa
869 1533 1112 1599 matrimonium
1138 1555 1211 1599 cum
1236 1535 1376 1601 Camillo
1399 1558 1475 1601 nunc

154 1625 318 1690 defuncto.
365 1623 452 1687 Nam
483 1622 684 1706 dispensatio
715 1623 795 1687 data
817 1643 882 1687 non
913 1627 986 1688 erat
1009 1623 1051 1688 ad
1074 1623 1318 1689 matrimonium
1343 1625 1474 1692 mixtum

154 1713 322 1797 quodlibet
353 1711 547 1788 ineundum,
584 1712 641 1775 sed
674 1711 715 1775 ad
749 1711 990 1776 matrimonium
1025 1713 1087 1776 hoo
1120 1712 1378 1779 determinatum
1411 1735 1474 1779 cum

153 1801 298 1868 Camillo
1508 1816 1516 1992 Ι

243 1909 281 1973 a.
307 1910 337 1973 2.
380 1906 503 1971 Verum
528 1906 656 1988 quidem
681 1909 748 1981 est,
779 1906 807 1970 si
837 1907 922 1971 ratio
945 1906 1109 1972 sufficiens
1134 1906 1343 2008 dispensandi
1368 1909 1475 1975 aderat

154 1999 261 2080 quoad
277 1996 519 2063 matrimonium
536 2018 607 2061 cum
625 1995 893 2073 Camillo,etiam
918 1996 1082 2062 sufficiens
1101 1996 1223 2063 eritad
1238 1997 1471 2064 matrimonium
1513 2002 1516 2011 '

153 2109 226 2152 cum
252 2087 437 2151 Remberto.
486 2085 596 2150 Solum
620 2084 732 2167 quaeri
762 2088 872 2168 potest
902 2107 979 2150 num
1008 2085 1041 2149 in
1072 2090 1128 2171 pet
1113 2086 1213 2151 tenda
1237 2085 1473 2170 dispensatione

154 2176 229 2242 addi
253 2176 372 2241 debeat
357 2176 459 2240 tiam
484 2178 583 2240 antea
606 2174 830 2240 intercessisse
862 2172 1059 2240 matrimonii
1086 2174 1335 2259 promissionem
1360 2181 1395 2241 et
1417 2176 1472 2240 dis-

153 2265 377 2350 pensationem
403 2285 475 2328 cum
500 2262 635 2328 Camillo
666 2264 836 2338 defuncto,
867 2263 1033 2329 Remherti
1058 2263 1126 2331 frat
1111 2268 1172 2331 tre.
1219 2263 1313 2341 Quod
1335 2266 1471 2350 practice

153 2355 223 2419 fieri
254 2355 371 2419 debere
403 2374 529 2419 censeo.
576 2353 685 2416 Primo
717 2357 850 2436 aspectu
876 2353 1006 2417 videtur
1035 2353 1302 2436 impedimentum
1332 2355 1472 2438 publicae

153 2443 336 2508 honestatis
371 2442 547 2518 exsiste1·e;
581 2463 624 2507 ex
656 2462 721 2522 qua
753 2463 854 2508 causa
884 2442 956 2506 fieri
988 2442 1106 2508 debeat
1137 2442 1219 2507 haec
1253 2442 1375 2526 prioris
1406 2465 1470 2528 pro

153 2532 316 2597 missionis
339 2531 604 2596 commemoratio
628 2531 660 2594 in
685 2531 884 2615 supplicibus
906 2531 1041 2608 libellis,
1072 2535 1110 2597 ut
1138 2531 1237 2597 etiam
1269 2532 1312 2597 ab
1335 2533 1398 2599 hoc
1420 2533 1469 2597 im·

153 2621 339 2705 pedimento
363 2620 561 2685 concedatur
577 2620 787 2703 dispensatio.
819 2620 941 2684 Verum
966 2640 1008 2685 ex
1031 2641 1130 2705 supra
1154 2620 1250 2685 dictis
1274 2620 1308 2686 in
1331 2621 1394 2687 hoc
1416 2642 1468 2699 non
1514 2663 1516 2703 4

153 2714 204 2775 est
227 2712 309 2774 adeo
332 2709 556 2775 insistendum.
589 2709 756 2787 Attamen,
781 2708 859 2774 licet
882 2709 1023 2775 dubit-ari
1048 2709 1166 2775 debeat
1189 2710 1229 2774 de
1247 2709 1364 2776 valore
1386 2733 1468 2797 apon-
1514 2752 1516 2772 i

152 2800 268 2864 solium
291 2799 379 2864 inter
402 2799 609 2863 Pancratiam
634 2804 668 2864 et
691 2797 877 2874 Camillum,
908 2802 958 2875 et,
989 2799 1075 2881 quod
1106 2819 1309 2881 consequens
1339 2805 1409 2879 est,
1435 2801 1468 2864 dc

152 2889 299 2972 publicae
323 2887 506 2953 honestatis
529 2887 770 2971 impedimento,
796 2909 872 2951 num
889 2886 974 2953 inter
990 2887 1198 2953 Pancratiam
1215 2892 1250 2954 et
1265 2888 1467 2955 Rembartum

152 2998 230 3042 vere
259 2977 416 3054 exsistat;
448 2977 656 3041 nihilominus
687 2978 751 3041 alia
782 2980 833 3041 est
862 2976 963 3054 ratio,
996 2998 1053 3041 cur
1082 2976 1162 3041 haec
1192 2977 1283 3060 prior
1306 2978 1468 3062 promissio
1515 3036 1516 3050 ,

150 3066 393 3132 manifestanda
422 3067 474 3132 sit.
523 3067 584 3132 Est
614 3071 732 3131 natura
762 3087 822 3130 sua
851 3087 904 3130 res
937 3066 1034 3147 longo
1066 3065 1215 3148 gravior,
1253 3069 1393 3133 sectando
1420 3086 1467 3132 seu
1514 3065 1516 3150 f

151 3157 267 3222 iterum
292 3157 371 3220 dare
394 3155 559 3221 licentiam
577 3155 617 3220 ad
636 3155 876 3220 matrimonium
892 3154 1041 3230 mixtum,
1066 3177 1163 3237 quam
1181 3155 1283 3221 semel
1300 3177 1360 3222 seu
1376 3158 1468 3242 prima
1514 3213 1516 3222 i

151 3245 231 3322 vice,
256 3246 352 3327 idque
377 3245 418 3309 ad
441 3245 520 3309 illud
544 3243 795 3321 matrimonium,
820 3248 935 3309 contra
959 3244 1053 3325 quod,
1079 3244 1105 3308 si
1130 3243 1235 3309 minus
1251 3265 1334 3311 vera
1350 3246 1468 3330 publica

150 3335 305 3399 honestas
337 3355 434 3398 sensu
468 3333 641 3410 canonico,
675 3338 787 3398 tamen
816 3333 911 3397 huius
942 3333 1090 3416 publicae
1122 3333 1308 3400 honestatis
1341 3340 1466 3401 externa

149 3423 274 3505 species
304 3424 454 3489 exsistat.
494 3423 583 3500 Quae
614 3422 758 3487 rationes
781 3422 998 3487 necessariam
1028 3422 1154 3488 faciunt
1176 3422 1467 3490 manifestationem
1502 3422 1516 3504 s

149 3511 266 3594 prioris
299 3512 551 3594 dispensationis
586 3534 660 3577 cum
695 3511 843 3575 omnibus
878 3511 1141 3578 circumstantiis.
1197 3511 1404 3594 Quamquam
1434 3531 1467 3577 ex
1515 3536 1516 3540 ¹

151 3600 257 3665 altera
281 3605 374 3682 perte
397 3602 459 3665 hae
482 3602 572 3685 ipsae
597 3601 862 3668 circumstantiae
886 3602 1039 3667 videntur
1062 3601 1219 3666 motivam
1243 3621 1380 3667 causam
1403 3623 1468 3668 con·

149 3689 264 3767 tinere,
290 3710 347 3753 cur
363 3690 562 3772 dispensatio
587 3696 621 3756 ia
644 3695 700 3757 boc
722 3694 884 3777 sinuatam?
900 3714 975 3756 cusu
997 3691 1125 3756 facilius
1141 3690 1353 3758 concedatur.
1388 3689 1467 3770 Quod
1505 3746 1508 3759 1

151 3778 279 3843 confert
303 3778 431 3860 quidem
456 3778 570 3855 adid,
595 3801 636 3843 ne
661 3781 791 3864 reipsa
814 3784 1002 3848 taceantur:
1028 3782 1172 3845 sednon
1197 3779 1352 3846 elevatur
1376 3779 1468 3847 mani·

149 3868 292 3932 testandi
323 3868 503 3933 necessitas
536 3887 577 3931 ex
609 3887 646 3931 eo
670 3870 753 3948 quod
779 3890 842 3933 non
870 3873 1041 3933 teneamur
1064 3868 1278 3935 manifestare
1301 3891 1390 3951 quae
1412 3870 1468 3935 dis·
1506 3934 1509 3945 ,

150 3957 375 4042 pensationem
406 3958 546 4022 reddant
575 3955 764 4022 faciliorem.
811 3958 903 4022 Haeo
933 3958 1018 4022 ratio
1049 3959 1118 4024 scil.
1144 3957 1252 4023 afferri
1277 3961 1410 4041 nequit,
1437 3962 1469 4023 ut

149 4046 182 4110 in
217 4047 375 4128 petitione
409 4045 661 4131 dispensationis
695 4045 941 4113 circumstantia
974 4046 1225 4129 dispensationis
1259 4049 1379 4114 similis
1412 4049 1467 4114 iam

148 4135 281 4201 habitae
310 4136 548 4220 supprimatur;
580 4157 655 4200 nam
685 4134 740 4199 lex
770 4156 834 4199 nou
865 4136 997 4219 respicit
1020 4136 1051 4200 id
1076 4137 1161 4217 quod
1185 4137 1294 4202 estin
1317 4136 1468 4222 singulari

149 4245 227 4290 casu
257 4247 315 4308 per
345 4226 512 4303 accidens,
543 4226 600 4290 sed
629 4224 714 4307 quod
744 4224 791 4288 rei
814 4224 900 4291 inest
924 4225 1139 4291 communiter
1168 4229 1202 4290 et
1232 4246 1276 4290 ex
1306 4227 1382 4311 ipsa
1408 4227 1467 4293 eius

149 4318 277 4381 natura,

238 4402 390 4468 Breviter
419 4404 494 4469 inde
522 4402 742 4468 concluditur:
775 4402 951 4468 Pancratia
975 4403 1150 4468 Remherto
1174 4402 1315 4470 firmiter
1338 4404 1467 4488 promit·

148 4495 218 4556 tere
250 4492 488 4557 matrimonium
512 4515 576 4557 non
600 4492 717 4575 potuit.

88 4614 140 4668 830
239 4594 276 4658 R.
307 4598 337 4660 3.
391 4595 543 4670 Quaestio
578 4595 617 4658 de
649 4593 781 4670 Quirino
814 4615 854 4658 ex
888 4594 983 4660 dietis
1015 4596 1056 4660 ad
1089 4595 1279 4671 Quaesitum
1314 4600 1352 4662 1¹¹²
1386 4598 1423 4663 a.
1449 4597 1465 4658 4

148 4680 244 4746 facile
268 4682 415 4750 solvitur.
449 4684 481 4748 Si
498 4685 583 4748 enim
599 4705 639 4748 ea
663 4688 735 4749 erat
758 4683 935 4767 disparitas
957 4685 1044 4750 inter
1059 4683 1228 4760 Quirinum
1243 4689 1279 4751 et
1295 4686 1465 4759 Rosaliann
