3044 5174
621 1118 696 1202 DE
726 1118 1018 1204 BAPTISMO.

309 1365 535 1434 barnerus
558 1365 607 1432 IN
630 1366 833 1433 MATERIA
856 1367 912 1434 ET
935 1367 1090 1435 FORMA
1111 1368 1329 1437 BAPTISMI.

726 1531 836 1600 Casus.
855 1539 914 1610 (17)

245 1671 406 1750 Eutropius
416 1676 454 1734 ab
464 1673 582 1733 haeresi
596 1673 634 1732 ad
647 1673 733 1733 fidem
748 1674 925 1734 catholicam
940 1693 1102 1735 conversus
1111 1675 1270 1752 inquiritur
1279 1674 1316 1735 ds
1325 1674 1479 1752 baptismo.

156 1753 237 1814 Dicit
257 1773 290 1813 se
310 1753 492 1830 baptizatum
522 1773 589 1814 esse
611 1773 630 1813 a
650 1753 785 1815 ministro
807 1755 974 1815 acatholico
995 1755 1045 1832 qui
1062 1756 1166 1816 volens
1187 1760 1303 1815 mutare
1323 1755 1415 1815 ritum
1435 1775 1479 1815 oa·

155 1835 314 1907 tholicum‚
342 1853 428 1911 quern
449 1839 618 1911 corruptum
644 1837 785 1911 putabat,
815 1836 1004 1895 consueverit
1031 1836 1074 1895 uti
1100 1836 1195 1896 forma
1229 1840 1275 1909 „te
1303 1835 1424 1914 baptizo
1450 1835 1480 1895 iu

156 1933 263 1975 nomen
283 1914 383 1974 Patris
404 1916 478 1975 eto‘
508 1934 576 1975 seu:
608 1935 664 1992 „op
690 1921 742 1975 ten
762 1917 887 1988 naam“,
918 1917 990 1991 „auf
1014 1916 1071 1975 den
1090 1915 1240 1993 Namen“;
1269 1916 1365 1993 quoad
1388 1935 1480 1993 aquae

156 1999 255 2055 autem
282 1994 511 2072 applicationem
535 1995 617 2054 illum
645 2015 734 2072 saepe
754 1995 914 2057 intinxisse
935 1996 1058 2072 digitum
1079 1997 1111 2055 in
1131 2015 1237 2073 aquam
1257 2002 1289 2056 et
1308 1996 1368 2057 hoc
1389 1996 1479 2073 digito

155 2075 322 2135 madefacto
342 2075 479 2152 tetigisse
492 2076 620 2135 frontem
640 2076 690 2135 vel
712 2076 863 2136 maxillam
884 2077 933 2136 vel
954 2076 1098 2137 verticem
1120 2075 1300 2154 baptizandi,
1322 2076 1479 2154 aliquando

155 2155 245 2215 etiam
265 2175 399 2227 manum;
430 2175 524 2232 neque
552 2158 658 2215 abesse
679 2156 815 2234 exempla
841 2157 998 2233 inquibus
1019 2176 1125 2233 aquam
1145 2176 1300 2217 rosaceum
1321 2158 1371 2217 vel
1393 2157 1479 2218 etiam

155 2235 256 2295 vinum
275 2255 329 2313 pro
349 2236 496 2314 baptismo
518 2235 692 2296 adhibuerit.
1252 2231 1262 2252 '

156 2367 332 2438 Quaerurua
353 2368 383 2426 1ο
404 2386 479 2444 quae
506 2367 568 2427 sint
588 2366 760 2426 essentialia
786 2367 818 2427 in
838 2368 963 2428 materia
983 2375 1097 2428 remota
1125 2373 1155 2427 et
1175 2368 1310 2445 proxima
1330 2369 1477 2447 baptismi

350 2468 381 2525 2⁰
402 2485 477 2542 quae
498 2465 559 2524 sint
579 2465 751 2525 essentialia
771 2465 802 2525 in
823 2466 926 2526 forma.

352 2566 382 2623 3⁰
403 2563 472 2640 quid
504 2562 540 2623 de
571 2563 665 2624 modis
696 2563 869 2641 baptizandi
898 2583 971 2640 quos
999 2564 1049 2623 ille
1076 2563 1212 2624 minister
1243 2565 1386 2626 adhibere
1414 2586 1475 2627 con·

402 2643 535 2703 suaserit
555 2649 586 2703 et
607 2644 642 2703 de
663 2643 798 2722 Eutropii
818 2643 964 2722 baptismo
986 2644 1026 2704 sit
1045 2644 1241 2705 iudicandum

749 2844 883 2912 Solutio.

110 3001 145 3056 58
241 2987 294 3053 An
318 3008 510 3064 eusnsrruu
536 2989 573 3051 1⁸
593 2986 632 3053 R.
653 2990 681 3054 l.
714 2987 856 3053 Materia
878 2991 1006 3054 remota
1029 2991 1081 3053 est
1104 3009 1190 3071 equa
1212 2987 1385 3069 naturalis,
1410 2989 1476 3055 sive

153 3081 346 3144 consecrate
368 3079 422 3142 vel
454 3076 626 3143 benedicta
656 3076 726 3141 sive
759 3097 832 3143 non.
880 3075 988 3143 Parva
1018 3081 1129 3143 autem
1159 3077 1295 3143 alterius
1319 3079 1476 3146 materiae

152 3167 323 3244 immistio,
340 3187 425 3248 quae
440 3166 617 3232 secundum
633 3166 810 3231 humanam
826 3165 1090 3233 aestimationem
1102 3167 1265 3248 integram
1277 3167 1475 3251 relinqueret

153 3255 450 3322 denominationem
473 3275 589 3338 aquae,
614 3255 719 3321 valeri
742 3276 808 3320 non
831 3256 951 3321 obstat.
999 3255 1091 3333 Quod
1114 3255 1140 3320 si
1165 3261 1290 3322 certum
1315 3261 1384 3335 est,
1409 3278 1475 3324 ma·

151 3345 237 3411 teria
259 3347 372 3410 manet
395 3348 485 3410 certo
510 3344 636 3417 valida;
661 3344 689 3409 si
713 3345 845 3410 dubium
869 3348 929 3422 est,
955 3345 1067 3411 evadit
1090 3345 1229 3411 materia
1253 3345 1361 3413 dubia.

242 3451 281 3518 R.
307 3454 336 3518 2.
368 3449 554 3535 Applicatio
578 3472 685 3534 aquae
712 3451 762 3518 ita
784 3451 853 3517 fieri
878 3451 975 3517 debet
1008 3455 1044 3517 ut
1067 3452 1176 3534 aliquo
1201 3452 1295 3518 modo
1319 3453 1404 3520 fluat
1426 3453 1474 3519 vel

152 3542 271 3608 saltem
295 3540 510 3619 diffundatur,
542 3562 605 3623 quo
629 3540 806 3624 significari
836 3541 940 3625 possit
963 3544 1056 3619 lotio‚·
1085 3562 1169 3624 quae
1199 3563 1264 3606 non
1286 3542 1428 3610 habetur
1449 3541 1475 3607 si

152 3652 183 3697 v.
208 3652 240 3713 g.
264 3630 361 3696 unica
383 3633 482 3712 gutta
504 3630 677 3695 immobilis
700 3630 732 3694 in
756 3633 852 3714 parte
876 3629 1020 3714 corporis
1033 3632 1186 3696 'maneat
1293 3647 1304 3665 ·

240 3746 279 3812 R.
304 3749 334 3812 3.
374 3746 469 3813 Lotio
492 3746 559 3824 illa,
584 3751 621 3813 ut
644 3751 753 3812 certus
776 3746 821 3811 sit
844 3746 1035 3830 baptismus,
1061 3747 1130 3812 fieri
1154 3746 1252 3813 debet
1273 3746 1308 3812 in
1331 3749 1474 3814 membro

151 3834 390 3920 principaliora,
414 3836 512 3901 immo
535 3836 566 3901 in
592 3836 710 3920 capite,
734 3856 798 3918 quo
822 3836 885 3901 diei
908 3836 1013 3919 possit
1036 3838 1125 3902 homo
1147 3837 1245 3915 lotus,
1271 3838 1394 3903 nonin
1409 3837 1474 3903 solo

152 3926 297 3992 membro
321 3925 431 4007 aliquo
455 3925 657 3992 secundario.
704 3926 833 3991 Rituole
856 3926 945 3991 Rom.

240 4015 278 4079 ln
301 4013 374 4080 aliis
399 4015 528 4080 casibus
557 4014 739 4098 baptismus
768 4035 834 4079 non
857 4019 947 4081 certo
978 4014 1108 4097 quidem
1137 4013 1302 4079 invalidus
1329 4015 1389 4081 sed
1419 4015 1474 4080 du·

152 4104 225 4170 hius
248 4106 309 4169 est.

109 4254 143 4307 59
240 4236 293 4302 An
317 4257 508 4313 euassrruu
532 4239 571 4301 2m
594 4236 633 4303 R.
673 4237 780 4302 Debet
803 4236 942 4320 exprimi
968 4235 1000 4318 l)
1023 4235 1110 4301 aetio
1134 4235 1321 4319 baptizandi
1347 4241 1383 4303 et
1404 4257 1474 4321 per·

152 4347 233 4392 sona
255 4325 469 4409 baptizanda;
496 4327 529 4407 2)
555 4326 609 4392 SS.
628 4325 773 4391 Trinitas
796 4326 930 4408 eiusque
953 4330 1021 4392 tres
1040 4346 1201 4409 personae
1224 4325 1375 4407 singulae
1399 4347 1474 4409 qua·

152 4436 225 4481 rum
248 4415 378 4481 nomine
401 4416 583 4499 baptismus
607 4415 804 4481 conferatur.
845 4415 1017 4493 Quaelibet
1039 4415 1101 4480 hac
1125 4415 1158 4479 iu
1181 4435 1217 4479 re
1241 4415 1392 4495 mutatio,
1417 4413 1474 4481 nisi

152 4505 212 4571 fiat
234 4504 268 4570 in
291 4525 405 4571 vocem
422 4505 551 4570 omnino
568 4525 794 4588 synonymam,
818 4506 873 4570 vel
890 4505 1020 4570 omissio
1037 4504 1216 4588 corrumpit
1232 4504 1373 4571 formam
1389 4527 1474 4572 eam·

153 4613 216 4675 que
240 4598 299 4660 aut
320 4593 497 4659 invalidam
522 4598 580 4662 aut
604 4594 734 4659 dubiam
757 4594 847 4660 facit.
