3044 5174
623 275 827 331 Sacramentum
847 278 1019 331 matrimonii.

741 460 875 527 Salutio.

86 621 138 675 918
235 601 288 667 Ao
312 622 503 678 qunasrrun
527 605 564 665 1Ιιι
587 601 626 669 R.
647 604 675 667 1.
716 602 833 667 Omnia
855 601 912 666 illa
936 605 1015 667 vota
1038 602 1220 687 impediunt
1242 623 1301 670 seu
1325 603 1469 670 illicitum

147 690 288 757 reddunt
311 690 570 767 matrimonium,
602 711 686 774 quae
716 690 786 756 sive
816 690 939 756 directe
969 690 1040 756 sive
1069 691 1229 758 indirecte
1260 692 1411 777 obligant
1433 693 1471 759 ad

148 780 398 854 continentiam,
431 801 489 845 seu
520 779 636 862 quibus
669 780 873 864 promittitur
903 780 973 845 Deo
1003 781 1093 846 vitae
1125 785 1235 847 statua
1267 782 1472 849 matrimonio

147 869 333 955 perfectior.
380 868 463 934 Sunt
486 873 596 934 autern
617 872 697 934 rota
719 868 817 935 haec:
844 871 876 952 1)
901 875 1012 935 votum
1037 891 1101 936 non
1123 870 1276 947 nubendi,
1302 873 1338 953 2)
1362 876 1471 938 votum

148 957 365 1042 virginitatis,
397 959 431 1039 3)
455 961 568 1023 votum
600 958 780 1034 castitatis,
814 960 849 1041 4)
872 962 984 1025 votum
1015 959 1292 1043 suscipiendorum
1326 960 1471 1027 ordinum

148 1069 324 1125 sacrorum,
349 1047 383 1130 5)
407 1051 518 1113 votum
542 1046 773 1130 ingrediendae
796 1046 973 1130 religionis.

236 1154 275 1220 R.
298 1156 328 1220 2.
360 1154 449 1219 Vota
470 1153 538 1232 illa,
562 1154 691 1221 etiarnsi
715 1153 824 1220 omnia
846 1154 1053 1221 matrimonio
1077 1153 1217 1221 ineundo
1240 1155 1388 1234 obstant,
1414 1178 1471 1223 non

106 1318 109 1324 ‚
148 1244 282 1311 obstant
310 1245 422 1308 tamen
453 1243 564 1308 eodem
597 1244 702 1310 modo.
756 1244 842 1310 Nam
871 1252 973 1309 ootrrm
1003 1247 1215 1330 oirpinilatia:
1252 1243 1283 1327 1)
1315 1244 1345 1311 ai
1374 1246 1471 1313 semel

148 1333 272 1398 laesum
306 1331 417 1410 fuerit,
449 1353 513 1398 non
543 1332 682 1416 amplius
712 1331 919 1398 matrimonio
949 1333 1091 1398 ineundo
1121 1333 1248 1410 obstem
1284 1335 1320 1415 2)
1350 1356 1410 1419 per
1440 1356 1472 1401 ae

147 1420 327 1488 theoretice
351 1422 511 1504 loquendo
535 1442 710 1503 numquam
735 1422 846 1488 obstat
869 1421 1075 1511 matrimonio
1098 1421 1257 1505 virgineo,
1285 1423 1316 1489 si
1340 1430 1472 1507 uterque

149 1510 411 1576 contrahentium
440 1510 502 1575 hoc
530 1509 696 1585 intendat;
727 1511 871 1594 practice
901 1515 1011 1577 autem
1040 1510 1073 1577 id
1097 1511 1265 1577 rarissimo
1290 1512 1473 1581 admittitur

148 1603 283 1684 propter
312 1599 457 1683 pericula
487 1619 570 1681 quae
600 1599 668 1665 tale
697 1598 939 1666 matrimonium
970 1599 1133 1684 plerisque
1164 1598 1292 1668 afferat.
1322 1641 1367 1650 -
1395 1603 1472 1668 Dein

82 1711 89 1726 ·
149 1698 251 1755 oetam
268 1692 423 1754 castitatis
442 1710 506 1754 non
522 1688 658 1773 impedit
674 1688 915 1755 matrimonium
932 1687 1132 1773 simpliciter,
1157 1689 1220 1755 nisi
1235 1690 1280 1757 sit
1296 1696 1471 1775 perpetuae

150 1777 330 1852 castitatis;
356 1799 429 1843 nam
454 1777 481 1842 ei
504 1782 618 1845 votum
643 1778 776 1862 respicit
800 1777 988 1844 castitatem
1012 1779 1054 1844 ad
1074 1782 1204 1862 tempus
1227 1783 1369 1856 tanturn,
1394 1784 1471 1847 tem·

150 1888 227 1951 pore
244 1869 355 1951 elapso
372 1866 612 1932 matrimonium
630 1888 694 1931 non
711 1867 850 1951 amplius
866 1866 1049 1951 impeditur.
1075 1868 1122 1934 ef.
1141 1868 1196 1935 Tb.
1210 1891 1251 1935 m.
1268 1869 1311 1945 11,
1329 1868 1395 1935 719
1406 1891 1471 1955 sqq.

88 2007 140 2063 919
239 1994 564 2067 nequamneuam
589 1991 627 2056 R.
682 1991 846 2073 Obligatio
877 1990 963 2063 eius,
995 1992 1049 2074 qui
1074 1997 1186 2059 votum
1210 1992 1339 2059 violans
1363 1995 1471 2063 matri·

149 2082 291 2148 monium
315 2080 421 2156 inivit,
445 2101 503 2163 pro
528 2079 666 2145 diversis
689 2079 776 2146 votis
800 2080 930 2145 diversa
953 2085 1020 2146 est:

242 2187 273 2270 1)
296 2186 357 2265 Qui
380 2189 496 2251 contra
511 2190 625 2251 votum
640 2207 705 2251 non
719 2186 864 2266 nubendi
880 2186 1122 2253 matrimonium
1138 2187 1242 2265 inivit,
1267 2195 1384 2256 votum
1400 2211 1471 2273 gra·

150 2277 236 2344 viter
265 2275 419 2351 violavit,
450 2279 486 2341 at-
516 2274 594 2339 illud
624 2274 657 2339 in
687 2279 854 2359 posterum
886 2276 1062 2343 observatu
1093 2276 1292 2361 impossibile
1316 2279 1471 2351 reddidit:

151 2387 189 2432 ac
212 2367 306 2450 proin
329 2365 441 2431 statim
466 2369 577 2448 potest
600 2364 806 2430 matrimonio
831 2364 887 2431 uti.

240 2473 274 2553 2)
298 2471 358 2548 Qui
374 2474 488 2536 contra
504 2476 616 2537 votum
634 2471 834 2554 virginitatis
850 2471 1032 2537 servandae
1049 2473 1291 2538 matrimonium
1315 2473 1389 2541 iniit
1406 2495 1471 2539 curn

151 2562 256 2628 altero
279 2560 359 2624 illud
382 2566 494 2625 votum
519 2559 707 2642 ignorante,
740 2561 791 2625 vel
822 2561 939 2626 saltem
970 2582 1035 2625 non
1066 2582 1107 2626 ex
1138 2582 1198 2628 sua
1220 2568 1317 2646 parte
1341 2564 1472 2645 virgini·

150 2655 254 2717 tatem
278 2648 506 2733 promittente,
538 2649 687 2732 graviter
717 2649 846 2732 quidem
873 2651 1040 2733 peccavit,
1073 2651 1101 2715 si
1133 2650 1247 2717 habuit
1280 2653 1334 2716 vel
1358 2653 1473 2718 habere

152 2740 248 2805 debet
271 2739 415 2804 animum
438 2738 635 2804 matrimonii
660 2738 914 2806 consummandi.
940 2743 1087 2805 attamen
1104 2739 1234 2805 videtur
1250 2741 1364 2806 statim
1384 2763 1472 2826 posse

150 2829 354 2911 coniugalem
378 2827 480 2892 vitam
511 2828 628 2892 ducere
658 2827 728 2892 sive
758 2828 921 2893 reddendo
952 2829 1023 2893 sive
1051 2829 1192 2912 petendo
1223 2828 1368 2895 debitum
1400 2852 1471 2895 oon·

149 2918 275 3000 iugale:
307 2922 383 3001 post
405 2916 579 2982 terminum
603 2917 701 3001 spatii
725 2916 890 2983 bimestris
914 2939 934 2982 a
956 2917 1061 2983 iudice
1085 2917 1306 2983 ecclesiastico
1335 2918 1473 2985 fortasse

150 3008 344 3092 praestitum
369 3006 410 3071 ad
432 3006 675 3071 deliberandum
692 3007 732 3070 de
749 3007 950 3089 capessenda
966 3007 1036 3071 vita
1059 3006 1212 3088 religiosa
1236 3007 1395 3091 elapsum,
1420 3008 1472 3074 sed

150 3098 274 3163 frustra
297 3097 454 3179 elapsum,
479 3095 681 3177 coniugalem
708 3096 810 3160 vitam
835 3097 952 3160 ducere
977 3097 1074 3161 debet.
1127 3096 1181 3160 ll..
1206 3119 1246 3161 m.
1272 3096 1313 3171 ΙΙ,
1341 3099 1415 3164 720.

91 3227 142 3280 920
240 3203 273 3284 3)
297 3202 367 3281 Qui,
393 3201 509 3266 emisso
532 3205 610 3267 voto
628 3201 791 3267 castitatis
804 3211 985 3288 perpetuae,
1010 3201 1216 3267 nihilominus
1233 3203 1472 3269 matrimonium

150 3292 232 3364 iniit,
257 3292 350 3357 utin
374 3291 481 3374 priore
506 3312 584 3357 casu
608 3291 755 3372 graviter
778 3291 938 3374 peccavit.
979 3291 1040 3356 Sed
1066 3291 1162 3358 aliter
1185 3312 1220 3356 se
1244 3291 1345 3359 habet
1370 3294 1472 3376 quoad

150 3380 347 3446 matrimonii
360 3402 462 3445 usmn.
487 3380 573 3445 Nam
590 3401 632 3443 ex
648 3400 684 3443 se
701 3401 875 3461 numquam
893 3384 1003 3463 potest
1017 3389 1119 3465 petere
1132 3380 1276 3445 debitum
1293 3382 1472 3466 coniugale.

151 3490 254 3550 neque
277 3469 356 3533 illud
381 3470 516 3534 reddere
540 3469 804 3551 quotiescumque
828 3491 978 3553 compara
1001 3469 1060 3533 ius‘
1075 3469 1221 3536 amiserit
1245 3471 1297 3536 vel
1323 3473 1472 3553 quamdiu

151 3559 229 3623 illud
251 3559 393 3622 nondum
416 3558 626 3639 acquisiverit
649 3559 754 3641 plene.
788 3559 876 3640 Ergo
901 3561 1025 3624 abusu
1051 3559 1257 3632 matrimonii,
1282 3582 1348 3625 non
1373 3563 1473 3627 solum

151 3670 170 3712 a
186 3651 410 3712 consummato
426 3669 497 3724 usu,
514 3647 663 3713 totaliter
674 3647 841 3713 abstinere
854 3647 951 3713 debet
963 3648 997 3729 a)
1009 3670 1070 3732 per
1081 3649 1219 3732 primunr
1233 3648 1401 3725 bimestre,
1414 3672 1473 3734 quo

151 3744 298 3820 tempore
322 3757 473 3818 compara
489 3736 641 3818 erigendi
664 3736 844 3818 coniugalis
868 3737 968 3802 debiti
984 3738 1034 3801 ius
1058 3738 1247 3814 nonhabet,
1271 3739 1330 3803 sed
1346 3741 1475 3823 utrique

151 3825 279 3907 coniugi
303 3825 353 3889 ius
377 3825 532 3908 competit
554 3825 594 3889 de
619 3827 819 3909 capessendo
843 3831 934 3892 statu
958 3826 1112 3907 religioso
1141 3827 1360 3899 deliberandi:
1393 3831 1428 3912 b)
1450 3831 1474 3894 si

150 3916 236 3980 forte
267 3935 417 3998 compara
447 3935 505 3997 per
528 3914 723 3980 adulterium
747 3917 800 3980 vel
824 3916 984 3982 incestum
1013 3915 1084 3979 iure
1110 3937 1169 3980 suo
1193 3917 1344 3999 privatus
1368 3919 1475 3985 fuerit..

154 4006 272 4069 Verum
297 4004 441 4087 practice
465 4002 614 4086 expedit,
644 4004 742 4069 immo
767 4005 824 4070 vix
847 4026 910 4069 non
936 4005 1154 4070 necessarium
1183 4008 1234 4070 est
1257 4005 1299 4071 ad
1322 4009 1476 4075 evitanda

150 4094 306 4178 peccandi
330 4093 491 4177 pericula.
523 4097 560 4158 ut
584 4098 721 4173 rogetur
744 4094 784 4158 ab
808 4093 1032 4159 ecclesiastica
1055 4094 1253 4161 auctoritate
1276 4095 1476 4179 dispensatio

151 4187 272 4249 avoto
303 4182 483 4249 castitatis:
515 4203 599 4264 quae
621 4183 655 4246 in
678 4183 738 4247 hoc
763 4204 841 4247 casu
871 4184 912 4249 ab
943 4183 1093 4267 episcopo
1117 4183 1188 4249 iure
1212 4183 1378 4252 ordinario
1402 4209 1476 4253 con·

151 4273 222 4337 cedi
246 4277 371 4354 potest,
403 4272 460 4335 sed
491 4293 563 4336 cum
595 4272 800 4338 restrictione
836 4272 886 4348 ,in
916 4273 1028 4337 ordine
1058 4273 1099 4338 ad
1128 4293 1221 4338 usum
1245 4274 1474 4349 matrimonii“,

151 4362 276 4426 scilicet
305 4361 354 4426 ita
383 4366 420 4426 ut
451 4361 539 4427 licite
568 4382 632 4425 non
664 4362 767 4426 solum
793 4361 883 4426 reddi
907 4363 964 4426 sed
988 4362 1087 4426 etiam
1112 4364 1180 4445 peti
1204 4363 1309 4445 possit
1332 4365 1474 4433 debitum

152 4451 338 4530 coniugale,
370 4472 500 4514 verum:
533 4450 566 4530 a)
591 4472 628 4514 ea
654 4472 737 4531 quae
768 4451 971 4532 coniugalem
995 4451 1182 4517 castitatem
1207 4452 1352 4530 laedant,
1379 4457 1474 4522 etiam

152 4541 210 4603 sub
228 4544 305 4605 roto
329 4544 485 4604 maneant
508 4540 687 4621 prohibita;
712 4540 746 4622 b)
771 4546 816 4611 ut,
841 4541 1047 4606 matrimonio
1071 4562 1129 4623 per
1145 4541 1323 4624 compartis
1339 4551 1474 4612 mortem

152 4629 269 4694 soluto.
293 4633 405 4693 votum
431 4628 526 4710 plene
543 4629 730 4694 reviviscat.
757 4667 799 4672 —
823 4630 949 4706 Modus,
969 4630 1150 4712 quo'etiam
1167 4651 1252 4695 nunc
1269 4639 1346 4715 post
1363 4634 1475 4701 initum
