3044 5174
593 253 799 309 Sacramentum
816 255 1008 326 paenitentiae.

342 433 372 490 2⁰
393 450 467 506 quae
490 431 659 490 coniunctio
688 431 766 490 inter
794 431 921 492 dolorem
950 438 980 491 et
1001 431 1130 508 reliquas
1157 439 1259 511 partes
1287 433 1468 492 sacramenti

390 512 567 587 requiratur.

341 611 371 669 3⁰
393 609 462 685 quid
483 608 519 668 de
540 609 718 670 Wunibaldo
740 615 770 668 et
792 610 828 669 de
849 609 946 669 Odilia
967 610 1123 669 dicendum
1144 609 1192 670 sit.

734 793 869 859 Solutio.

78 945 131 999 308
230 936 283 1001 An
306 956 496 1012 Quansrrcrr
530 939 567 999 1¹²¹
590 935 628 1002 R.
656 938 684 1000 1.
726 937 816 1001 Coae.
847 935 937 1001 Trid.
971 955 1052 1000 sess.
1079 937 1136 1011 14,
1168 956 1196 1001 c.
1225 938 1245 999 4
1277 936 1318 1000 de
1347 938 1463 1020 poenit.

141 1025 235 1090 dicit:
273 1024 467 1102 ,Contritio‚
499 1045 583 1105 quae
606 1024 745 1108 primum
777 1025 882 1089 locum
911 1024 998 1089 inter
1021 1022 1126 1089 dictos
1148 1023 1350 1106 paenitentis
1373 1028 1464 1090 actus

139 1114 254 1193 habet,
280 1113 380 1180 animi
403 1114 496 1178 dolor
519 1118 553 1179 et
576 1112 754 1180 detestatio
778 1118 830 1179 est
853 1113 893 1178 de
916 1115 1051 1196 peccato
1076 1113 1267 1192 commisse,
1293 1133 1367 1178 cum
1390 1134 1463 1196 pro·

139 1203 246 1286 posito
269 1224 335 1268 non
357 1201 513 1286 peccandi
537 1202 577 1266 de
601 1206 739 1269 cetero.“
789 1201 948 1268 Contritio
979 1205 1090 1267 autem
1120 1202 1259 1267 sumitur
1288 1201 1342 1267 hic
1367 1222 1462 1284 gene·

139 1293 216 1369 rice,
240 1292 311 1358 sive
335 1292 375 1357 de
399 1291 593 1357 contritione
615 1291 765 1375 perfecta
788 1312 871 1373 quse
895 1291 1026 1375 proprie
1048 1295 1083 1357 et
1104 1311 1218 1374 presse
1240 1290 1391 1358 contritio
1408 1313 1462 1357 vo·

139 1386 251 1460 catur,
280 1381 351 1446 sive
375 1382 415 1446 de
439 1381 634 1446 contritione
656 1379 850 1463 imperiecta
873 1401 956 1461 quae
981 1379 1106 1446 attritio
1129 1378 1258 1448 dicitur.
1304 1379 1462 1447 Contritio

138 1472 196 1536 illa
219 1477 295 1538 cont
281 1471 365 1538 ttine
351 1470 449 1552 ttigi
451 1492 489 1534 ur
511 1470 632 1554 triplex
656 1470 869 1536 elementum:
901 1469 1061 1546 dolorem,
1093 1468 1366 1549 detestationem,
1390 1491 1462 1553 pro·

139 1561 298 1644 positum3
323 1582 365 1624 ex
389 1558 505 1641 quibus
529 1559 621 1624 dolor
644 1558 809 1642 respicit
800 1581 833 1623 ιιι
857 1563 992 1642 peccato
958 1558 1137 1624 tmalum
1161 1561 1198 1624 ιιι
1215 1579 1384 1660 praesens,
1410 1560 1462 1624 de·

137 1649 274 1715 testatio
299 1650 339 1713 ab
363 1648 424 1713 hoc
448 1648 522 1714 abst
523 1648 660 1713 rahita
640 1652 739 1730 tque
770 1647 903 1730 respicit
932 1652 1107 1803 peccatumt
1132 1651 1170 1713 nt
1196 1647 1243 1713 sic
1265 1649 1320 1713 vel
1344 1648 1461 1713 malurn

138 1738 265 1822 peccati
289 1743 326 1803 ut
349 1736 583 1820 praeteritum,
604 1736 810 1838 propositum
835 1735 969 1820 respicit
991 1741 1107 1820 peccat
1109 1758 1163 1801 nm
1187 1736 1294 1818 quoad
1317 1736 1460 1803 futurum

139 1831 278 1910 tempus.
325 1826 499 1891 Elementa
520 1825 610 1890 illa
601 1847 634 1890 m
658 1847 694 1890 se
724 1825 854 1908 quidem
884 1847 948 1890 non
973 1829 1051 1891 sunt
1073 1845 1207 1909 prorsus
1229 1824 1328 1891 iidem
1354 1847 1392 1891 ac
1394 1832 1461 1903 tus;

139 1937 252 1981 verum
275 1915 308 1980 in
332 1916 394 1980 hac
416 1914 487 1980 uita
510 1935 605 1979 nemo
628 1920 739 1998 potest
761 1918 897 1998 peccata
920 1937 980 1978 erro
1004 1914 1172 1992 detestari,
1197 1913 1259 1979 nisi
1282 1915 1385 1981 etiarn
1408 1916 1462 1981 do·

139 2006 207 2072 leat
231 2006 270 2071 de
294 2005 349 2081 iis,
374 2025 478 2086 neque
502 2004 542 2068 de
565 2003 605 2069 iis
630 2004 741 2069 dolere
763 2004 934 2086 quisquam
957 2007 1069 2087 potest
1092 2004 1203 2068 dolore
1226 2002 1282 2086 qni
1305 2008 1461 2070 retractet

138 2099 284 2178 peccata,
310 2093 386 2176 quin
410 2114 450 2175 ea
473 2093 671 2168 detestetnr;
697 2096 797 2175 atque
821 2093 920 2158 etiam
937 2092 1114 2159 detestatio
1130 2093 1183 2157 vel
1207 2091 1309 2173 dolor,
1334 2093 1461 2176 quando

138 2189 309 2267 peccatum
333 2189 370 2248 ut
393 2187 563 2265 peccatum
588 2182 774 2264 attingunt,
806 2180 964 2265 implicite
994 2181 1093 2247 etiam
1124 2181 1293 2249 continent
1316 2183 1461 2267 proposi·

137 2278 227 2350 tum,
260 2271 418 2353 siquidem
449 2275 619 2353 peccatum
652 2271 722 2336 sive
745 2270 958 2355 praeteritum
983 2270 1053 2335 sive
1076 2270 1222 2336 futurum
1245 2270 1279 2335 in
1303 2277 1461 2356 conceptu

138 2383 196 2426 suo
227 2360 313 2425 idem
344 2359 422 2425 dicit
452 2360 574 2424 malum
603 2361 727 2426 morale
758 2360 959 2441 eandemque
988 2360 1088 2425 habet
1119 2359 1347 2427 odibilitatem.
1394 2362 1460 2426 La-

139 2449 257 2515 croix
281 2449 336 2526 VI,
362 2451 391 2524 2,
416 2470 447 2513 n.
474 2452 548 2514 656.

74 2569 128 2623 309
228 2554 266 2619 R.
293 2557 322 2619 2.
354 2552 538 2629 Qualitates
554 2558 663 2620 autem
679 2553 882 2620 contritionis
906 2553 1120 2619 communiter
1134 2559 1371 2621 enumerantur
1385 2556 1460 2621 hae:

142 2644 173 2725 l)
197 2649 235 2709 ut
258 2642 302 2709 sit
325 2642 478 2708 contritio
501 2665 586 2725 cero,
611 2663 675 2707 non
699 2643 900 2708 solummodo
917 2643 1117 2709 existimata.
1149 2642 1312 2708 Nimirum
1329 2645 1460 2710 fuerunt

138 2733 193 2814 qui
225 2732 258 2796 in
282 2735 487 2796 sacramento
517 2735 672 2815 putarent
702 2731 852 2796 sufficere
883 2731 1111 2797 contritionem
1134 2730 1376 2808 existimatam
1408 2736 1461 2799 de·

137 2825 261 2887 fectum
293 2820 380 2886 forte
412 2826 636 2886 occurrentem
666 2820 811 2903 suppleri
834 2841 894 2904 per
923 2821 1162 2886 absolutionem
1186 2823 1459 2889 sacramentalem

138 2932 180 2976 ex
204 2931 302 2994 opere
318 2914 464 2993 operato.
496 2909 568 2974 Hoc
584 2914 694 2975 tamen
710 2910 839 2975 nonita
862 2910 1107 2992 intellegebant,
1132 2910 1226 2993 quasi
1241 2911 1348 2976 omnis
1372 2912 1461 2978 dolor

137 3004 250 3084 posset
273 3000 387 3064 abesse
411 2997 625 3083 (impossibile
648 2997 733 3062 enim
757 3003 808 3064 est
830 2999 992 3064 hominem
1016 2999 1207 3065 existimare
1229 3019 1266 3065 se
1290 3000 1411 3080 dolere,
1435 3003 1460 3066 si

139 3090 325 3154 nullatenus
349 3088 467 3169 dolet),
499 3088 557 3153 sed
588 3087 629 3152 de
659 3086 789 3153 defectu
813 3088 1035 3154 condicionum
1060 3092 1094 3153 et
1123 3088 1320 3170 qualitatum
1344 3111 1405 3174 per
1426 3111 1460 3155 se

138 3178 406 3253 necessariarum,
431 3177 479 3242 ita
495 3182 532 3241 ut
549 3181 720 3242 censerent
735 3176 886 3242 sufficere
909 3177 1163 3244 detestationem
1187 3178 1383 3262 inefficacem
1406 3200 1459 3245 seu

140 3271 329 3349 cetteitotem,
353 3266 381 3330 si
397 3266 526 3348 quando
542 3269 676 3349 putaret
696 3265 868 3349 paenitens
891 3288 926 3331 se
942 3266 1108 3331 efficacem
1123 3266 1331 3333 voluntatem
1348 3273 1459 3334 contra

138 3362 252 3439 peccat
251 3377 308 3420 um
331 3355 468 3429 habere;
494 3355 549 3420 alii
565 3375 644 3419 vero
668 3357 845 3422 censebant
861 3356 981 3438 requiri
997 3355 1241 3511 persuasionem
1264 3361 1459 3424 contritionis

135 3447 305 3529 perfectae,
323 3450 356 3510 et
358 3466 385 3509 sr
342 3445 469 3510 t'tfor
455 3449 487 3509 te
504 3468 539 3509 re
554 3443 753 3509 haereatur
744 3466 777 3508 ιιι
794 3446 977 3530 imperfecto
995 3444 1208 3511 contritione:
1232 3445 1458 3513 Ballerini·

139 3534 259 3599 Palm
285 3534 305 3598 l.
338 3555 365 3599 c
396 3555 427 3598 n
460 3536 544 3597 51-
550 3535 590 3598 76
622 3554 694 3598 cum
724 3539 812 3600 nota
860 3533 922 3599 Sed
952 3534 1015 3599 hae
1033 3533 1212 3689 topiniones
1242 3535 1374 3601 omnino
1406 3537 1459 3602 ob·

137 3623 262 3688 solatae
286 3627 372 3688 sunt
348 3623 463 3687 tEt
486 3643 604 3687 revera
627 3622 714 3688 exist
715 3622 796 3688 imat
797 3622 828 3687 io
781 3622 963 3688 tnihil
954 3628 1057 3698 mvta,
1082 3623 1109 3687 si
1134 3628 1188 3689 act
1189 3644 1227 3688 us
1173 3623 1307 3690 tille
1330 3647 1367 3690 re
1366 3626 1459 3713 ipsa

137 3733 210 3776 cnm
233 3711 426 3777 necessariis
450 3712 517 3776 suis
541 3711 645 3813 qualit
631 3711 755 3777 tatibus
778 3713 888 3790 deest,
920 3733 1014 3793 quern
1041 3714 1132 3778 Cone.
1162 3713 1252 3780 Tria
1276 3713 1299 3778 l.
1324 3735 1352 3780 c.
1385 3715 1459 3780 dicit

141 3801 274 3882 ,quouis
297 3807 444 3884 tempore
474 3801 554 3866 ad
546 3801 785 3884 impetrandam
815 3801 945 3866 veniam
976 3805 1189 3964 peccatorum
1208 3803 1455 3872 necessarinmf‘

227 3899 260 3980 2)
284 3898 473 3979 Requiritur
495 3903 533 3964 ut
556 3899 707 3964 contritio
732 3898 775 3964 sit
798 3898 991 3975 formalis,'
982 3921 991 3963 1
995 3903 1031 3964 a
1053 3903 1090 3964 u
1113 3898 1244 3964 minime
1267 3906 1396 3968 certum
1419 3901 1459 3966 sit

136 3987 287 4053 sufficere
311 3988 485 4054 virtualem
509 3988 652 4053 dolorem
683 3988 716 4053 in
739 3987 906 4071 proposito
930 3993 1118 4054 contentum
1142 3988 1195 4053 vel
1219 3988 1252 4053 in
1276 3994 1354 4056 actu
1379 3989 1459 4057 cari·

134 4077 216 4142 tatis
239 4076 316 4141 Dei:
348 4080 493 4142 ceterum
524 4078 577 4159 qui
607 4077 733 4161 peccati
764 4076 927 4142 commissi
957 4078 1108 4142 recordat
1093 4081 1147 4142 tus
1177 4081 1286 4143 actum
1311 4080 1458 4146 caritatis

136 4166 240 4242 elicit,
274 4188 337 4231 non
361 4169 418 4249 pot
419 4170 486 4242 est,
455 4167 649 4232 tmoralit
634 4171 686 4232 ter
708 4167 886 4248 loquend0‚
915 4188 979 4231 non
1003 4167 1120 4231 chaere
1144 4166 1328 4267 formaliter
1352 4176 1457 4236 actum

136 4255 359 4338 displicentiae
391 4260 424 4321 et
410 4255 575 4321 tdoloris
603 4255 642 4319 de
665 4260 810 4337 peccato.
857 4256 933 4320 Rat
909 4260 955 4320 tro
979 4277 1037 4320 cm·
1061 4261 1164 4321 contri
1157 4255 1212 4322 tio
1234 4257 1388 4339 ferreolis
1409 4279 1457 4323 re·

135 4345 293 4499 alpriratur
317 4349 368 4410 est
365 4344 675 4509 quialpontritim
711 4345 846 4410 docente
870 4345 1034 4420 Ecclesia,
1068 4349 1119 4411 est
1147 4367 1226 4429 pora
1256 4350 1457 4413 sacramenti.

172 4439 241 4499 eut
250 4456 308 4506 er,
337 4437 393 4500 Τιι
418 4457 449 4497 ιιι
565 4436 626 4498 24(

225 4535 258 4613 3)
294 4531 442 4613 Requirit
443 4553 482 4593 nr
516 4535 553 4596 ut
589 4531 740 4596 contritio
775 4532 817 4596 sit
852 4531 1130 4614 supernatu1·aliS‚
1165 4533 1186 4598 i.
1222 4553 1250 4600 a.
1287 4554 1350 4617 ope
1384 4555 1457 4617 gra·

135 4619 201 4684 tiae
234 4642 276 4685 ex
309 4622 431 4686 motivo
463 4619 538 4684 fidei
570 4621 737 4702 proposito
770 4620 921 4698 oriunda,
956 4625 992 4686 ut
1026 4620 1178 4686 videlicet
1209 4621 1253 4686 sit
1286 4628 1365 4706 apta
1396 4624 1457 4688 dis-
