3044 5174
142 275 208 339 548
610 272 814 328 Sacramentum
832 272 1004 327 matrimonii.

142 449 259 516 validis
298 450 515 536 sponsalibus,
554 471 574 515 a
609 450 725 533 quibus
762 454 890 527 tamen,
931 449 1094 534 completa
1128 450 1313 534 pubertatis
1348 455 1471 529 aetate,

143 539 314 694 611661641θὲ
334 539 423 693 161626
453 538 596 606 triduum
630 539 755 604 resilire
787 544 906 624 potest.
960 538 1007 605 cf.
1043 541 1099 606 Tb.
1125 562 1165 606 m.
1196 539 1245 617 ΙΙ,
1277 542 1354 607 662.
1388 543 1470 615 748;

143 649 192 712 cp.
361 678 368 706 ,
418 681 439 701 .,

79 748 132 804 955
232 734 271 802 R.
288 737 318 801 4.
356 736 406 800 Ab
429 735 485 800 illo
508 735 739 819 impedimento
763 733 894 813 aetatis,
919 735 1048 816 quando
1072 733 1198 801 malitia
1221 756 1279 801 seu
1295 735 1472 820 prudentia

142 827 287 890 aetatem
312 825 453 889 nondum
476 825 617 908 supplet,
642 823 732 889 solus
755 844 899 888 summus
922 823 1073 908 pontifex
1096 824 1286 906 dispensare
1309 829 1471 910 potestat

143 912 312 996 dispensat
334 912 508 995 aliquando
524 915 560 978 ob
577 913 692 978 bouum
705 916 797 998 pacis
812 913 899 978 inter
914 912 1085 997 principes.
1127 913 1160 978 Si
1176 914 1304 979 malitia
1320 917 1471 980 videatur

143 1002 295 1086 supplere
330 1006 491 1079 aetatem,
528 1002 670 1087 episcopi
706 1005 757 1067 est
790 1001 935 1068 iudicare
969 1008 1003 1068 et
1037 1002 1245 1086 permittere,
1282 1007 1321 1068 ut
1356 1004 1471 1070 matri·

142 1092 285 1156 monium
315 1125 360 1136 -
389 1091 475 1174 quod
507 1094 576 1156 tum
608 1090 753 1156 validum
786 1090 849 1156 erit
878 1126 922 1136 -
952 1091 1175 1159 contrahatur.
1223 1091 1271 1157 cf.
1303 1092 1470 1159 Rcsset

143 1201 194 1264 op.
219 1181 240 1246 l.
265 1201 297 1245 n.
324 1182 409 1246 1510
425 1201 492 1262 sq.;
522 1182 577 1246 lb.
602 1203 642 1247 m.
667 1180 708 1257 II,
735 1181 809 1245 748.

232 1305 284 1369 An
301 1324 491 1380 onaasmuu
508 1307 547 1368 2¹¹
570 1303 608 1370 R.
629 1307 657 1371 1.
696 1302 763 1368 Vix
786 1304 949 1386 completa
972 1307 1084 1370 aetate
1107 1302 1149 1369 ab
1164 1303 1314 1369 Ecclesia
1330 1307 1470 1382 statuta,

142 1393 284 1458 nondum
314 1394 351 1458 fit
381 1399 418 1460 ut
440 1397 522 1459 licite
551 1393 625 1458 iniri
655 1392 758 1476 possit
788 1391 1040 1458 matrimonium.
1080 1392 1166 1458 Nam
1190 1413 1270 1457 sane
1294 1413 1334 1458 ea
1358 1397 1471 1460 aetate

141 1502 206 1546 non
231 1482 349 1565 ubique
372 1482 438 1548 iam
461 1483 556 1548 adest
579 1482 721 1548 facultas
745 1481 921 1563 generandi
946 1481 1115 1564 expedita;
1140 1501 1265 1560 verum,
1291 1485 1469 1565 antequam

142 1571 370 1655 nupturientes
393 1571 427 1636 in
451 1593 490 1637 ea
510 1571 699 1637 condicione
715 1571 791 1648 sint,
816 1570 1010 1636 contrahere
1029 1576 1064 1637 et
1080 1569 1269 1636 cohabitare
1285 1573 1469 1653 generatim

142 1681 207 1725 666
230 1660 318 1726 licet.

230 1767 268 1832 a.
295 1771 324 1833 2.
370 1767 487 1851 Neque
511 1768 694 1832 consultum
718 1770 769 1832 est
792 1770 904 1832 aetate
927 1766 1081 1831 debiliore
1103 1766 1315 1846 contrahere,
1351 1766 1468 1833 etiarn-

141 1855 170 1921 si
202 1857 351 1922 absolute
384 1856 453 1922 fieri
488 1861 617 1940 potest;
654 1876 851 1938 quamquam
887 1876 992 1938 66666
1025 1855 1159 1938 expedit
1190 1861 1334 1922 aetatem
1372 1856 1469 1922 nimis

141 1949 333 2101 pgpgtcectam
365 1950 574 2028 exspectare,
608 1944 694 2027 quod
727 1965 806 2009 sane
836 1944 929 2009 bonis
959 1943 1102 2009 moribus
1135 1945 1370 2010 conservandis
1402 1966 1468 2010 non

77 2160 131 2216 956
222 2157 554 2233 (166666616663ιιι
581 2156 619 2223 R.
647 2159 673 2223 l.
721 2156 858 2222 Factum
892 2155 1125 2239 deplorandum
1156 2155 1299 2222 ostendit
1330 2178 1467 2241 puerum

141 2250 175 2312 et
206 2246 349 2330 puellam
382 2246 483 2311 fuisse
516 2266 593 2310 vere
624 2245 769 2313 nubiles:
805 2249 1005 2328 quapropter
1040 2245 1080 2309 de
1112 2244 1331 2328 possibilitate
1366 2246 1468 2312 validi

140 2336 338 2401 matrimonii
371 2334 457 2400 inter
489 2355 544 2399 eos
575 2334 701 2399 oriundi
735 2334 876 2399 dubitari
907 2355 972 2398 non
1001 2337 1121 2416 potest.
1176 2333 1335 2400 Parentes
1367 2335 1469 2417 igitur

141 2425 271 2489 omnino
295 2423 484 2507 prohibendi
507 2427 584 2488 sunt
613 2444 653 2487 ne
681 2443 899 2506 praepropere
921 2424 973 2488 vel
998 2422 1084 2488 omni
1108 2428 1227 2489 couatu
1250 2422 1330 2488 illud
1351 2425 1467 2491 matri·

140 2512 283 2579 monium
307 2512 447 2578 civiliter
471 2512 710 2576 dissolvendum
735 2515 881 2588 tentent,
910 2533 983 2577 cum
1006 2511 1093 2578 forte
1116 2533 1225 2577 coram
1250 2512 1401 2579 Ecclesia
1424 2514 1470 2580 sit

139 2601 295 2667 validum.
342 2600 434 2677 Quod
457 2605 624 2666 tentamen
648 2622 669 2666 a
691 2601 786 2683 gravi
811 2601 945 2666 crimine
968 2600 1111 2666 immune
1134 2621 1199 2665 non
1223 2601 1333 2668 fuerit.

228 2708 267 2774 R.
294 2710 323 2773 2.
363 2707 411 2771 Re
440 2706 512 2790 ipsa
536 2707 667 2789 Sylvius
698 2712 732 2773 et
755 2707 871 2772 Catule
901 2706 988 2772 inter
1014 2728 1050 2772 se
1074 2707 1227 2791 privatim
1252 2713 1353 2790 atque
1378 2709 1469 2775 clan-

139 2797 267 2863 destino
284 2817 442 2862 consensu
458 2796 698 2861 matrimonium
716 2800 961 2874 contraxerunt,
980 2799 1008 2861 si
1020 2802 1054 2863 et
1065 2796 1127 2880 ipsi
1140 2818 1253 2861 verum
1267 2805 1301 2863 et
1317 2803 1467 2863 mutuum

140 2908 333 2953 consensum
358 2886 525 2962 dederunt,
551 2888 584 2950 et
603 2885 752 2950 Ecclesia
775 2906 848 2950 eum
871 2886 945 2967 lege
969 2906 1029 2950 sua
1048 2886 1192 2951 validum
1215 2886 1338 2952 habuit.
1380 2888 1469 2965 Qua·

138 2982 273 3060 propter
304 2975 406 3040 videri
436 2975 549 3053 debet,
581 2995 646 3039 non
675 2976 780 3039 solum
806 2976 838 3055 l)
862 2996 938 3039 num
962 2996 1075 3039 verum
1100 2995 1293 3040 consensum
1317 2982 1468 3042 mutuum

138 3066 200 3131 sibi
224 3065 373 3131 dederint
396 3065 436 3130 de
459 3064 634 3147 praesenti,
663 3064 721 3128 sed
745 3063 844 3141 etiam
869 3065 903 3147 2)
927 3067 1036 3128 utrum
1060 3084 1238 3128 consensus
1262 3065 1467 3132 clandestine

139 3155 236 3220 datus
270 3153 428 3230 sufficiat,
462 3174 504 3217 an
539 3153 594 3217 lex
618 3152 810 3218 Tridentino
841 3153 880 3217 de
911 3153 1175 3219 clandestinitate
1210 3154 1314 3218 valeri
1346 3156 1467 3222 obstet.

139 3243 286 3308 Priorem
309 3242 532 3325 quaestionem
555 3242 719 3308 enarratio
736 3263 832 3306 casus
848 3243 1010 3318 affirmat3
1036 3249 1069 3307 et
1091 3242 1153 3306 nisi
1170 3242 1310 3324 diligens
1327 3264 1468 3309 examen

139 3331 339 3397 contrarium
364 3333 496 3410 evicerit,
520 3331 594 3395 huIc
618 3336 775 3396 externae
799 3331 1013 3414 apparentiae
1032 3331 1185 3397 standum
1201 3335 1261 3397 est.
1299 3332 1468 3399 Posterior

139 3421 288 3504 quaestio
320 3420 416 3485 facile
448 3420 587 3484 solvitur
624 3441 665 3484 ex
703 3441 741 3484 66
772 3421 858 3502 quod
892 3421 1002 3502 agitur
1035 3420 1074 3485 de
1105 3419 1313 3486 matrimonio
1349 3423 1465 3489 mixto.

138 3510 224 3575 Utut
254 3509 338 3572 enim
363 3508 395 3572 in
419 3510 507 3585 1666,
533 3509 572 3573 (16
596 3530 659 3590 666
684 3509 808 3590 agitur,
842 3510 896 3574 lex
921 3509 1112 3575 Tridentina
1135 3509 1174 3575 de
1198 3510 1467 3578 clandestinitate

138 3599 305 3683 publicata
329 3601 388 3673 est,
414 3619 472 3681 pro
496 3597 608 3662 mixtis
631 3598 846 3663 matrimoniis
869 3620 927 3682 pro
943 3602 1015 3664 tota
1035 3597 1265 3664 archidioecesi
1281 3598 1466 3666 Coloniensi

138 3709 212 3753 cum
235 3687 452 3767 suffraganeis
471 3686 566 3750 huius
582 3686 769 3770 provinciae
786 3686 1028 3752 ecclesiasticae
1045 3687 1246 3752 dioecesibus
1263 3687 1466 3770 dispensatio

138 3779 180 3843 ab
210 3777 271 3841 hac
299 3776 372 3857 lege
401 3797 460 3859 per
483 3774 576 3839 Pium
600 3776 679 3841 VIII
703 3776 793 3842 facta
818 3781 878 3842 est.
903 3811 947 3819 -
970 3777 1072 3851 Hinc,
1098 3776 1160 3841 nisi
1184 3776 1332 3842 defectus
1356 3778 1465 3844 inten-

137 3866 237 3933 tionis
267 3866 389 3930 invicte
413 3865 622 3941 ostendatur,
653 3865 782 3929 omnino
807 3871 897 3930 recte
921 3865 1004 3930 dixit
1029 3866 1189 3948 parochus
1220 3865 1464 3933 matrimonium

138 3956 234 4033 illud,
269 3958 384 4038 utpote
417 3953 531 4020 illicite
562 3954 692 4035 quidem
724 3955 781 4019 sed
814 3955 922 4020 valide
953 3958 1175 4033 contractum,
1206 3954 1290 4019 solvi
1324 3958 1466 4041 amplius

139 4066 205 4109 666
228 4065 333 4128 posse.

626 4183 769 4250 AETAS
793 4185 969 4252 SENILIS.

699 4333 808 4400 Casus.
828 4342 903 4409 (273)

229 4473 332 4540 0dilo,
354 4474 416 4531 fere
439 4473 701 4550 septuagenarius,
731 4494 823 4533 uxore
845 4495 882 4532 ex
904 4495 961 4549 qua
983 4475 1041 4533 iam
1063 4494 1080 4532 a
1104 4475 1140 4531 15
1163 4473 1249 4531 annis
1270 4475 1383 4549 prolem
1405 4495 1464 4534 non

138 4559 283 4629 genuerat
314 4553 468 4625 defuncta,
498 4555 533 4611 (16
561 4571 638 4611 novo
670 4555 782 4628 cogitat
802 4555 987 4614 matrimonio
1010 4575 1074 4614 cum
1097 4554 1186 4612 vidua
1207 4553 1329 4613 iuvenili
1353 4558 1391 4614 30
1414 4576 1464 4615 an·

136 4653 250 4694 norum.
295 4632 445 4692 Perochus
467 4632 619 4692 dissuadet
640 4642 760 4710 propter
780 4636 935 4694 ludibrium
958 4636 1005 4694 cui
1029 4656 1077 4695 res
1092 4639 1267 4712 exponatur,
1288 4654 1386 4712 neque
1406 4637 1465 4697 sibi
