3044 5174
159 280 202 344 44
627 276 668 332 Da
685 281 857 333 sacramento
874 277 1011 349 baptismi.

159 454 308 539 professi.
341 453 462 532 Quodsi
477 453 540 520 hae
556 452 772 519 caerimoniae
788 453 996 519 offensionem
1014 475 1128 520 creare
1142 459 1290 539 possunt,
1307 457 1484 522 curandum

158 548 211 610 ,est
249 547 287 609 ut
323 543 512 609 obtineatur
548 542 756 627 privilegium
794 543 826 608 S.
863 543 955 610 Sedis
992 545 1047 608 vel
1081 564 1140 627 pro
1178 544 1371 629 particulari
1410 567 1484 612 casu

160 633 361 716 dispensatio
384 631 564 710 Ordinarii,
595 632 649 715 qui
679 632 899 716 praescribat,
929 637 1028 717 prout
1056 633 1118 698 sibi
1148 633 1255 699 visum
1285 633 1403 712 fucrit,
1434 638 1483 702 vel

160 722 429 789 caerimoniarum
446 724 653 805 omissionem,
676 722 732 787 vel
746 743 841 787 usum
857 742 969 787 earum
985 743 1069 805 quae
1084 726 1259 790 occurrant
1274 723 1307 788 in
1323 723 1483 808 baptismo

160 811 344 879 infantium.
395 812 451 879 Th.
475 834 517 877 m.
541 811 582 887 11,
608 813 660 877 69.

314 1011 521 1078 BAPTISMI
545 1010 787 1078 SAGRHAEGA
809 1010 1018 1077 ITERATIO
1043 1010 1335 1080 IMPEDOENDA.

730 1152 840 1220 Casus.
859 1160 917 1229 (21)

250 1294 361 1353 Thecla
382 1295 450 1354 iniit
469 1295 685 1355 matrimonium
708 1295 832 1354 mixtum
854 1314 920 1354 cum
934 1295 1060 1354 cautelis
1081 1297 1118 1353 ab
1132 1294 1268 1355 Ecclesia
1281 1297 1481 1375 praescriptis.
1521 1328 1522 1371 p

161 1373 279 1446 Verum,
301 1381 372 1435 nato
393 1376 487 1452 primo
507 1374 622 1435 infante
643 1395 743 1452 puero,
765 1380 852 1452 pater
871 1394 931 1434 non
944 1376 1010 1434 vult
1030 1373 1184 1452 promissis
1206 1379 1304 1447 stare,
1320 1376 1373 1436 sed
1394 1377 1482 1438 instat

160 1455 352 1514 vehementer
383 1461 418 1514 ut
444 1455 580 1515 minister
611 1460 782 1532 protestans
810 1454 946 1516 conferat
969 1455 1163 1532 baptismum,
1191 1455 1235 1514 ita
1263 1461 1297 1515 ut
1324 1456 1424 1517 omnia
1451 1458 1480 1517 ti·
1519 1414 1522 1554 l

161 1534 267 1594 menda
287 1535 349 1594 sint
369 1536 427 1595 nisi
448 1556 524 1595 uxor
541 1536 719 1612 acquiescat.
749 1534 831 1604 Quae
846 1554 911 1594 cum
926 1535 1082 1611 angustias
1096 1555 1167 1595 suas
1182 1542 1347 1612 exponeret
1360 1537 1480 1608 vicinae,
1521 1561 1522 1578 2

160 1614 235 1673 haec
256 1635 314 1674 non
336 1615 462 1692 impigra
483 1617 585 1676 statim
606 1616 697 1676 sumit
718 1635 823 1691 aquam
845 1621 875 1675 et
894 1616 961 1692 ipsa
981 1616 1135 1693 puerulum
1165 1617 1308 1693 baptizat.
1349 1617 1481 1678 Attoniti
1512 1622 1519 1661 ³

161 1695 273 1754 Thecla
293 1695 383 1755 etiarn
403 1696 529 1756 maiores
551 1697 664 1773 patitur
677 1696 848 1772 angustiam
869 1715 947 1765 nam,
970 1696 997 1754 si
1016 1696 1073 1756 hoc
1087 1696 1151 1755 viro
1165 1716 1219 1755 auo
1239 1697 1481 1766 manifestaverit,
1520 1759 1522 1766 ,

161 1775 191 1834 ἰιι
219 1777 348 1835 furorem
375 1781 523 1848 vertetur,
552 1777 579 1835 si
607 1776 738 1849 siluerit,
769 1776 886 1835 videtur
906 1776 964 1835 sibi
992 1794 1044 1835 rea
1065 1795 1133 1835 esse
1160 1776 1327 1852 sacrilegae
1348 1778 1480 1856 baptismi
1517 1790 1522 1856 l

160 1855 328 1916 iterationis
350 1876 435 1933 quam
458 1875 511 1934 per
531 1857 696 1916 ministrum
719 1855 914 1916 acatholicum
936 1863 1041 1934 postea
1061 1861 1237 1933 peracturus
1258 1856 1307 1917 sit.
1517 1863 1522 1872 '

161 1978 338 2048 Qusanrrua
361 1983 388 2037 1ο
408 1998 477 2038 num
498 1985 580 2039 recte
601 1985 700 2039 actum
721 1979 761 2039 sit
791 1999 856 2039 oum
878 1979 1044 2040 acatholico
1064 1980 1212 2056 baptismo
1233 2000 1287 2057 per
1307 1982 1478 2059 baptismum
1515 2027 1522 2050 ἢ

407 2060 554 2136 privatum
576 2060 617 2119 sit
637 2066 839 2136 praeventum.

356 2159 386 2215 2ο
406 2178 477 2217 num
498 2158 564 2235 ipsa
585 2159 697 2218 Thecla
717 2158 760 2217 ita
780 2177 869 2233 agere
890 2158 1026 2234 potuerit.

358 2257 389 2314 3ο
409 2261 507 2315 utrum
529 2256 637 2316 debeat
656 2257 834 2332 baptismum
856 2256 1050 2316 manifestare
1071 2276 1109 2314 au
1131 2256 1219 2316 silere
1240 2257 1346 2334 possit

754 2437 889 2506 Salutio.

117 2600 149 2652 71
249 2582 302 2647 An
318 2601 510 2657 Quaasrrun
529 2584 565 2645 lm
583 2579 622 2647 R.
642 2582 670 2648 1.
707 2579 783 2646 Sine
798 2581 865 2645 ullo
882 2579 978 2645 dubio
994 2580 1044 2645 ius
1060 2585 1133 2647 erat
1148 2579 1309 2647 infantem
1325 2582 1476 2649 catholice
1507 2557 1515 2619 .'

160 2670 364 2754 baptizandi,
394 2670 508 2752 idque,
539 2669 567 2735 si
597 2669 710 2735 vocari
739 2690 814 2734 non.
832 2672 966 2761 poterat
995 2669 1148 2735 sacerdos
1178 2691 1283 2752 neque
1313 2670 1476 2738 infausiu

161 2760 332 2825 ecclesiam
355 2759 538 2837 transferri,
563 2758 663 2825 etiam
686 2759 849 2842 baptismo
871 2759 1013 2843 privato.

250 2867 289 2931 R.
307 2869 336 2932 2.
372 2866 428 2930 Ius
446 2869 554 2932 autem
573 2870 645 2931 erat
662 2866 748 2949 apud
763 2869 927 2950 parentes,
951 2866 985 2931 iu
1001 2869 1114 2932 nostro
1130 2886 1209 2931 casu
1225 2867 1313 2950 apud
1327 2871 1476 2942 matrem
1504 2826 1512 2951 Ι

161 2975 245 3037 quae
275 2955 302 3019 si
333 2955 448 3021 annuit
478 2958 512 3021 et
539 2955 734 3021 catholicam
758 2955 984 3021 educationem
1015 2977 1074 3039 pro
1103 2976 1201 3038 posse
1230 2976 1409 3039 procurare
1429 2976 1477 3022 vo
1506 2960 1521 3002 ’-

160 3044 238 3121 luit,
275 3043 410 3127 quilibet
444 3044 514 3109 eius
543 3048 657 3110 votum
687 3048 819 3128 poterat
849 3045 994 3127 implere.
1048 3044 1133 3109 Hinc
1162 3044 1271 3111 vicina
1300 3045 1360 3112 illa
1389 3047 1477 3132 paule
1512 3040 1515 3044 ⁴

161 3133 299 3199 celerius
329 3134 459 3216 quidem
490 3135 559 3199 zelo
589 3134 728 3216 abrepta
751 3153 820 3198 rem
843 3139 1001 3200 exsecuta
1023 3139 1091 3209 est;
1122 3136 1271 3200 attamen
1302 3135 1386 3201 hene
1409 3134 1478 3219 egit,

160 3223 188 3288 si
219 3223 259 3287 de
282 3244 443 3289 consensu
472 3223 587 3288 matris
617 3223 682 3288 iam
712 3227 804 3288 certa
828 3223 1029 3288 solummodo
1059 3224 1107 3289 ita
1129 3243 1199 3288 rem
1222 3223 1425 3292 acceleravit
1445 3244 1479 3290 ue

160 3316 291 3395 tempus
314 3312 469 3396 perderet
490 3333 574 3377 neve
597 3312 700 3377 tricas
722 3311 827 3396 patris
850 3312 992 3377 fortasse
1015 3312 1170 3379 intrantis
1193 3317 1375 3397 pateretur.

118 3452 151 3504 72
249 3435 303 3500 An
326 3456 517 3512 ouansrruu
542 3439 580 3500 2¹²²
603 3436 642 3502 R.
678 3435 766 3519 Lege
789 3435 1012 3501 ecclesiastica
1035 3440 1166 3502 cautum
1182 3438 1234 3501 est
1256 3457 1298 3501 ne
1321 3442 1479 3521 parentes,
1511 3421 1522 3503 l

161 3529 301 3609 excepto
324 3546 403 3590 casu
426 3546 572 3590 summae
586 3524 803 3603 necessitatis,
827 3525 993 3609 propriam
1009 3525 1133 3609 prolem
1149 3525 1319 3610 baptizent
1334 3531 1436 3610 atque
1448 3529 1480 3595 ut

161 3613 223 3679 hoc
245 3615 315 3698 ipso
331 3613 468 3681 interae
485 3615 711 3696 cognationem
729 3614 933 3698 spiritualem
950 3615 1155 3691 contrahant,
1181 3636 1264 3697 quae
1280 3614 1481 3682 matrimonio
1520 3683 1522 3686 Α

162 3704 274 3769 eiusve
297 3702 369 3768 usui
393 3703 437 3769 sit
460 3703 700 3787 impedimento.
748 3703 982 3782 Nihilominus,
1014 3704 1178 3786 quianon
1201 3708 1335 3770 constat
1359 3705 1482 3790 reipsa
1506 3704 1513 3843 Ἰ

162 3793 349 3858 etiamnunc
385 3792 488 3858 creari
526 3792 791 3877 impedimentum
831 3814 894 3875 quo
928 3803 1001 3880 post
1038 3796 1209 3879 legitimum
1246 3797 1482 3861 matrimonium

162 3882 390 3948 abstinendum
422 3881 466 3948 sit
499 3882 540 3947 ab
573 3882 642 3947 eius
674 3903 751 3961 usu,
786 3881 814 3946 si
848 3881 930 3947 alius
963 3881 1045 3948 satis
1077 3887 1149 3949 tuto
1182 3882 1223 3947 ad
1254 3883 1483 3967 baptizandum
1509 3886 1512 3891 '

161 3972 273 4037 vocari
297 3971 350 4035 vel
375 3971 560 4055 exspectari
583 3971 706 4053 nequit,
734 3971 864 4055 parenti
887 3971 957 4036 sine
981 3972 1046 4036 ullo
1070 3971 1222 4055 scrupulo
1245 3992 1338 4038 suam
1364 3974 1484 4058 prolem

161 4060 272 4126 licebit
295 4059 472 4144 baptizare.
508 4059 600 4138 Quod
622 4060 656 4125 in
672 4082 750 4126 casu
766 4064 879 4126 nostro
903 4061 1000 4127 facile
1016 4065 1148 4144 poterat
1163 4061 1320 4141 accidere,
1345 4064 1485 4129 maxime

161 4150 190 4215 si
212 4150 299 4217 forte
322 4150 515 4233 praestabat
538 4171 606 4215 rem
630 4150 760 4215 omnino
776 4155 938 4216 secretam
954 4155 1067 4216 tenere
1082 4171 1188 4233 neque
1204 4150 1359 4216 Theclam
1378 4173 1485 4235 quem·

162 4260 260 4321 quam
283 4239 405 4304 habere
428 4238 482 4322 qui
506 4239 553 4303 rei
577 4243 666 4305 esset
689 4239 845 4306 conscius.

119 4380 152 4432 73
252 4365 304 4429 An
320 4383 511 4438 ouansrruu
528 4367 567 4428 3¹¹³
582 4364 622 4431 R.
639 4367 666 4430 1.
698 4364 761 4428 Per
776 4384 812 4428 se
828 4363 957 4445 quidem
973 4362 1176 4429 manifestari
1193 4363 1291 4428 debet
1306 4363 1487 4449 baptismus

161 4451 224 4517 rite
255 4453 402 4518 collatus.
455 4451 565 4534 Atque
595 4453 655 4517 hoc
684 4452 843 4536 imprimis
872 4453 1002 4535 urgebit
1031 4453 1059 4516 si
1091 4453 1176 4518 forte
1206 4453 1248 4517 ab
1278 4473 1317 4518 eo
1348 4455 1489 4538 pendeat

164 4541 326 4607 catholica
349 4541 486 4607 infantis
510 4543 659 4607 educatio
683 4542 811 4616 futura;
836 4542 892 4606 sed
918 4542 1017 4607 etiam
1033 4563 1073 4606 ne
1089 4563 1170 4607 ansa
1193 4541 1290 4608 detur
1306 4545 1489 4628 sacrilegae

162 4630 366 4712 repetitionis
390 4630 553 4726 baptismi.
