3044 5174
136 274 199 339 136
656 268 696 323 De
714 285 752 323 ss.
770 268 940 324 eucharistia.

135 450 265 534 speciali
279 445 452 531 privilegio
469 446 565 512 debet
581 467 653 512 esse
669 466 868 520 concessum,
893 445 989 513 sicuti
1004 445 1179 528 aliquando
1195 446 1303 513 datur.
1337 447 1458 513 Exem-

136 538 225 622 plum
249 536 350 603 habes
369 556 412 602 ex
434 534 642 602 concessione
657 535 775 601 Leonis
791 534 869 600 XIII
892 555 952 618 pro
974 555 1076 618 regno
1098 535 1282 602 Maxicano.
1314 535 1364 604 Cf.
1380 539 1459 602 Acta

136 628 169 695 S.
194 628 287 693 Sedis
310 625 427 704 XXIX,
452 627 492 690 91
511 646 559 707 sq.

73 752 126 807 235
224 740 277 805 Au
307 759 499 816 ouaasrrun
530 741 569 804 3¹¹
591 738 631 805 R.
665 741 693 804 l.
740 737 961 804 Theudoricus
989 737 1024 803 in
1052 736 1326 822 interpretatione
1356 739 1467 806 facul.

135 829 217 896 tatis
250 829 393 904 fallitur·;
426 828 507 894 haec
539 827 624 892 enim
658 826 799 894 facultas
828 847 893 892 non
924 831 975 893 est
1003 826 1211 911 privilegium
1240 827 1302 894 sibi
1325 829 1368 894 ab
1393 829 1458 913 epi·

136 939 234 1003 scopo
258 939 465 995 concessum,
500 917 558 982 sed
587 917 691 982 solum
714 916 894 999 recognitio
918 921 1094 983 causaest
1118 916 1297 984 declaratio
1320 939 1358 984 re
1381 939 1459 983 vera

135 1008 252 1073 adesse
276 1027 408 1073 cansam
432 1005 621 1072 canonicam
645 1026 703 1071 cur
725 1005 824 1072 liceat
846 1005 877 1070 vi
901 1004 981 1071 iuris
1005 1006 1184 1072 communis
1206 1007 1330 1074 binare.
1374 1007 1458 1085 Qua·

135 1102 271 1182 propter
293 1096 486 1179 quicumque
508 1095 604 1161 huius
626 1094 794 1160 districtus
818 1115 929 1160 curam
945 1095 1041 1177 gerit,
1066 1095 1137 1161 sive
1157 1115 1200 1161 ex
1214 1116 1352 1162 munere
1366 1096 1458 1162 babi-

135 1185 219 1253 tuali
241 1185 311 1250 sive
334 1188 545 1251 transeunter
567 1184 722 1267 supplens
744 1185 921 1267 parochum
944 1184 1145 1267 impeditum,
1169 1184 1312 1251 facultas
1328 1183 1458 1251 binandi

136 1274 166 1340 ei
190 1274 355 1358 competit.
402 1273 475 1339 Etsi
504 1272 611 1338 forma
640 1273 791 1356 rescripti
821 1273 1015 1357 episcopalis
1044 1273 1132 1340 forte
1160 1272 1205 1340 sit
1227 1273 1337 1340 forma
1359 1275 1458 1358 privi-

136 1364 214 1446 legii
238 1362 429 1447 personalis,
453 1361 514 1427 hoc
530 1362 637 1426 minus
653 1366 806 1427 accurate
821 1362 874 1428 vel
898 1383 957 1446 per
972 1382 1115 1428 errorem
1131 1362 1257 1430 factum
1279 1368 1333 1431 est
1355 1383 1459 1446 neque

136 1452 312 1535 quidquam
336 1454 443 1519 mutat
465 1451 498 1516 in
506 1451 593 1535 lipsa
615 1470 661 1518 re.

226 1560 265 1626 a..
291 1561 320 1625 2.
353 1557 488 1624 Erravit
511 1578 621 1623 errore
645 1555 809 1624 contrario
833 1557 932 1624 etiam
952 1557 1151 1625 Theodorus.
1182 1557 1271 1624 Nam
1292 1557 1365 1643 ipse
1389 1579 1457 1624 cum

136 1648 187 1714 ius
211 1668 380 1714 commune
403 1648 556 1713 invocare
581 1667 643 1711 non
667 1646 788 1731 possit,
818 1650 924 1713 totam
948 1646 1141 1714 facultatem
1170 1646 1271 1714 habet
1294 1668 1338 1713 ex
1360 1647 1458 1732 privi-

137 1736 243 1820 legio:
268 1737 353 1819 quod
377 1737 410 1802 in
433 1736 581 1802 favorem
605 1735 734 1818 quidem
757 1734 910 1812 fidelium,
934 1735 994 1801 sed
1008 1735 1071 1819 ipsi
1086 1735 1304 1820 personaliter
1328 1740 1381 1803 est
1405 1737 1458 1803 da·

137 1830 221 1904 tum,
254 1847 360 1908 neque
390 1826 502 1893 datum
533 1829 585 1891 est
614 1846 686 1891 cum
710 1824 870 1891 facultate
893 1823 1144 1906 subdelegandi,
1175 1827 1240 1892 nisi
1262 1827 1320 1892 froc
1343 1830 1386 1892 ait
1408 1849 1458 1892 aa·

132 1937 290 2001 pressam.
324 1915 444 1993 Quodsi
467 1914 609 1981 facultas
632 1913 867 1995 subdelegandi
888 1913 922 1978 in
946 1913 1118 1997 privilegio
1142 1914 1347 1999 exprimitur,
1372 1922 1458 1983 certo

138 2003 242 2070 omnis
266 2004 442 2071 difficultas
466 2003 643 2070 evanescit.

288 2196 399 2262 Tit-Es
423 2195 581 2262 Mlssaa
605 2195 655 2261 IN
677 2194 814 2261 FESTO
838 2193 1122 2260 NATIVITATIS
1146 2195 1317 2263 DOMINI.

706 2351 816 2418 Casus.
836 2359 895 2428 (68)

229 2494 417 2570 Dagobartus
448 2491 656 2552 neo-sacerdos
684 2491 786 2551 diebus
819 2490 971 2551 dominicis
1002 2497 1033 2551 et
1061 2491 1149 2551 festis
1170 2511 1235 2551 cum
1256 2493 1402 2554 facultate
1423 2495 1457 2554 bi·

139 2573 230 2632 nandi
250 2573 281 2632 in
303 2573 416 2633 duabus
444 2573 580 2633 ecclesiis
606 2572 745 2631 filialibus
767 2591 785 2630 a
805 2571 946 2648 parochia
974 2572 1049 2631 satis
1069 2572 1158 2648 longe
1186 2572 1368 2634 distantibus
1390 2575 1457 2634 cele

139 2656 225 2712 brare
254 2655 349 2714 debet.
390 2654 481 2713 liceto
506 2652 673 2712 nativitatis
694 2653 814 2711 Domini
840 2657 982 2711 consuete
1010 2653 1097 2726 longe
1118 2653 1215 2727 serius
1241 2653 1337 2713 redux
1366 2656 1459 2715 estin

140 2733 288 2810 parochia.
318 2734 488 2810 Aparocho
508 2735 708 2807 interrogatus
729 2732 798 2807 quid
812 2731 953 2791 acciderit
971 2736 1005 2792 ut
1025 2737 1126 2792 tantm
1140 2733 1267 2792 traxemt
1279 2753 1391 2806 moras,
1414 2736 1459 2794 mi·

139 2819 223 2873 ratus
244 2814 397 2891 respoudit
417 2814 464 2872 bis
485 2814 580 2873 trinas
601 2813 709 2872 missas
733 2811 876 2871 celebrari
897 2811 1030 2888 profecto
1052 2813 1140 2871 citius
1161 2812 1225 2873 fieri
1246 2832 1306 2872 non
1322 2814 1459 2891 potuisse.

220 2893 372 2954 Parochus
392 2894 458 2971 ipse
479 2895 516 2953 ob
538 2894 682 2952 defectum
704 2892 787 2951 visus
809 2893 924 2968 accepit
944 2892 1129 2968 privilegium
1151 2893 1322 2953 celebrandi
1343 2895 1461 2955 cottidie

141 2974 176 3033 de
197 2975 308 3034 Beata:
339 2993 394 3051 quo
416 2975 493 3033 festo
515 2972 684 3032 nativitatis
706 2972 823 3032 Domini
851 2978 897 3030 ter
925 2973 1033 3043 utitur,
1062 2992 1100 3031 ne
1127 2973 1230 3033 fideles
1252 2973 1461 3035 defraudentur

142 3060 286 3114 consueta
307 3055 464 3114 missarum
485 3054 516 3113 in
537 3053 589 3112 illo
609 3054 686 3112 festo
707 3052 881 3128 frequentia.

230 3135 299 3194 Alia
319 3135 386 3193 vice
406 3134 437 3193 in
458 3134 510 3192 illa
531 3133 731 3193 sollemnitate
760 3132 870 3191 accidit
898 3139 930 3190 ut
951 3140 1019 3209 post
1047 3132 1302 3193 consecrationem
1324 3134 1463 3195 deficeret

140 3215 261 3275 viribus.
307 3214 446 3274 Vicarius
475 3214 656 3288 advocatus,
684 3232 721 3271 ne
749 3212 837 3272 trium
865 3212 1022 3272 missarum
1051 3213 1291 3272 celebrandarum
1319 3215 1462 3275 facultate

140 3295 323 3371 privaretur,
353 3314 456 3354 sacras
477 3294 593 3371 species
613 3297 784 3352 reverenter
805 3293 923 3368 reponit
943 3312 979 3351 ac
1006 3294 1108 3351 statim
1128 3293 1193 3370 ipse
1213 3293 1319 3371 incipit
1340 3296 1462 3372 primam

141 3394 224 3433 suam
246 3376 366 3436 missam
389 3375 548 3444 celebrare,
570 3380 675 3451 postea
696 3378 864 3448 sequentes,
887 3392 988 3432 omnes
1009 3393 1063 3449 pro
1084 3373 1240 3451 stipendio.

141 3489 318 3560 Quauarrua
340 3494 369 3549 10
388 3489 537 3629 gemell}
552 3488 744 3627 intgllegatur
763 3488 893 3547 facultas
915 3489 962 3569 vel
983 3488 1125 3564 obligatio
1142 3488 1173 3546 in
1193 3490 1272 3549 festo
1294 3490 1463 3551 nativitatis

419 3590 434 3628 r
456 3588 517 3628 cee
538 3588 592 3627 ran
612 3588 631 3628 1.

337 3671 366 3727 2⁰
387 3669 516 3726 liceatne
537 3673 584 3726 ter
605 3666 741 3742 accipere
762 3665 949 3742 stipendium.

337 3767 367 3825 3⁰
387 3765 417 3824 in
439 3764 564 3840 singulis
585 3765 705 3824 casibus
725 3769 845 3822 rectene
866 3768 963 3822 actum
986 3763 1034 3834 sit,
1057 3782 1095 3822 an
1116 3782 1211 3823 secus.

736 3947 870 4014 Salutio.

80 4118 132 4172 236
231 4092 283 4155 Au
307 4110 497 4166 ourasrruru
525 4094 561 4155 1¹²
584 4090 622 4156 R.
651 4092 679 4156 1.
724 4088 892 4154 Prioribus
915 4088 1054 4155 saeculis
1085 4087 1271 4154 christianis
1301 4090 1359 4156 lex
1383 4111 1466 4173 quae

143 4184 273 4246 vetaret
295 4179 418 4263 pluries
441 4179 555 4245 eodem
571 4179 622 4245 die
646 4179 813 4245 celebrare
836 4200 900 4242 non
920 4177 1118 4244 exsistebat:
1143 4197 1243 4260 quare
1266 4179 1464 4246 sanctissimi

142 4269 204 4334 viri
228 4269 358 4352 saepius
373 4269 506 4335 missam
526 4271 676 4336 solebant
692 4267 889 4350 quibuslibet
906 4267 1019 4332 diebus
1035 4271 1193 4351 repetere.
1226 4267 1352 4333 Verum
1375 4272 1465 4353 post-

143 4380 182 4423 ea
212 4357 244 4422 id
268 4378 383 4423 severe
407 4358 603 4442 prohibitum
628 4362 679 4423 est
702 4358 757 4439 (cf.
783 4379 809 4424 c.
836 4359 855 4420 3
879 4357 907 4420 X
931 4359 967 4433 3,
993 4359 1032 4421 41
1060 4361 1094 4422 et
1116 4355 1192 4422 ibid.
1218 4375 1244 4423 a.
1272 4356 1339 4439 12).
1386 4357 1466 4423 Par-

142 4447 289 4513 ticularia
314 4448 513 4514 consuetudo
536 4446 784 4531 privilegiumve
800 4445 962 4530 permittit
984 4451 1021 4511 ut
1037 4445 1070 4509 in
1086 4444 1245 4527 Hispania
1261 4445 1465 4528 regionibus·

144 4558 206 4618 qne
224 4537 253 4601 ei
271 4536 346 4602 olim
365 4536 520 4601 subiectis
536 4536 587 4601 die
604 4535 745 4601 omnium
763 4535 989 4600 defunctorum
1007 4539 1058 4599 ter
1074 4534 1179 4618 possit
1194 4533 1296 4600 missa
1308 4535 1466 4602 celebrari

144 4626 198 4707 (cf.
224 4625 371 4692 Bened.
396 4625 488 4702 XIV,
520 4626 570 4690 De
598 4648 666 4710 epm
698 4626 793 4689 dioec
825 4625 845 4689 l.
873 4627 932 4701 13,
965 4645 990 4689 c.
1017 4623 1104 4704 ult.);
1134 4626 1293 4709 pererratis
1322 4624 1380 4690 lex
1408 4646 1467 4710 pro
