3044 5174
146 296 210 361 406
644 290 849 346 Sacramentum
868 292 979 346 ordinis.
1502 39 1513 426 1

146 469 269 552 poterit
292 469 477 551 aliquando,
501 471 539 533 ut
562 466 661 532 etiam
685 466 790 550 possit
812 467 904 533 locus
927 468 1112 534 noviciatus
1134 490 1194 553 pro
1219 469 1383 537 domicilio
1400 494 1466 537 con·

146 558 298 636 siderari,
333 558 361 623 si
390 557 544 623 videlicet
573 556 717 622 novitius
746 556 882 622 iurando
906 559 1011 641 possit
1034 578 1183 624 asserere
1206 558 1268 624 sibi
1298 559 1332 624 in
1367 561 1465 626 animo

146 668 219 713 esse
241 653 400 731 perpetuo
423 645 528 712 ordini
551 666 625 711 sese
654 646 849 728 adiungerer
880 667 993 712 verum
1024 648 1168 730 practice
1197 649 1258 714 hoo
1288 649 1389 716 titulo
1418 651 1467 714 vix

147 758 299 819 umquam
323 736 468 802 novitius
490 734 703 801 ordinabitur.
735 735 785 800 De
808 740 919 802 cataro
943 736 985 802 cf.
1009 736 1156 804 Bened.
1173 737 1251 802 XIV
1272 743 1379 804 const.
1397 739 1426 805 d.
1442 739 1467 804 d.

146 829 186 891 27
212 826 305 891 Febr.
341 827 424 890 1747
459 824 665 909 ,impositi“;
698 824 901 908 Gasparri
931 845 962 891 n.
994 827 1076 902 5873
1108 826 1286 893 Decretum
1319 829 1465 910 ,Aeolid

147 916 176 982 d.
202 915 232 980 d.
257 919 278 979 4
302 914 387 980 Nov.
416 915 510 979 1892.

84 1038 134 1090 711
235 1031 288 1096 An
303 1050 496 1106 ouansrnnn
513 1032 551 1095 3¹³
567 1030 605 1096 R.
628 1033 654 1095 1.
686 1029 870 1096 Maturinus
884 1032 1046 1116 postulare
1067 1051 1147 1095 saue
1163 1052 1227 1096 non
1249 1036 1364 1116 potest
1380 1054 1401 1099 a
1417 1054 1470 1098 suo

145 1118 298 1203 episcopo
314 1119 562 1186 ordinationem.
594 1119 768 1201 Regularis
787 1118 929 1183 nondum
946 1124 1006 1196 est,
1031 1119 1079 1185 ita
1094 1124 1132 1186 ut
1147 1120 1261 1204 possit,
1278 1126 1471 1205 praesenta·

145 1214 199 1274 tus
215 1229 235 1273 a
251 1208 418 1292 superiore
435 1208 589 1290 regulari,
606 1208 676 1273 iure
692 1230 751 1274 suo
766 1210 935 1292 postulare
951 1212 989 1274 ut
1004 1208 1100 1275 titulo
1117 1210 1325 1294 paupertatis
1341 1211 1405 1276 sibi
1422 1234 1472 1277 or·

145 1298 237 1362 dines
261 1297 481 1364 conterantur.
514 1296 585 1373 Qua
600 1297 779 1362 saecularis
801 1296 928 1379 indiget
943 1297 1040 1364 titulo
1062 1299 1326 1377 sustentationis,
1351 1306 1391 1367 ut
1406 1301 1473 1384 epi·

145 1408 288 1470 scopum,
312 1386 368 1469 qui
391 1408 470 1452 suus
493 1386 537 1453 sit
561 1407 763 1469 quocumque
786 1386 895 1465 titulo,
919 1407 1038 1469 rogare
1054 1387 1176 1471 possit;
1200 1388 1372 1471 postulare
1395 1411 1473 1456 vero

145 1497 165 1540 a
188 1477 278 1542 nullo
301 1480 421 1561 potest,
446 1475 509 1540 nisi
531 1475 698 1559 possideat
721 1476 886 1540 sufficiens
910 1476 1168 1542 ecclesiasticum
1191 1477 1397 1546 beneficium.

234 1573 272 1641 R.
298 1577 328 1641 2.
369 1573 498 1655 Siquis
527 1594 606 1638 vero
640 1579 691 1640 est
720 1573 891 1657 episcopus
921 1573 1077 1640 Maturini
1108 1577 1286 1657 utcumque
1320 1577 1476 1660 proprius

146 1667 179 1728 et
200 1663 385 1731 Matutinus
408 1661 639 1747 patrimonium
664 1661 717 1726 vel
740 1662 928 1746 pensionem
952 1662 1170 1728 sufficientem
1192 1664 1302 1744 habet,
1328 1666 1476 1732 ordinari

140 1759 252 1838 potest,
275 1751 304 1816 si
327 1751 480 1835 episcopo
504 1752 629 1835 placet;
654 1772 731 1817 nam
755 1772 877 1833 augere
900 1772 1069 1818 numerum
1092 1752 1320 1834 religiosorum
1343 1775 1477 1839 semper

146 1847 197 1908 est
220 1841 388 1907 Ecclesiae
411 1841 554 1918 utilitas,
591 1861 674 1924 quae
705 1861 748 1905 ex
774 1842 865 1906 Trid.
891 1841 911 1908 Ι.
937 1862 964 1908 c.
996 1841 1149 1926 episcopo
1179 1845 1231 1908 ias
1259 1842 1343 1925 fucit
1375 1843 1477 1911 titulo

147 1930 332 2013 patrimonii
356 1931 410 1996 vel
434 1931 599 2013 pensionis
624 1930 766 2012 aliquem
791 1929 972 1998 ordinandi.

97 2021 99 2024 ’
234 2020 391 2086 Similiter
408 2019 436 2083 si
452 2020 524 2101 quis
540 2020 711 2103 episcopus
727 2019 808 2084 velit
823 2018 988 2085 Maturino
1004 2019 1195 2085 beneficium
1212 2020 1477 2088 ecclesiasticum

146 2107 304 2187 conferre,
330 2109 432 2174 donec
450 2108 640 2174 sollemnem
656 2108 891 2192 professionem
909 2108 1064 2187 emiserit,
1088 2108 1150 2174 hoc
1165 2109 1323 2175 beneficio
1339 2111 1476 2189 collato,

145 2219 257 2263 sacros
280 2197 410 2263 ordines
434 2198 463 2262 ei
487 2198 586 2263 etiam
611 2198 760 2264 conterre
782 2201 902 2281 potest.

234 2289 324 2369 Ergo
348 2286 484 2352 arbitrio
508 2291 542 2352 et
565 2286 813 2352 benevolentiae
837 2285 979 2370 episcopi
1002 2285 1036 2351 id
1058 2285 1270 2368 relinquitur,
1301 2292 1339 2354 ut
1362 2288 1477 2355 Matu-

147 2376 217 2440 rino
241 2376 371 2440 ordines
395 2375 480 2440 sacri
504 2376 713 2442 conferantur
737 2376 789 2440 vel
813 2397 878 2441 non
902 2373 1121 2443 conferentur.

235 2472 273 2539 R.
299 2477 329 2539 3.
370 2473 403 2538 Si
427 2473 499 2556 quis
522 2478 634 2539 tamen
657 2477 793 2557 paratus
824 2477 875 2539 est
904 2473 1040 2539 servitio
1071 2471 1228 2538 ecclesiae
1259 2472 1479 2541 dioecesanae

146 2583 219 2626 sese
242 2562 411 2639 addicere,
444 2584 582 2627 servans
605 2562 734 2628 interim
759 2562 818 2627 sibi
843 2562 1030 2628 libertatem
1054 2583 1119 2644 qua
1141 2561 1262 2646 possit,
1295 2562 1324 2627 si
1352 2584 1392 2629 se
1415 2585 1478 2629 vo·

147 2655 256 2716 catum
280 2651 437 2725 senserit,
471 2651 661 2733 religionem
684 2651 828 2733 ingredi,
852 2651 933 2716 haec
957 2672 1021 2715 non
1045 2657 1096 2718 est
1118 2650 1204 2717 ratio
1228 2672 1302 2716 eum
1325 2672 1346 2716 a
1369 2654 1478 2718 sacris

146 2740 312 2806 ordinibus
336 2740 531 2824 repellendi,
556 2741 613 2805 sed
637 2741 852 2806 communiter
873 2740 1066 2805 tractandus
1090 2746 1142 2806 est
1164 2741 1249 2805 sicut
1273 2742 1394 2818 ceteri,
1419 2744 1478 2824 qui

146 2829 296 2896 absolute
319 2836 353 2895 et
382 2833 541 2914 perpetuo
571 2851 644 2895 sese
667 2829 802 2896 servitio
827 2829 995 2894 Ecclesiae
1027 2830 1144 2895 volunt
1175 2829 1338 2895 addicere.
1386 2830 1475 2896 Nam

147 2918 325 2984 communis
347 2918 427 2984 iuris
451 2920 566 3000 regula
589 2924 701 2984 estut
724 2919 876 2983 sacerdos
906 2919 1084 2984 saecularia
1115 2919 1234 3003 possit,
1266 2923 1342 3003 post
1370 2921 1477 2985 moni-

146 3008 267 3074 tionem
292 3007 445 3092 episcopi,
471 3009 569 3074 etiam
595 3007 664 3073 eius
687 3007 785 3072 venia
807 3028 872 3071 non
894 3007 1017 3080 habita,
1042 3006 1234 3088 religionem
1257 3007 1403 3090 ingredi:
1439 3015 1477 3076 ut

146 3097 250 3180 possit
273 3103 408 3180 propter
431 3097 599 3162 Ecclesiae
629 3097 860 3163 necessitatem
891 3096 1025 3162 retineri
1054 3097 1107 3161 vel
1137 3097 1285 3162 revocari
1320 3099 1476 3181 exceptio

147 3193 207 3253 est.
239 3186 287 3252 cf.
312 3187 421 3252 Const.
446 3185 594 3251 Bened.
619 3186 696 3251 XIV
723 3187 795 3267 ,En
824 3207 884 3270 quo
916 3184 1067 3250 dilectus“
1100 3187 1130 3253 d.
1154 3186 1185 3252 d.
1212 3189 1253 3250 14
1277 3186 1346 3253 Ian.
1375 3191 1475 3256 1747.

504 3374 748 3442 ORDINATIO
773 3374 1112 3442 RELIGIOSORUM.

704 3525 815 3591 (lasus.
835 3533 911 3601 (206)

236 3664 400 3736 Antonius,
429 3665 560 3724 novitius
580 3664 753 3739 religiosus,
783 3665 821 3723 20
843 3684 937 3723 annos
965 3669 1069 3734 natus,
1097 3664 1128 3723 in
1149 3665 1280 3741 periculo
1309 3671 1415 3728 estne
1437 3670 1476 3728 ad

147 3745 280 3804 militiam
303 3750 457 3816 evocetur,
486 3745 544 3803 nisi
572 3745 689 3804 litteras
717 3745 933 3804 testimoniales
962 3744 1102 3803 exhibeat
1130 3744 1165 3803 de
1194 3753 1334 3822 suscepto
1356 3750 1478 3808 subdia·

147 3831 264 3885 conatu.
305 3825 376 3885 Cum
398 3825 593 3884 dioecesanus
614 3826 772 3902 episcopus
792 3825 851 3884 loci
871 3825 903 3883 in
924 3844 980 3902 quo
1002 3825 1089 3884 situm
1112 3832 1159 3884 est
1179 3827 1393 3886 monasterium
1415 3849 1477 3889 non

146 3907 256 3965 habeat
277 3907 494 3976 ordinationes,
517 3906 651 3981 superior
672 3907 819 3981 regularis
840 3905 1003 3964 Antonium
1024 3906 1146 3964 exhibet
1167 3907 1307 3983 episcopo
1330 3914 1477 3969 extraneo

147 3990 249 4056 amico,
272 3986 320 4062 qui
341 3993 449 4061 putans
471 4006 503 4045 se
524 3986 603 4044 infra
625 4006 733 4045 annum
755 3987 928 4063 dispensare
949 3986 1088 4061 possein
1110 3992 1210 4044 aetate
1232 3987 1477 4058 ordinandorum,

146 4068 214 4125 ilico
244 4087 309 4124 eum
336 4067 468 4136 ordinat,
500 4085 564 4125 cum
587 4068 622 4124 de
643 4067 809 4125 vocationis
838 4066 1002 4125 stabilitate
1023 4085 1082 4124 non
1104 4066 1144 4124 sit
1171 4066 1333 4126 timendum
1355 4075 1386 4127 st
1408 4078 1478 4146 post

147 4167 276 4205 mensem
298 4146 428 4205 novitius
450 4146 499 4223 qui
519 4147 638 4222 privata
659 4153 730 4205 uota
759 4148 817 4205 iam
839 4147 938 4205 emisit
965 4147 1002 4204 ad
1029 4146 1148 4223 publica
1169 4151 1241 4205 vota
1261 4148 1406 4223 religiosa
1427 4151 1477 4208 ad·

146 4228 281 4285 mittatur
302 4235 390 4302 atque
417 4227 461 4285 ita
488 4226 607 4285 titulum
634 4227 819 4303 paupertatis
848 4227 1006 4301 religiosae
1034 4246 1086 4302 pro
1116 4227 1335 4287 sustentatione
1363 4229 1477 4289 habere

147 4308 290 4366 videatur.

148 4411 324 4481 Quaeramus
335 4417 364 4471 l⁰
375 4413 423 4489 qui
433 4414 473 4471 sit
483 4413 640 4489 episcopus
651 4432 668 4470 a
679 4433 735 4488 quo
745 4413 876 4487 religiosi
885 4412 1020 4488 accipere
1029 4413 1154 4470 debeant
1163 4412 1211 4470 vel
1219 4413 1337 4488 possint
1346 4415 1478 4477 ordines,

335 4495 365 4550 2ο
376 4494 513 4551 valeatne
534 4513 587 4569 pro
609 4493 722 4551 novitio
744 4494 848 4552 titulus
870 4492 1054 4569 paupertatis
1077 4492 1245 4567 religiosae.

337 4576 367 4632 3υ
378 4574 482 4632 novitii
504 4594 522 4631 a
543 4593 600 4648 quo
622 4573 682 4631 sint
703 4574 866 4632 ordinandi.

338 4651 446 4729 4⁰quid
468 4655 504 4712 de
526 4654 748 4731 dispensatione
769 4655 801 4712 in
822 4659 920 4712 aetate
941 4651 1109 4711 tenendum.
