3044 5174
267 287 471 358 Inpedimenta
490 306 540 344 sen
559 288 794 357 irregularitates·
813 288 936 343 Gemens
954 288 1030 343 laesa
1048 306 1120 343 reus.
1296 294 1360 357 421

109 464 151 532 R.
169 468 202 534 2.
234 464 330 543 Quod
354 466 506 532 mendaci
530 466 743 533 excusatione
766 467 808 532 ab
831 466 983 550 episcopo
1006 486 1066 532 suo
1089 467 1252 550 acceperit
1267 468 1363 534 testi·

28 554 168 620 monium
193 557 377 622 sacerdotii
400 557 465 623 rite
488 557 634 640 suscepti
658 556 814 638 atquem
836 577 919 640 pace
942 554 1094 621 dimissus
1122 555 1183 634 sit,
1214 577 1279 622 non
1309 578 1361 622 ιι-

30 643 136 727 quitur
167 645 363 729 episcopum
387 645 528 711 solvisse
551 645 932 711 excommunicationem.
979 645 1014 710 Si
1044 645 1093 710 ita
1122 650 1228 722 esset.
1261 646 1361 712 etiam

28 732 83 799 loc
112 734 232 813 modo,
267 735 569 800 nonobstantibus
598 734 751 818 primitiis
777 734 862 812 suis,
896 734 1053 801 Servulus
1083 695 1360 816 irregularitatem

32 823 208 905 effugisset.
256 823 384 890 Verum
415 829 453 890 ιι
476 824 560 890 hanc
593 844 751 889 censurae
783 823 978 889 solutionem
1009 824 1188 907 acciperet,
1222 824 1362 892 debebat

33 911 150 1066 pplcere
164 914 317 1068 tculpam
348 914 467 990 fateri;
499 913 615 996 quodsi
644 914 677 978 id
707 912 858 991 fecisset,
892 912 1064 996 episcopus
1093 912 1236 979 fortasse
1259 913 1290 978 ei
1311 913 1362 978 in-

78 1023 163 1068 susse
183 1057 191 1071 .

111 1109 153 1176 It.
180 1112 213 1176 3.
254 1108 371 1174 Videri
394 1130 481 1174 nune
505 1109 620 1186 debet,
651 1108 726 1190 quid
756 1107 861 1193 possit
889 1107 1124 1186 confessarius,
1154 1114 1225 1174 tum
1255 1109 1361 1191 quoad

27 1198 404 1285 ,excommunicationem
428 1219 567 1280 eamque
590 1197 706 1276 solam,
730 1198 759 1262 si
776 1197 932 1264 Servulus
955 1218 1028 1262 eam
1046 1197 1221 1264 incurrerit
1236 1202 1271 1264 et
1286 1219 1362 1263 con-

35 1286 159 1354 liteatur
184 1292 266 1354 ante
289 1289 431 1371 primam
454 1287 604 1364 missam,
636 1290 706 1354 tum
730 1287 837 1370 quoad
859 1285 1137 1369 irregularitatem
1161 1307 1307 1370 quoque,
1335 1287 1362 1352 si

36 1395 98 1444 eam
120 1376 305 1443 incurrerit
329 1381 364 1442 et
387 1382 505 1461 postea
528 1377 657 1442 demum
681 1377 886 1444 confiteatur.

113 1475 169 1541 Ex
195 1496 236 1542 eo
261 1476 350 1557 quod
366 1474 534 1552 Servulus‚
557 1474 785 1541 fraudulenter
807 1474 948 1557 quidem,
973 1473 1030 1540 sed
1051 1494 1183 1540 revera
1199 1472 1272 1539 aliis
1288 1494 1363 1558 per-

35 1565 169 1632 suaserit
185 1585 224 1630 se
240 1564 488 1649 inculpabiliter
502 1563 620 1721 egisse,
638 1565 734 1649 culpa
749 1568 784 1631 et
799 1562 1103 1640 excommunicatio,
1123 1563 1151 1628 ιι
1167 1563 1236 1630 lata
1251 1562 1361 1640 fuerit,

36 1654 134 1721 evasit
157 1654 304 1756 occulta.
353 1653 461 1731 Quare
484 1653 570 1721 ratio
592 1674 657 1719 non
682 1658 733 1718 ιιι
763 1674 822 1718 cur
850 1652 1034 1719 ordinarius
1063 1651 1247 1718 necessario
1280 1613 1363 1718 adiri

35 1741 163 1820 lubeat,
199 1742 264 1810 nisi
297 1742 332 1808 in
364 1742 543 1809 statuenda
575 1762 681 1826 poena
710 1740 779 1808 eius
809 1741 1047 1809 absolutionem
1077 1740 1139 1806 sibi
1167 1741 1362 1807 reservavit.

35 1830 170 1911 Quod
142 1855 173 1899 ιι
196 1832 328 1909 fecerit,
353 1832 459 1898 videri
482 1831 580 1898 debet
602 1852 681 1896 num
703 1825 840 1915 propter
862 1831 1093 1898 necessitatem
1116 1829 1294 1896 instantem
1311 1835 1363 1897 at·

10 1942 91 2027 que
121 1921 478 2007 impossibilitatems
462 1921 576 1987 statim
609 1921 747 1987 adeundi
783 1921 970 2005 episcopum
1005 1918 1224 1986 confessarius
1258 1919 1363 2004 possit

10 2004 204 2078 'absolvere
228 2032 305 2076 eum
328 2031 428 2076 onere
452 2009 590 2076 Servulo
612 2009 782 2095 imposito,
813 2014 851 2076 ut
873 2013 990 2094 postea
1012 2009 1172 2119 superiori
1194 2029 1231 2073 se
1254 2008 1361 2075 sistat.

116 2109 369 2192 Consequenter
393 2107 493 2173 etiam
516 2108 746 2190 irregularitas
762 2130 804 2173 ex
821 2107 1040 2174 celebratione
1056 2107 1175 2172 missae
1191 2109 1363 2173 contracta

32 2199 160 2266 occulta
183 2198 311 2265 evasit:
335 2220 356 2263 a
380 2218 446 2279 qua
470 2197 660 2282 dispensare
683 2201 821 2281 possunt
836 2201 907 2264 tum
923 2197 1095 2282 episcopus
1110 2196 1180 2261 iure
1196 2194 1361 2261 ordinario

35 2307 75 2353 ex
96 2309 169 2373 cap.
195 2289 309 2356 Liceat
332 2286 442 2352 Trid.
473 2308 554 2355 sess.
581 2290 640 2364 24,
672 2308 744 2372 cap.
770 2290 789 2352 6
814 2289 854 2352 de
876 2287 954 2370 ref„
985 2290 1054 2353 tum
1085 2285 1256 2368 regulares
1286 2305 1358 2351 con·

35 2376 164 2444 fessarii
188 2399 232 2444 ex
257 2376 458 2461 privilegiis:
484 2376 525 2442 cf.
551 2376 583 2444 S.
608 2376 824 2461 Alpheus,
848 2377 898 2441 De
920 2379 1001 2462 prio.
1026 2398 1057 2442 n.
1085 2378 1157 2441 104.

255 2585 583 2646 IRREGULARITAS
605 2587 657 2645 EX
678 2586 860 2647 VIOLATA
882 2585 1062 2646 GENSURA
1085 2584 1149 2660 (II).

595 2744 707 2812 Casus.
726 2752 802 2821 (214)

122 2884 265 2945 Abundio
286 2886 418 2962 parocho
438 2903 533 2962 nuper
553 2904 591 2944 ex
612 2890 697 2977 parte
713 2884 862 2944 Ordinarii
884 2884 1049 2959 iniungitur
1062 2902 1100 2942 ex
1114 2882 1274 2942 informata
1296 2901 1363 2940 con·

37 2965 162 3039 mieptia
188 2985 244 3042 per
268 2970 331 3024 tres
359 2984 477 3025 menses
505 2966 661 3042 suspensio
683 2967 775 3026 abl
742 2965 849 3024 officio
891 2964 962 3036 Qui,
992 2983 1057 3024 cum
1079 2962 1222 3023 vicarium
1250 2964 1364 3021 frustra

36 3051 258 3138 exspectasset,
287 3051 356 3121 post
377 3045 491 3122 aliquot
511 3046 574 3104 dies
595 3046 701 3122 quibus
722 3065 782 3105 non
803 3045 981 3116 celebravit,
1010 3063 1048 3103 ne
1069 3043 1116 3102 die
1137 3045 1215 3102 festo
1184 3043 1363 3119 tpopulus

36 3125 127 3187 missa
149 3133 267 3186 careret
287 3126 335 3184 vel
356 3125 414 3184 iter
434 3125 611 3185 semileucae
639 3127 675 3185 ad
697 3126 870 3185 viciniorem
891 3089 1048 3184 eccle'siam
1076 3122 1176 3183 facere
1198 3129 1362 3198 cogeretur

37 3204 143 3266 iterum
164 3206 287 3267 missam
309 3206 492 3265 oelebratt
461 3211 550 3282 atque
571 3208 679 3266 bonum
700 3227 853 3266 numerum
874 3206 1016 3265 confitt
951 3210 1016 3264 tten
1017 3205 1076 3262 ium
1097 3203 1234 3264 absolvit.

37 3319 214 3392 Quanmrnn
229 3325 258 3380 1ο
272 3322 419 3398 quomodo
432 3322 624 3398 intellegatur
638 3324 843 3400 irregularitas
858 3342 944 3400 quam
955 3321 1105 3381 contrabit
1119 3341 1257 3398 „censeare
1266 3315 1352 3380 reus“
1356 3365 1362 3378 .

238 3422 268 3479 2⁰
290 3420 423 3496 egeritne
443 3421 599 3481 Abundius
620 3429 701 3482 recte
723 3442 762 3482 ιι
782 3422 954 3499 irregularis
975 3420 1115 3480 evaserit.

633 3612 770 3680 Solutio.

126 3754 180 3819 Ao
212 3773 404 3828 ouansrrsn
437 3757 474 3817 pu
503 3753 543 3820 lt.
570 3758 598 3822 1.
637 3755 868 3838 Irregularitas
898 3753 1075 3820 incurritur
1105 3774 1125 3818 a
1157 3752 1274 3818 clerico
1308 3751 1423 3834 qui735

39 3863 207 3908 materam
230 3862 327 3924 quam
351 3841 489 3908 incurrit
513 3846 608 3909 oiolot
630 3849 764 3910 scienter
787 3854 814 3909 et
837 3854 949 3910 temere
964 3865 1023 3928 per
1040 3846 1221 3909 exercitium
1236 3844 1362 3906 ordinis

36 3953 132 3999 sacre.
166 3931 257 4009 Quae
280 3952 386 4015 poena
408 3931 554 3999 innuitur
578 3955 623 4000 cc.
650 3938 668 3999 9
694 3940 728 4000 et
753 3937 803 4012 10,
828 3935 857 3999 X
884 3937 914 4013 5,
941 3936 999 4010 27;
1025 3933 1145 3999 clarius
1168 3931 1362 4014 exprimitur

35 4025 71 4087 et
94 4023 132 4086 ut
153 4022 211 4086 lex
234 4020 458 4087 ecclesiastica
482 4022 547 4086 iam
568 4023 682 4105 vigens
713 4024 903 4090 enuntiatur
926 4044 953 4089 c.
981 4027 1016 4101 1,
1041 4024 1070 4088 X
1095 4025 1125 4101 2,
1152 4025 1191 4086 14
1214 4021 1248 4084 in
1273 4022 1304 4083 6⁰
1328 4023 1362 4084 et

39 4129 86 4175 cc.
115 4112 144 4175 l.
169 4111 220 4176 18.
245 4111 298 4188 20,
322 4110 352 4174 X
376 4113 406 4187 5,
435 4114 472 4175 11
499 4111 532 4175 ιι
557 4115 597 4178 6⁰.
647 4114 650 4121 '

129 4206 254 4274 Textus
284 4207 363 4273 iuris
393 4208 537 4290 loquitur
564 4210 604 4274 de
638 4210 808 4289 „divinis“‚
843 4211 979 4288 „divinis
1009 4208 1156 4286 officiis“‚
1188 4207 1303 4288 quibus
1333 4206 1360 4271 ιι

40 4294 179 4362 clericus
200 4300 317 4362 contra
339 4318 432 4362 suam
456 4318 626 4364 censuram
649 4321 685 4364 se
708 4300 855 4383 ingerat,
886 4322 943 4365 seu
968 4320 1051 4380 quae
1074 4319 1109 4361 se
1132 4296 1309 4379 ingerendo
1333 4295 1362 4360 si

42 4388 214 4464 exerceat,
238 4386 360 4454 evadat
382 4387 581 4469 irregularis.
629 4389 718 4467 Quae
741 4391 811 4455 iure
834 4392 1006 4455 sumuntur
1030 4387 1069 4452 de
1093 4386 1250 4452 exercitio
1274 4388 1362 4451 sccii

41 4474 184 4553 odinis,
215 4475 349 4558 eiusque
372 4477 529 4543 exercitio
552 4478 629 4558 tali,
662 4480 747 4561 qnod
771 4480 832 4544 soli
857 4478 973 4545 clerico
1003 4476 1088 4542 sacri
1119 4475 1242 4540 ordinis
1273 4495 1361 4540 com·

41 4566 145 4649 pone
190 4563 245 4632 Ita
268 4564 299 4631 S.
324 4566 523 4649 Alphons.
550 4568 630 4646 Vll,
662 4571 743 4634 358:
777 4566 1034 4634 Laurentius
1061 4565 1081 4631 l.
1107 4587 1134 4632 c.
1159 4588 1190 4631 n.
1216 4567 1256 4630 77
1289 4585 1362 4629 cum

41 4650 118 4723 aliis
137 4653 297 4739 plurimis.
343 4655 443 4737 quue
472 4658 617 4739 practice
650 4657 749 4723 etiarn
774 4658 956 4723 concedunt
985 4656 1040 4738 qni
1063 4659 1183 4739 putant
1210 4653 1362 4720 sufficere

10 4820 81 4879 ede.
