3044 5174
422 273 513 329 Onera
531 290 653 329 annexa:
671 302 707 312 —
726 274 810 329 offleii
827 276 913 330 divini
932 276 1065 330 recitatio.
1345 280 1411 344 463

79 451 247 518 Marinum
270 452 404 518 inducat
427 459 583 535 utquam
606 451 773 517 minimum
796 451 972 535 strepitum
997 451 1121 519 excitet
1142 457 1242 535 atque
1265 473 1412 517 seorsum

79 541 113 606 iu
137 541 228 607 aliud
253 541 437 607 cubiculum
460 563 496 607 so
520 542 679 610 conferat.

172 648 212 714 R.
237 651 268 714 2.
314 647 353 712 In
376 651 513 714 secondo
537 669 631 713 casu:
665 645 697 728 1)
728 669 800 712 cum
831 647 1001 714 moraliter
1031 651 1140 713 certus
1170 651 1259 713 esset
1288 669 1324 712 se
1347 669 1412 712 non
1422 653 1473 708 805

81 737 207 803 dixisse
230 737 429 804 Matutiuum
454 758 526 802 cum
550 736 731 814 Laudibus
762 740 856 821 patet
880 758 921 802 ex
949 736 1047 802 dubia
1069 737 1123 802 vel
1145 737 1305 821 probabili
1329 737 1412 802 reoi-

80 828 210 893 tatione
234 825 325 893 facta
347 827 400 891 hic
424 847 488 892 uon
512 846 608 910 posse
631 826 700 910 peti
723 825 978 892 excusationem.

173 923 208 1006 2)
234 923 352 990 Restat
372 928 409 990 ut
424 924 593 989 videamus
610 945 687 988 num
703 922 923 988 confessiones
939 927 1010 989 toto
1026 928 1174 1008 tempore
1190 923 1411 1007 pomeridiano

81 1033 143 1098 per
175 1019 251 1079 octo
279 1013 377 1079 horas
409 1018 568 1096 exceptae
598 1013 663 1079 sint
685 1012 788 1090 ratio,
819 1032 902 1094 qnae
933 1016 1069 1078 excuset
1098 1013 1252 1078 clericum
1282 1014 1337 1078 illc
1362 1012 1414 1078 die

82 1125 103 1169 a
127 1101 299 1169 recitando
328 1102 501 1167 breviario.
549 1103 639 1179 Quod
670 1102 788 1167 saltem
818 1100 925 1183 quoad
952 1101 1095 1166 officium
1119 1102 1411 1169 antemeridianum

83 1191 337 1276 persolvendum
360 1191 423 1257 dici
446 1191 575 1274 nequit:
606 1190 766 1273 siquidem
796 1194 902 1256 totum
932 1189 1013 1256 illud
1036 1195 1167 1274 tempus
1189 1191 1327 1257 liberum
1351 1197 1411 1259 est.

83 1281 197 1358 Quoad
223 1280 366 1346 officium
390 1280 645 1364 pomeridianum
676 1280 806 1362 quidem
835 1278 938 1364 ipsius
968 1279 1055 1344 illius
1085 1279 1149 1345 diei
1171 1301 1225 1346 res
1248 1280 1415 1348 reducitur

83 1371 154 1436 fere
179 1369 221 1435 ad
245 1367 415 1453 physicam
437 1369 735 1453 impossibilitatem
757 1368 838 1434 illud
861 1390 917 1434 suo
940 1376 1077 1456 tempore
1099 1369 1268 1435 recitandi.
1308 1369 1414 1446 Quare

84 1459 112 1526 si
144 1459 219 1543 quis
250 1459 331 1524 illud
363 1479 405 1523 ex
435 1459 496 1524 hac
526 1458 652 1525 ratione
683 1458 830 1535 omittat,
861 1478 962 1522 ansus
991 1479 1057 1523 nou
1087 1458 1148 1523 sim
1180 1480 1253 1524 eum
1286 1459 1414 1542 peccati

85 1569 238 1632 arguere,
262 1568 460 1631 quamquam
483 1548 589 1630 magis
611 1547 699 1630 pium
724 1547 824 1613 fuerit
846 1550 953 1614 totum
977 1547 1119 1613 officium
1141 1569 1244 1631 usque
1260 1549 1302 1613 ad
1318 1547 1413 1613 Com·

85 1637 261 1723 pletorium
276 1636 435 1703 inclusive
451 1641 598 1720 tempore
615 1636 872 1702 antemeridiano
887 1637 1090 1720 persolvere;
1107 1636 1149 1702 ad
1165 1636 1295 1702 Nonam
1312 1657 1414 1718 usque

84 1727 244 1793 incumbit
276 1725 453 1807 obligatio,
487 1746 525 1792 eo
559 1726 644 1807 quod
676 1746 735 1809 pro
771 1725 919 1791 omnibus
952 1725 1018 1791 illis
1052 1725 1141 1791 horis
1174 1730 1304 1809 tempus
1337 1729 1414 1792 ante

85 1817 255 1883 meridiem
278 1819 330 1882 est
352 1836 412 1899 pro
435 1815 628 1882 recitatione
652 1814 751 1881 etiam
774 1815 904 1899 publica
927 1818 1056 1900 tempus
1079 1818 1201 1899 aptum.

175 1915 211 1996 3)
235 1912 343 1995 Magis
374 1915 483 1978 autern
515 1913 672 1978 absonum
703 1917 755 1978 est
784 1911 964 1994 legitimam
995 1912 1184 1978 existimare
1207 1912 1414 1979 omissionem

86 2002 184 2068 officii
219 2001 283 2068 diei
314 2001 498 2084 sequentis,
530 2002 616 2084 quod
645 2001 749 2085 pridie
779 2000 911 2066 recitari
941 2000 1070 2083 quidem
1100 2006 1226 2086 potest,
1259 2002 1317 2066 sed
1350 2022 1414 2065 non

87 2092 202 2169 debet;
229 2111 268 2157 ac
290 2090 427 2176 proinde
448 2090 489 2156 ab
506 2111 544 2156 eo
561 2091 616 2172 qui
631 2089 735 2174 pridie
760 2090 889 2172 quidem
913 2089 1087 2174 impeditus
1110 2095 1193 2169 erat,
1216 2112 1281 2156 uon
1305 2094 1415 2157 antem

85 2182 155 2266 ipso
179 2178 281 2246 officii
300 2179 351 2245 die
367 2179 542 2263 impeditus
558 2184 619 2258 est,
644 2178 824 2245 certissime
841 2179 937 2246 debet
953 2178 1094 2246 recitari,
1120 2179 1237 2263 Neque
1253 2179 1415 2263 parochus

85 2269 297 2355 privilegium
321 2289 415 2333 suum
440 2268 619 2334 extendere
649 2273 782 2352 poterat
814 2268 857 2334 ad
889 2268 1031 2335 officium
1063 2270 1325 2354 anticipandum,
1356 2268 1415 2333 sed

84 2358 289 2426 solummodo
313 2358 355 2424 ad
379 2379 452 2424 cum
477 2357 562 2423 diem
586 2358 720 2441 eiusque
743 2357 806 2422 diei
831 2357 971 2422 officium
996 2357 1161 2441 applicare
1186 2362 1326 2443 poterat,
1351 2379 1414 2440 qno

84 2470 142 2533 per
167 2448 312 2532 spatium
334 2447 368 2512 in
392 2446 564 2531 privilegio
587 2447 767 2512 indicatum
792 2452 970 2531 occupatus
994 2451 1076 2514 erat.

175 2546 212 2628 4)
236 2545 358 2610 Verum
383 2566 488 2628 neque
511 2545 568 2610 illa
584 2544 783 2629 dispensatio
798 2545 961 2610 Marinum
978 2545 1133 2612 invasset.
1165 2545 1252 2610 Nam
1270 2544 1415 2610 Marinus

84 2657 149 2701 non
174 2637 351 2718 acceperat
375 2634 665 2718 dispensationem,
698 2655 803 2717 neque
831 2656 930 2700 causa
953 2655 995 2700 cx
1019 2655 1084 2717 qua
1106 2634 1210 2718 possit
1234 2634 1414 2719 dispensari

85 2729 120 2792 et
142 2746 163 2790 a
187 2723 355 2808 superiore
379 2723 602 2807 dispensatum
626 2723 679 2800 sit,
705 2722 813 2807 putari
836 2723 910 2788 ilico
933 2727 1044 2808 potest
1066 2745 1175 2802 causa,
1200 2744 1283 2807 quae
1306 2744 1416 2807 perse

85 2817 235 2880 excuset.
281 2813 428 2878 Marinus
450 2812 553 2894 igitur
575 2813 700 2878 erravit
722 2813 756 2877 in
779 2813 937 2878 omnibus,

85 3003 334 3073 EXCUSATIO
350 3005 424 3070 ·AB
456 3005 587 3072 HORIS
618 3005 716 3072 CAN.
748 3004 1011 3071 RECITANDIS
1043 3001 1111 3087 (1).
1149 3039 1189 3049 -
1224 3003 1338 3069 luna.
1370 3042 1415 3050 -

508 3128 738 3194 BREVIARII
761 3128 998 3195 euraudus.
1086 3183 1088 3187 ,

651 3291 760 3358 Casus.
780 3299 856 3367 (235)

177 3433 382 3506 Mamertinus,
406 3454 473 3494 curn
494 3434 525 3492 iu
547 3453 581 3493 eo
603 3433 643 3492 sit
665 3439 698 3492 ut
718 3434 861 3493 ascendat
882 3452 1001 3492 currum
1015 3433 1082 3493 viae
1095 3435 1221 3506 ferreae,
1243 3434 1416 3494 recordatur

88 3535 120 3577 se
140 3535 204 3574 non
225 3515 335 3575 habere
356 3515 552 3583 breviarium;
584 3514 610 3572 si
632 3514 725 3585 redit,
752 3533 812 3575 nou
840 3514 967 3591 amplius
989 3516 1079 3574 babet
1100 3514 1146 3574 ius
1167 3515 1206 3574 ad
1226 3535 1311 3576 nsum
1333 3516 1416 3575 char·

88 3596 170 3655 tulae
191 3615 280 3667 snae,
308 3600 340 3654 et
365 3595 423 3654 iter
443 3600 508 3653 toto
538 3593 584 3653 die
613 3594 796 3666 retardatum
826 3596 850 3653 si
873 3595 976 3654 statim
1003 3595 1202 3672 proficiscitur
1223 3602 1254 3655 et
1274 3597 1331 3655 iter
1352 3614 1416 3672 pro·

88 3676 171 3754 sequi
193 3677 267 3746 vult,
288 3694 343 3752 per
363 3679 425 3733 tres
447 3674 510 3734 dies
532 3694 592 3733 nou
613 3680 713 3751 potest
734 3674 832 3733 dicere
854 3675 983 3734 officium
1005 3675 1145 3735 divinum.

177 3756 282 3824 Alius.
305 3755 482 3829 religiosus,
503 3753 622 3831 incepto
644 3755 750 3813 itinere
771 3755 936 3826 maritimo,
957 3755 1068 3832 reperit
1089 3776 1121 3815 se
1143 3776 1202 3815 non
1223 3756 1333 3815 habere
1354 3759 1417 3815 bre·

88 3835 225 3896 riariurn.
266 3834 430 3912 Perplexne
452 3840 499 3894 est
520 3835 587 3911 quid
609 3835 709 3893 facere
730 3835 851 3895 debeat:
881 3842 978 3895 utrum
1000 3855 1097 3895 emere
1123 3837 1154 3894 in
1177 3836 1306 3896 statione
1328 3836 1417 3894 inter·

88 3917 185 3976 media
207 3934 315 3975 novum
337 3915 517 3974 breviarium
539 3916 577 3973 50
599 3915 668 3986 fro,
698 3935 736 3974 an
757 3916 874 3975 ratione
902 3917 1088 3994 paupertatis
1115 3917 1273 3992 religiosae
1302 3917 1417 3975 abhoc

89 3996 250 4068 abstinere,
273 3995 412 4055 omittens
433 3995 523 4054 officii
544 3995 636 4054 divini
657 3996 861 4056 recitationem
876 4016 929 4073 per
950 3997 1061 4073 aliquot
1081 3996 1290 4068 hebdomadas,
1312 3996 1418 4055 debeat

89 4078 137 4139 vel
157 4076 263 4155 possit.

89 4189 284 4261 Quarnrrun:
305 4190 485 4330 Habessntue
506 4190 537 4250 hi
558 4189 734 4249 itinerantes
750 4191 896 4250 rationem
909 4193 947 4249 ab
972 4191 1069 4250 officio
1085 4189 1185 4250 divino
1200 4190 1353 4250 recitando
1369 4210 1417 4249 ex·

304 4289 398 4330 cusan
413 4290 468 4330 em.

697 4401 832 4468 Solutio.

179 4544 234 4608 An
264 4563 373 4609 casua
407 4548 444 4608 1ΙΙΙ
477 4544 514 4609 u.
546 4546 574 4610 l.
622 4543 764 4610 Difficile
799 4548 850 4610 est
884 4543 955 4608 sine
984 4542 1139 4609 ulteriore
1172 4543 1325 4624 indagine
1360 4557 1480 4627 prou-06

86 4632 289 4701 Mamertino
312 4634 366 4698 vel
389 4639 505 4701 contra
529 4654 603 4698 eum
625 4632 748 4716 aliquid
778 4633 962 4700 decernere.
1010 4633 1140 4700 Scilicet
1170 4654 1212 4699 ex
1235 4653 1300 4697 uua
1323 4637 1418 4717 parte
