3044 5174
149 253 214 317 540
615 248 820 304 Sacramentum
838 250 1011 305 matrimonii.

149 426 296 492 iniretur.
343 426 375 492 si
400 425 449 493 ita
471 425 585 504 fuerit,
609 425 852 494 matrimonium
875 432 964 494 certo
988 426 1167 493 invalidum
1192 430 1257 505 est,
1283 426 1477 510 quicumque

148 535 327 582 consensus
349 515 449 583 fuerit
472 515 579 582 datus.
626 515 661 582 Si
683 515 732 582 ita
752 536 818 581 non
841 520 930 593 erat,
961 515 1056 582 multi
1078 515 1166 600 iique
1189 515 1379 599 gravissimi
1401 538 1477 584 auo·

148 609 239 672 tores
269 607 404 670 censent
433 603 584 670 sufficere
613 604 656 670 ad
681 604 866 671 nullitatem
889 604 1105 683 matrimonii,
1135 609 1174 672 ut
1195 609 1306 672 metas
1328 608 1477 689 iniustus,

149 695 212 760 etsi
235 713 300 759 non
323 694 357 758 in
379 694 475 758 finem
499 694 699 761 matrimonii
722 694 940 776 extorquendi
962 694 1120 773 incussus,
1144 699 1257 761 tamen
1280 699 1479 762 matrimonii

148 786 327 863 11111111,
358 802 397 847 eo
421 783 507 864 quod
529 782 773 848 matrimonium
796 782 869 864 quis
893 783 1010 866 eligat,
1039 786 1077 849 ut
1099 783 1141 850 ab
1161 783 1220 849 illo
1237 780 1335 850 ‘metu
1359 784 1478 850 iniusto

148 892 185 937 se
208 871 334 938 liberet.
381 870 433 937 lta
456 870 840 937 Baller.-Palmieri
863 875 905 938 tr.
932 874 990 946 10,
1022 876 1102 939 sect.
1127 874 1166 951 8,
1189 892 1221 941 n.
1248 875 1353 948 11293
1385 873 1477 939 Les·

149 961 261 1038 sius,
297 963 336 1025 de
368 962 442 1027 inst.
475 969 504 1026 et
535 963 607 1026 inre
637 961 659 1027 l.
693 963 730 1039 2,
765 982 792 1026 1.
829 963 887 1039 17,
921 960 996 1028 dub.
1031 965 1069 1038 61
1102 961 1241 1044 Lago,
1276 963 1316 1028 de
1347 965 1421 1028 inat.
1451 971 1478 1029 at

151 1053 221 1117 inre
255 1050 284 1115 d.
321 1051 383 1127 22,
419 1070 451 1116 1.
486 1051 568 1127 175;
606 1048 1000 1132 Sohmalzgrueber‚
1032 1054 1089 1116 ius
1124 1053 1192 1117 ecci.
1223 1050 1245 1118 1.
1278 1053 1319 1125 4,
1362 1051 1416 1119 tit.
1450 1055 1477 1127 1,

150 1161 181 1205 n.
205 1141 288 1213 3993
312 1137 378 1205 alii.

240 1235 349 1303 Facile
378 1233 480 1302 etiam
508 1235 543 1301 in
571 1234 669 1302 simili
700 1257 778 1303 casu
801 1237 855 1315 fit,
886 1241 924 1304 ut
953 1235 1196 1303 matrimonium
1219 1236 1265 1303 sit
1286 1235 1478 1315 invalidum,

151 1346 216 1392 non
240 1345 282 1391 ex
305 1324 402 1392 titulo
425 1328 534 1391 metus
557 1344 622 1406 qua
644 1325 732 1403 talis,
757 1325 815 1391 sed
838 1347 880 1392 ex
904 1325 1034 1392 defectu
1058 1324 1128 1390 veri
1149 1345 1339 1393 consensus.

90 1438 142 1493 942
240 1430 278 1497 11.
305 1433 335 1497 2.
374 1429 466 1508 Quod
497 1430 599 1512 igitur
628 1431 870 1497 matrimonium
896 1431 1023 1497 Probae
1053 1430 1190 1512 attinet,
1221 1430 1284 1497 nisi
1306 1452 1363 1497 res
1386 1436 1480 1514 gesta

151 1519 196 1586 sit
223 1520 257 1584 11
283 1519 357 1585 1111
380 1518 435 1584 ubi
459 1523 559 1603 caput
586 1520 769 1586 Tridentini
790 1523 915 1586 concilii
940 1518 1122 1602 ,Tornetei“
1144 1519 1178 1585 vi
1201 1540 1262 1586 sna
1285 1520 1479 1588 destitutum

151 1608 204 1686 sit,
229 1608 472 1674 matrimonium
496 1609 620 1674 nullum
644 1614 697 1677 est
718 1609 816 1676 titulo
839 1609 1126 1676 clandestinitatis.

239 1705 364 1772 Verum
387 1704 415 1770 si
438 1705 495 1772 illa
518 1706 623 1771 valori
646 1726 712 1772 non
736 1707 857 1785 obstat,
881 1705 1027 1772 condicio
1043 1706 1170 1772 Probae
1189 1710 1224 1773 et
1238 1705 1369 1773 Camilli
1391 1707 1480 1792 peni·

151 1794 218 1860 tius
250 1794 438 1876 indaganda
470 1797 531 1862 est.
577 1794 612 1861 Si
644 1794 813 1861 adfuerint
843 1796 899 1861 alii
930 1795 1049 1861 medici
1081 1795 1135 1877 qui
1168 1796 1338 1863 commode
1370 1796 1479 1862 vocari

152 1888 316 1970 poterant,
341 1883 460 1966 agendi
483 1883 598 1950 modus
621 1884 757 1962 Camilli,
782 1887 858 1951 utut
880 1884 1010 1968 iniquus
1033 1887 1068 1950 et
1082 1885 1226 1951 fortasse
1241 1884 1394 1963 iniustus,
1419 1906 1480 1950 non

152 1977 263 2058 potest
285 1972 349 2038 dici
372 1971 573 2040 constituere
596 1993 731 2056 gravem
756 1978 878 2041 metum
902 1977 1018 2040 contra
1040 1973 1190 2040 Probam.

242 2078 305 2144 Sed
335 2077 363 2144 si
386 2078 541 2144 Camillus
570 2079 659 2144 solus
690 2083 763 2145 erat
787 2080 842 2161 qui
866 2083 979 2163 posset
1001 2079 1156 2146 advocari
1180 2079 1248 2160 (vel
1271 2080 1428 2164 -quod
1451 2080 1481 2146 in

152 2167 268 2234 timida
297 2167 408 2252 puella
435 2171 546 2251 potest
568 2167 717 2234 accidere
738 2206 782 2216 -
805 2167 834 2233 si
857 2168 946 2234 solus
969 2171 1042 2236 erat
1065 2169 1116 2234 cui
1139 2168 1255 2253 puella
1272 2169 1481 2252 confidebat),

155 2278 267 2323 curam
302 2256 466 2338 denegare
499 2256 533 2321 11
564 2256 748 2341 periculoso
779 2257 909 2336 morbo,
946 2278 1042 2340 quem
1074 2257 1224 2340 diligenti
1254 2279 1335 2324 eura
1366 2258 1481 2326 medici

154 2352 345 2429 superatum
376 2344 417 2410 iri
447 2350 616 2428 speratur,
647 2368 775 2432 prooem
806 2355 921 2412 mnam
951 2367 1031 2412 sane
1061 2346 1242 2414 constitnit.
1288 2346 1401 2414 Metus
1431 2349 1483 2415 ille

155 2437 255 2501 etiam
276 2457 338 2520 pro
359 2435 423 2518 fine
446 2434 553 2517 iubet,
577 2443 613 2500 nt
635 2439 876 2501 matrimonium
899 2444 1131 2521 retorqueatur,
1156 2436 1233 2518 quia
1255 2456 1335 2502 cura
1357 2437 1484 2504 medica

156 2525 347 2606 denegatur,
372 2523 433 2588 nisi
458 2543 636 2589 consensus
658 2524 691 2589 in
714 2524 958 2590 matrimonium
972 2528 1170 2609 praestetur.
1208 2524 1398 2593 Difficultas
1415 2527 1484 2592 sola

156 2618 223 2689 est,
257 2633 333 2677 num
363 2616 471 2678 metus
499 2612 555 2678 ille
584 2612 747 2678 inferatur
776 2623 886 2679 contro
915 2615 1081 2679 iustitium.
1127 2613 1165 2679 In
1196 2634 1261 2696 qua
1290 2615 1484 2696 quaestione

156 2706 281 2768 certum
305 2705 358 2767 est
380 2701 434 2783 agi
458 2706 574 2767 contra
596 2702 766 2781 iustitiam,
792 2703 818 2767 11
842 2703 987 2768 medicus
1010 2701 1075 2768 iam
1098 2702 1333 2770 antecedenter
1348 2724 1392 2769 ex
1409 2725 1484 2770 con·

155 2795 266 2858 tractu
296 2810 332 2856 se
355 2790 563 2873 obligaverat
586 2791 627 2856 ad
651 2811 763 2856 curam
787 2792 857 2857 sive
879 2790 975 2857 huius
999 2794 1157 2874 aegrotae
1180 2791 1250 2857 sive
1273 2797 1482 2875 aegrotorum

156 2880 188 2945 in
214 2900 335 2963 genere
359 2879 413 2962 qui
438 2881 478 2945 ad
503 2880 609 2965 ipsum
632 2881 796 2946 recursuri
820 2884 940 2946 essent.
987 2880 1103 2962 Itaque
1126 2881 1159 2945 in
1182 2880 1244 2946 1111
1267 2902 1346 2946 casu
1370 2883 1485 2949 matri-

155 2969 301 3034 monium
323 2969 452 3036 ratione
474 2966 582 3035 metus
604 2969 767 3036 irritantis
791 2968 853 3036 erit
877 2974 967 3035 certo
991 2969 1126 3036 nullum.
1166 2969 1255 3035 Satis
1269 2971 1485 3053 probabiliter

156 3064 267 3126 antem
297 3058 433 3125 nullitas
463 3058 563 3124 etiam
593 3059 635 3124 ad
665 3059 748 3125 alios
779 3079 875 3124 casus
906 3058 1111 3132 extenditur,
1144 3057 1236 3140 quia,
1269 3058 1347 3127 licet
1372 3081 1483 3126 curam

156 3148 315 3213 medicam
339 3147 527 3231 impendere
549 3147 695 3213 medicus
716 3152 871 3215 teneatur
894 3167 936 3212 ex
960 3147 1099 3215 caritate
1122 3151 1268 3226 tantum,
1298 3153 1413 3215 tamen
1436 3151 1484 3215 in-

157 3237 277 3303 iustam
308 3236 389 3302 facit
418 3235 620 3319 pactionem,
651 3257 725 3302 cnm
754 3236 996 3302 matrimonium
1024 3237 1200 3303 ineundum
1222 3258 1286 3302 non
1311 3239 1420 3304 minus
1443 3238 1485 3304 sit

155 3329 293 3412 pretinm
323 3328 479 3391 iniustum
510 3346 568 3409 pro
598 3346 677 3392 eura
706 3324 850 3400 medica,
884 3345 981 3407 quam
1012 3326 1039 3390 si
1071 3347 1130 3410 pro
1163 3346 1246 3410 equo
1278 3327 1321 3392 ab
1354 3333 1483 3394 emente

157 3414 343 3498 postulares
382 3413 553 3497 palatium.
605 3415 709 3481 111111
744 3414 1163 3481 Baller.-Palmieri
1202 3416 1223 3482 l.
1260 3435 1288 3482 1.
1328 3437 1361 3483 1.
1401 3419 1482 3483 1127

158 3503 253 3569 dicit:
288 3503 339 3580 „Si
367 3508 397 3567 1⁰
421 3524 560 3586 persona
591 3523 674 3586 qnae
704 3507 827 3570 metum
857 3503 990 3582 incutit,
1023 3525 1087 3570 non
1116 3503 1217 3570 habet
1244 3503 1297 3570 ius
1323 3504 1485 3572 inferendi

157 3593 261 3667 mala;
293 3592 346 3657 vel
371 3595 403 3656 2⁰
425 3591 453 3657 si
477 3614 542 3658 non
565 3591 738 3659 hebetius
761 3592 921 3659 inferendi
944 3593 1005 3659 hoc
1028 3594 1081 3658 vel
1104 3593 1185 3660 illud
1208 3594 1348 3672 malnm;
1376 3596 1431 3661 vel
1455 3600 1485 3661 3⁰

58 3680 122 3696 ⁶*
156 3702 222 3749 non
252 3681 352 3746 habet
381 3681 431 3746 ins
459 3679 612 3764 exigendi
638 3681 881 3749 matrimonium
902 3703 963 3767 per
985 3704 1056 3748 eam
1081 3683 1159 3748 mali
1182 3683 1484 3752 comminationem:

158 3780 257 3837 metim
283 3771 402 3835 dicitnr·
424 3773 541 3836 iniuste
566 3773 712 3837 incusans
736 3793 773 3836 ac
793 3774 931 3858 proinde
954 3775 1083 3837 irritum
1106 3774 1380 3839 matrimoniorn.“

250 3876 332 3943 Hinc
362 3876 469 3942 Proba
500 3877 532 3941 in
565 3876 626 3942 tali
657 3897 736 3943 casn
769 3878 898 3944 omnino
930 3882 1040 3960 potest
1070 3878 1233 3944 actionem
1263 3879 1304 3944 de
1333 3880 1485 3948 nullitate

158 3964 355 4033 matrimonii
392 3965 569 4045 instruere,
606 3966 734 4033 etiarnsi
769 3972 885 4051 postea
920 3967 966 4033 rei
1001 3966 1119 4050 ignara
1152 3967 1207 4035 diu
1242 3989 1315 4034 oum
1350 3969 1486 4035 Camillo

159 4055 289 4121 vixerit.
325 4054 542 4120 Nihilominus
566 4056 752 4123 sententiae
767 4056 894 4122 demum
911 4056 1027 4122 iudicis
1042 4056 1255 4124 ecclesiastici
1271 4061 1363 4123 stare
1379 4058 1485 4124 debet.

158 4145 206 4212 uf.
231 4145 385 4210 Rosset
408 4164 459 4228 op.
485 4166 512 4210 c.
537 4166 569 4211 n.
596 4148 692 4211 1303.

98 4270 151 4325 943
249 4250 288 4315 11.
307 4252 337 4315 3.
372 4248 545 4315 Difficilius
567 4272 669 4318 causa
685 4251 726 4316 de
741 4251 948 4317 matrimonio
964 4251 1073 4318 111111
1088 4251 1303 4336 componitur,
1328 4258 1486 4335 qnantum

160 4339 201 4405 ad
233 4338 500 4421 impedimentum
530 4344 638 4406 metus
668 4341 797 4407 attinet.
844 4339 1057 4406 Discutienda
1086 4345 1164 4407 sunt
1191 4340 1274 4407 haec
1302 4348 1486 4409 momenta:

164 4429 195 4510 1)
225 4449 303 4493 num
331 4428 431 4494 fuerit
455 4433 561 4496 metus
581 4433 711 4514 911111·
739 4429 773 4510 2)
800 4450 878 4494 num
899 4431 976 4513 finis
998 4430 1094 4494 huius
1116 4433 1224 4496 metus
1247 4431 1349 4498 fuerit
1372 4433 1487 4499 matri·

160 4516 314 4591 monium,
338 4517 391 4582 vel
407 4516 523 4583 saltem
542 4517 782 4584 matrimonium
798 4518 842 4584 sit
859 4542 896 4583 ex
911 4527 994 4584 niatu
1017 4526 1204 4601 corraotnm;
1227 4520 1262 4602 3)
1286 4542 1365 4587 num
1389 4521 1489 4588 inerit

160 4611 268 4672 metus
291 4607 408 4671 iniuste
429 4606 586 4673 incussus
