3044 5174
243 273 443 347 Impedimenta
461 293 510 330 seu
528 274 745 343 irregularitatse
762 305 798 314 -
816 293 852 330 ex
869 275 939 330 1616
957 277 1091 346 Bigamia,
1110 276 1267 332 diffamatio.
1357 281 1421 345 431

92 476 126 519 eo
158 455 246 540 qnod
274 455 485 541 probabiliter
516 457 558 520 sit
591 477 630 520 ec
663 456 782 524 delicto.
835 456 957 521 Verum
990 455 1124 539 adiungi
1154 460 1266 540 potest
1295 456 1423 539 irregu-

91 542 230 716 ffiiitgest·
244 564 289 609 ex
323 543 467 626 bigamia
501 543 773 629 interpretativa,
814 566 898 628 quae
936 565 1016 611 sans
1052 548 1145 611 etiem
1180 545 1424 630 dispensatione

136 738 178 806 R.
201 741 235 806 3.
265 739 425 806 Attamen
447 737 623 822 aliqnando
648 761 686 805 ee
702 743 872 828 priuilegio
886 741 986 822 datur
1000 740 1154 826 (excepta
1169 740 1313 824 bigamia
1329 742 1423 821 vera)

94 828 235 912 amplior
255 829 400 895 facultas
421 827 493 894 sive
516 827 676 913 episcopis
698 829 769 895 sive
792 829 950 913 praelatis
971 830 1182 913 regularium.
1229 830 1424 896 Posteriori·

94 917 166 1084 16ιᾶ
179 937 315 1073 τῖὅξη
329 917 440 1003 ampla
463 917 543 984 data
565 922 618 985 est
633 918 776 985 facultas
791 919 899 1001 quoad
914 940 992 985 suos
1007 919 1173 985 subditosz
1197 918 1239 986 cf.
1257 920 1289 986 S.
1306 919 1422 1003 Alph.

182 1128 238 1194 An
262 1148 455 1207 66666666
477 1132 517 1196 3³
532 1130 571 1197 R.
598 1134 627 1198 1.
658 1131 695 1196 In
720 1151 799 1197 casu
822 1135 935 1198 nostro
959 1130 1131 1198 Ferrarius
1153 1131 1324 1199 evidenter
1347 1141 1486 1198 eon-752

94 1216 201 1285 traxit
223 1217 503 1302 irregularitatem
527 1239 569 1285 ex
592 1219 736 1303 bigamia
752 1220 1033 1299 similitudinaria3
1057 1219 1285 1304 irregularitas
1310 1242 1352 1286 ex
1374 1219 1422 1287 bi·

94 1307 205 1391 gamia
227 1307 483 1393 interpretativa
513 1330 578 1374 non
609 1314 700 1376 certo
724 1309 930 1393 adiungitur,
961 1330 1000 1375 eo
1031 1310 1117 1392 quod
1147 1309 1230 1377 haec
1260 1316 1424 1395 supponat

93 1395 226 1479 aliquod
249 1395 493 1464 matrimonium
516 1398 672 1465 validum.

182 1502 224 1570 R.
249 1506 280 1570 2.
318 1502 505 1572 Difficultas
528 1506 600 1572 sola
623 1510 674 1572 est
697 1508 806 1571 utrum
823 1505 1100 1590 dispensationem
1122 1506 1203 1573 dare
1225 1505 1332 1590 possit
1355 1505 1423 1590 epi·

93 1613 222 1678 scopus,
247 1613 290 1660 an
312 1592 501 1677 requiratur
522 1615 676 1661 retunsus
699 1593 741 1660 ad
764 1616 926 1661 summum
949 1595 1145 1679 pontificem.
1185 1595 1268 1661 Sunt
1292 1594 1422 1677 quidem

94 1680 147 1764 qui
172 1681 286 1749 dicant
309 1681 480 1768 episcopos
502 1703 600 1768 posse
632 1704 706 1748 eum
735 1683 804 1749 suis
833 1684 973 1751 subditis
1003 1683 1194 1768 dispensare
1224 1683 1255 1748 in
1279 1683 1424 1767 bigamia

94 1770 376 1852 similitudinarie,
401 1772 501 1841 etiam
524 1772 671 1856 publica,
694 1777 869 1856 postquam
893 1773 1084 1857 irregularis
1108 1772 1301 1855 condignam
1326 1794 1423 1857 prae·

94 1858 221 1928 stiterit
242 1860 489 1945 paenitentiam.
536 1861 584 1928 of.
608 1860 756 1927 Weruz
779 1863 801 1930 1.
826 1884 852 1929 6.
877 1884 908 1929 6.
936 1866 1016 1941 121,
1041 1865 1108 1929 not.
1135 1865 1215 1940 199;
1247 1862 1279 1929 S.
1303 1861 1421 1946 Alph.

95 1948 167 2024 VII,
193 1950 270 2016 452.
302 1948 520 2017 Nihilominus
542 1950 575 2017 id
592 1950 723 2017 videtur
745 1972 788 2017 ex
811 1973 850 2017 6ο
874 1951 952 2017 66161
975 1952 1061 2034 qnod
1084 1951 1184 2034 aliqui
1203 1952 1287 2016 hanc
1308 1954 1422 2017 simili·

94 2040 298 2104 tertineriam
319 2038 496 2122 bigamiam
519 2039 560 2104 ad
586 2061 682 2106 casus
706 2041 820 2107 dubios
842 2062 942 2125 supra
964 2041 1150 2107 nominatos
1173 2041 1365 2116 extendant,
1389 2040 1422 2104 in

94 2126 213 2210 quibus
236 2128 423 2212 episcopum
446 2128 637 2213 dispensare
660 2149 773 2214 posse,
799 2130 929 2196 etiamsi
952 2151 1047 2195 cesus
1071 2130 1115 2196 sit
1136 2129 1303 2214 publicus,
1327 2150 1422 2212 prac-

93 2217 159 2284 tice
181 2221 293 2284 tutum
322 2223 384 2285 eet.
431 2217 544 2296 Quoad
573 2222 722 2285 nostrum
752 2223 862 2285 autem
893 2240 1004 2286 casum
1029 2219 1061 2286 S.
1086 2219 1202 2304 Alph.
1226 2220 1248 2285 1.
1273 2240 1318 2296 6.,
1349 2239 1422 2283 cum

94 2305 237 2373 dixisset
265 2306 452 2391 ,episcopos
475 2307 666 2392 dispensare
688 2329 786 2391 posse
808 2308 843 2374 in
865 2307 1009 2392 bigamia
1023 2308 1296 2385 similitudinarie,
1323 2307 1421 2374 etiam

94 2395 135 2461 ad
152 2395 286 2461 ordines
297 2416 410 2463 sacros
425 2396 649 2481 suscipiendos
661 2403 695 2464 et
711 2397 953 2476 ministrandas,
972 2397 1138 2481 ...idque
1155 2397 1284 2464 etiamsi
1300 2397 1423 2462 crimen

95 2484 197 2553 fuerit
219 2485 640 2571 puhlicnm‘nihilomiuus
663 2486 778 2552 statim
801 2487 909 2553 addit:
945 2486 1066 2565 ,Recte
1088 2509 1168 2553 vero
1191 2490 1306 2572 excipit
1329 2486 1421 2553 Cont.

94 2573 216 2641 Tourn.
242 2595 315 2640 cum
338 2574 498 2641 communi
525 2572 732 2659 [senteutia],
756 2575 784 2641 si
807 2576 885 2642 talis
907 2576 1044 2642 clericus
1068 2576 1200 2643 duxerit
1222 2576 1353 2642 viduam
1369 2577 1422 2641 vel

94 2667 301 2748 corruptam,
332 2664 442 2730 antei
465 2668 543 2732 ante
566 2664 801 2731 ordinationem
828 2665 928 2732 fuerit
951 2687 1023 2731 cum
1054 2666 1164 2748 eliqua
1185 2665 1323 2731 muliere
1347 2687 1423 2730 con·

94 2752 258 2836 1636166.ΙΙ
297 2754 387 2836 Ergo
410 2753 442 2821 S.
467 2755 591 2820 Ductor
612 2753 702 2839 ipsos
724 2753 799 2819 illos
823 2776 919 2821 casus
942 2776 963 2820 6
986 2755 1230 2839 dispensatione
1255 2757 1424 2840 episcopali

93 2841 252 2921 excludit,
275 2842 441 2925 inquibus
458 2863 499 2908 ex
515 2864 615 2927 supra
632 2842 727 2909 dictis
743 2853 828 2909 certa
843 2844 1071 2927 irregularitas
1092 2864 1133 2909 ex
1150 2843 1294 2926 bigamia
1309 2842 1422 2907 simili-

93 2930 262 2997 tudinaria
285 2931 500 3009 contrahitur,
525 2936 559 2998 et
582 2953 639 2998 666
662 2933 750 2998 66166
766 2933 991 3017 episcoporum
1014 2932 1249 3017 dispensationi
1273 2932 1423 3013 assignat

93 3020 150 3103 qui
172 3020 208 3086 iu
230 3021 302 3086 iure
325 3042 396 3088 can.
420 3042 486 3087 non
510 3021 640 3087 omnino
664 3021 753 3087 clare
776 3022 834 3088 sed
857 3023 1066 3105 aliquatenus
1089 3021 1185 3088 dubie
1210 3020 1422 3104 comprehen-

94 3109 226 3178 duntur.
273 3109 480 3195 Quapropter
509 3110 679 3176 dicendum
711 3115 762 3177 est
784 3110 972 3178 Ferrarium
1002 3111 1121 3176 debere
1144 3111 1282 3176 Romam
1311 3131 1422 3175 recur-

95 3220 168 3265 rere
195 3220 257 3284 pro
284 3199 546 3283 dispensatione,
586 3199 646 3264 nisi
682 3200 865 3266 ordinarius
900 3225 938 3266 ee
962 3202 1127 3286 prisilepio
1155 3201 1331 3286 Apostolico
1360 3199 1423 3264 hac

95 3287 258 3355 facultate
280 3287 436 3373 potiatur.

374 3496 699 3557 IRREGULARITAS
720 3498 772 3556 EX
794 3496 976 3557 DEFEGTU
998 3496 1147 3555 FAMAE.

654 3655 765 3721 casus.
787 3662 864 3731 (220)

186 3797 329 3856 Lucullus
350 3797 498 3874 parochus
520 3796 689 3856 diffamatus
711 3795 828 3855 exstitit
849 3796 886 3854 de
907 3793 1029 3853 crimine
1050 3793 1129 3870 turpi
1154 3798 1243 3870 atque
1265 3813 1296 3854 re
1317 3795 1384 3871 ipsa
1405 3814 1423 3852 a

97 3877 193 3937 iudice
214 3877 295 3937 civili
323 3878 354 3936 iu
384 3877 479 3954 prima
509 3884 539 3936 61
566 3878 662 3937 611666
686 3876 831 3936 166166116
860 3876 1081 3935 condemnatur.
1123 3874 1234 3932 Verum
1255 3876 1422 3933 sententiae

97 3957 166 4016 11166
187 3959 311 4017 multum
331 3957 503 4017 nitebantur
523 3957 648 4016 indiciis.
691 3955 789 4026 Quare
810 3955 967 4027 Lucullus,
998 3973 1172 4030 quamquam
1201 3974 1233 4012 re
1253 3973 1326 4013 vera
1354 3974 1422 4013 rens

98 4043 162 4098 eret
184 4044 273 4114 atque
293 4057 418 4115 poenam
444 4037 573 4096 carceris
601 4038 772 4096 solvendam
794 4037 852 4094 iam
874 4036 1083 4105 inchoaverat,
1115 4054 1180 4092 cnm
1203 4035 1355 4108 detegeret
1376 4035 1421 4093 de·

98 4120 208 4177 fectum
229 4119 392 4190 formalem,
414 4118 577 4195 appellavit
598 4119 709 4187 denno,
731 4123 765 4176 ut
786 4117 952 4175 6661661166
973 4116 1042 4174 11166
1063 4114 1287 4172 annullarentur
1308 4121 1337 4172 et
1359 4120 1423 4172 tota

98 4218 189 4258 eausa
210 4204 434 4259 retractaretur.
476 4199 559 4270 Quod
581 4199 692 4257 1661666
714 4203 775 4267 661;
804 4196 885 4255 etin
907 4215 999 4255 66666
1020 4196 1115 4253 denuo
1136 4195 1294 4252 tractanda
1317 4213 1353 4252 ex
1376 4193 1422 4252 de·

97 4280 177 4338 iectu
198 4279 404 4356 probationum
426 4279 664 4338 concludentium
685 4279 826 4337 Lucullus
847 4277 917 4336 tulit
937 4275 1115 4334 sententiam
1144 4274 1254 4333 crimen
1276 4294 1334 4332 non
1356 4293 1421 4332 6666

97 4362 263 4437 probatum.
305 4359 440 4438 Suspicio
462 4359 652 4419 nihilominus
674 4364 778 4418 contra
799 4359 831 4417 L.
854 4362 1035 4434 perseverat.

98 4473 277 4546 Qununmnn
299 4477 328 4534 1ο
348 4493 424 4551 qnae
444 4475 485 4534 sit
505 4474 711 4549 irregularitas
733 4493 770 4532 ex
791 4474 909 4531 defectu
931 4474 1036 4530 166166.

299 4574 330 4631 2⁰
350 4580 446 4631 utrum
475 4574 549 4632 haec
571 4573 740 4631 etiamnunc
768 4571 798 4628 in
820 4571 942 4630 lucullo
970 4573 1141 4646 perseveret
1169 4587 1206 4626 an
1234 4568 1265 4626 in
1293 4566 1421 4625 officinm

352 4654 523 4731 parochiale
543 4654 639 4730 possit
661 4660 724 4712 tuto
746 4651 874 4711 restitui.
