3044 5174
612 291 663 346 Ubi
682 290 813 348 celebrari
832 290 922 345 liceat.
1363 298 1425 363 147

105 465 182 532 stiae
206 465 453 534 distribuendae
477 489 534 533 seu
558 468 766 553 accipiendae
790 470 1019 554 comprehendi
1044 471 1077 536 in
1100 472 1272 556 privilegio
1297 472 1425 549 missae,

105 560 135 620 ut
150 554 345 633 Genicot‚
366 557 422 623 Tb.
440 580 479 623 m.
497 556 538 634 ΙΙ,
558 560 637 634 181;
663 558 863 638 Gennari,
883 561 1120 627 Corisuitozioni
1136 584 1212 628 uror.
1230 585 1300 628 cori.
1318 566 1425 648 liturg.

106 666 185 710 cons.
211 649 273 721 45;
298 644 470 724 Noldin‚
495 647 544 711 De
566 669 703 716 socrum.
728 670 759 714 n.
788 650 860 715 131.
1486 664 1489 668 ’

518 838 792 905 CELEBRATIO
818 840 900 906 SUB
924 840 1010 907 DIO.

667 987 777 1053 Casus.
799 995 858 1065 (74)

187 1118 332 1189 Ubaldus,
353 1124 454 1178 rector
474 1119 618 1179 ecclesiae
639 1119 670 1179 in
691 1121 756 1180 loco
775 1120 1032 1199 peregrinationis,
1055 1121 1101 1181 die
1115 1123 1194 1182 festo
1215 1124 1427 1201 assumptionis
1468 1131 1472 1137 '

102 1198 129 1258 B.
149 1198 191 1258 M.
214 1199 252 1258 V.
282 1217 347 1258 oum
374 1204 498 1276 stupens
527 1200 628 1259 rideat
654 1200 804 1275 ingentem
835 1200 963 1261 fidelium
992 1202 1208 1262 multitudinem
1239 1205 1289 1280 qui
1316 1204 1427 1264 missae

101 1278 225 1337 nondum
248 1278 409 1338 astiterunt
430 1279 511 1339 circa
531 1285 648 1357 tempus
662 1280 783 1340 ultimae
804 1280 914 1341 missae
928 1283 1133 1354 confluentem,
1154 1283 1185 1343 in
1200 1283 1348 1360 angustiis
1362 1303 1426 1344 ver·

102 1364 179 1417 satur
200 1378 238 1418 eo
260 1359 336 1435 qnod
357 1359 484 1419 ecclesia
504 1360 608 1420 horum
629 1367 743 1438 partem
765 1359 901 1437 exiguam
923 1367 1037 1421 tantum
1060 1363 1168 1440 capiat.
1201 1364 1331 1424 Consilio
1352 1365 1426 1426 inito

101 1458 163 1498 nex
185 1440 271 1499 iubet
292 1440 346 1499 sub
368 1439 416 1499 dio
437 1445 570 1499 sternere
598 1460 729 1500 mensam
760 1460 826 1500 cum
854 1441 942 1502 altari
969 1442 1102 1520 portabili
1130 1449 1218 1520 atque
1246 1445 1289 1504 ita
1310 1463 1426 1504 sacrum

101 1519 241 1578 sollemne
261 1518 386 1596 peragit.

102 1623 277 1696 Quaeremus
297 1642 366 1683 num
387 1631 478 1684 recte.

695 1792 830 1861 Solutio.
942 1773 945 1780 ⁵

185 1931 226 1997 R.
247 1934 276 1998 1.
307 1930 510 2014 Quamquam
533 1931 604 1998 iure
628 1933 789 1999 communi
813 1933 1004 2018 prohibetur
1025 1956 1067 2001 ne
1089 1935 1160 2001 sine
1175 1937 1311 2020 speciali
1324 1937 1489 2021 pn‘vi-am

101 2020 181 2105 legio
205 2020 392 2086 celebretur
414 2025 512 2087 extra
527 2021 632 2087 locum
648 2043 788 2099 sacrum,
812 2023 979 2090 sententia
994 2025 1221 2107 theologorum
1238 2027 1321 2092 satis
1337 2047 1424 2093 com·

101 2109 375 2265 iiiiieiiinittit
398 2114 435 2175 ut
457 2114 639 2177 necessitate
662 2121 791 2198 urgente
814 2112 1022 2178 nihilominus
1045 2118 1142 2180 extra
1165 2115 1272 2181 locum
1296 2136 1426 2181 sacmm

185 2305 226 2376 R.
252 2308 282 2372 2.
318 2304 509 2371 Necessitas
531 2305 581 2373 ita
603 2306 808 2389 intellegitur
829 2312 867 2374 ut
890 2308 1006 2374 adesse
1030 2308 1150 2375 debeat
1173 2309 1242 2375 dies
1266 2310 1306 2376 de
1328 2333 1425 2396 prae·

101 2399 193 2480 cepto
210 2394 434 2460 observandus
450 2398 484 2460 et
500 2395 642 2461 fidelium
665 2398 833 2462 multitudo
850 2418 934 2478 quae
950 2398 1033 2463 alias
1048 2398 1149 2464 missa
1166 2405 1304 2467 careret.
1335 2402 1426 2466 Inter

102 2504 181 2566 quas
203 2483 421 2550 necessitates
444 2483 587 2550 maxime
610 2485 672 2550 hae
696 2492 925 2552 recensentur:
962 2489 994 2566 1)
1017 2487 1044 2551 si
1070 2488 1178 2554 diruta
1201 2489 1245 2554 sit
1269 2490 1423 2567 ecclesia:

102 2574 131 2656 2)
156 2573 186 2638 si
218 2593 358 2656 magnus
391 2573 435 2639 sit
466 2573 577 2656 populi
608 2575 778 2640 confluxus
811 2596 907 2657 quem
938 2576 1076 2641 ecclesia
1105 2598 1171 2642 non
1201 2578 1306 2662 capit;
1339 2580 1373 2660 3)
1397 2579 1425 2644 si

101 2683 240 2746 magnus
262 2661 489 2744 navigantium
513 2683 666 2728 numerus
690 2663 730 2728 ad
754 2663 832 2729 litus
856 2663 1022 2748 appellere
1043 2669 1172 2748 potest,
1197 2667 1368 2735 deficiente
1392 2668 1425 2733 in

98 2752 150 2818 illo
175 2751 250 2817 loco
273 2750 422 2828 ecclesia,
447 2755 482 2818 et
504 2750 641 2818 similia:
666 2753 707 2818 cf.
732 2753 815 2838 Epir.
840 2755 946 2838 litorp.
970 2754 1011 2832 X,
1037 2757 1100 2820 593
1116 2776 1165 2838 sq.

185 2857 227 2925 R.
244 2859 275 2924 3.
307 2856 345 2922 In
360 2856 517 2923 eiusmodi
533 2856 663 2924 casibus
679 2858 833 2925 convenit
848 2859 988 2943 quidem,
1012 2860 1040 2927 si
1056 2863 1186 2945 tempus
1202 2860 1426 2929 condiciones-

97 2968 157 3030 que
173 2946 208 3012 id
224 2945 430 3031 permittant,
453 2945 653 3012 ordinarium
669 2948 855 3026 consulere;
879 2969 985 3031 neque
1000 2952 1113 3015 tamen
1129 2950 1162 3015 id
1178 2950 1294 3018 stricte
1310 2973 1426 3018 neces·

96 3037 220 3102 sarium
243 3040 305 3115 est,
329 3034 459 3118 quando
482 3036 663 3102 necessitas
686 3040 737 3103 est
760 3037 946 3104 manifesta.
979 3039 1013 3105 Si
1036 3038 1136 3105 dubia
1158 3044 1210 3105 est
1232 3043 1425 3120 necessitas,

96 3124 282 3192 ordinarius
304 3129 357 3192 est
379 3125 563 3204 adeundus,
595 3129 648 3202 ut,
679 3125 706 3190 si
730 3127 817 3192 forte
841 3148 939 3193 causa
964 3148 1006 3192 ex
1030 3150 1069 3203 se
1088 3150 1154 3194 non
1176 3128 1335 3206 sufficiat,
1368 3130 1425 3196 ille
1497 3131 1501 3138 '

97 3214 342 3300 dispensatione
365 3213 528 3280 defectum
553 3215 720 3298 suppleat:
744 3236 819 3281 nam
845 3215 873 3281 is
895 3216 929 3281 iu
950 3216 1108 3282 eiusmodi
1131 3238 1208 3283 casu
1229 3221 1427 3303 particulari

96 3305 216 3388 alege
239 3303 319 3369 iuris
343 3302 522 3368 communis
545 3303 734 3389 dispensare
757 3310 876 3389 potest.
909 3305 1005 3372 Unde
1028 3310 1122 3389 patet
1145 3306 1308 3373 Ubaldum
1332 3313 1423 3375 recte

96 3394 216 3476 egisse,
240 3391 357 3458 saltem
378 3392 408 3457 si
422 3396 500 3458 ante
523 3393 611 3459 fores
627 3393 785 3459 ecclesiae
808 3394 982 3461 multitudo
1005 3394 1063 3461 illa
1084 3395 1205 3461 missae
1227 3395 1260 3461 in
1284 3398 1425 3464 ecclesia

95 3481 313 3550 celebrandae
336 3480 492 3553 assistere
515 3483 683 3548 commode
706 3504 771 3549 non
793 3487 934 3567 poterat.

292 3673 468 3740 ALTARE
493 3673 817 3741 CONSECRATUM
841 3675 897 3741 ET
921 3676 1225 3744 EXSEORATUM.

668 3824 780 3891 Casus.
799 3833 858 3900 (75)

186 3961 398 4030 Aristarchus,
426 3979 521 4036 nuper
540 3959 695 4020 institutus
716 3961 862 4033 vicarius,
891 3961 1088 4039 suspicionem
1108 3963 1198 4021 habet
1219 3964 1254 4022 de
1276 3966 1423 4026 altaribus

94 4043 244 4104 ecelesiae
265 4060 422 4117 eorumque
445 4041 676 4100 consecratione.
717 4042 823 4100 Altare
851 4042 946 4100 maius
975 4043 1086 4119 reperit
1114 4043 1228 4119 quidem
1257 4065 1295 4103 ex
1322 4045 1422 4122 lapids

94 4127 309 4191 constructum,
332 4123 382 4181 sed
405 4122 517 4180 nullum
538 4121 651 4196 detegit
671 4121 860 4198 reliquiarum
880 4124 1086 4200 sepulchrum:
1108 4123 1138 4181 in
1153 4124 1299 4183 altaribus
1314 4126 1420 4186 latera-

93 4206 172 4265 libus
194 4204 275 4264 solos
297 4202 412 4262 invenit
432 4201 546 4278 lapides
566 4199 732 4277 portatiles,
755 4202 884 4278 sigillum
906 4204 1075 4281 episcopale
1095 4204 1126 4261 in
1148 4204 1184 4262 iis
1206 4207 1353 4272 abrasum,
1376 4226 1420 4265 se·

95 4286 250 4363 pulchrum
271 4284 302 4342 in
324 4283 421 4341 fronte
442 4282 538 4357 partis
559 4283 789 4350 transversalis,
816 4283 845 4341 in
869 4285 927 4344 alio
949 4285 1077 4343 loculum
1098 4283 1287 4360 reliquiarum
1309 4288 1421 4362 reperit

93 4367 214 4427 omnino
235 4363 353 4434 mobile,
374 4363 471 4421 itaut
492 4381 545 4438 per
566 4363 681 4420 modurn
703 4363 827 4422 cistulae
850 4365 959 4423 auferri
981 4371 1010 4422 et
1031 4363 1135 4440 reponi
1156 4364 1259 4440 possit.

93 4483 272 4554 anrarrnn
296 4481 324 4537 1⁰
344 4497 402 4553 qua
423 4478 489 4552 lege
510 4477 677 4552 requiratur
697 4479 792 4537 altare
814 4485 844 4538 et
865 4480 959 4557 quale.

297 4568 327 4625 2⁰
348 4566 417 4642 quid
439 4567 474 4624 de
497 4567 720 4625 consecratione
743 4574 772 4627 st
794 4568 999 4628 exsecratione
1027 4569 1165 4627 altarium
1189 4567 1349 4627 notandum
1371 4570 1421 4629 sit.

296 4659 327 4716 3⁰
349 4675 417 4714 num
439 4656 556 4714 licuerit
576 4656 606 4713 in
628 4656 728 4715 allatis
750 4658 868 4715 casibus
889 4657 1065 4717 Aristarcho
1088 4658 1246 4717 celebrare.

1158 4752 1211 4807 10·
