3044 5174
285 258 709 328 umam-mum
727 260 1140 330 wemma
1312 267 1378 331 ece

39 439 139 507 scribi
163 439 253 505 solet
273 445 450 524 praeterea
471 439 544 502 sola
567 437 715 502 visitatio
737 437 862 518 aliquot
886 437 1094 502 basilicmum
1118 460 1222 521 esque
1252 461 1311 523 per
1334 443 1377 503 30

41 530 94 594 vel
122 532 164 594 15
188 528 261 595 dies
283 528 339 592 vc}
366 531 408 593 10
429 527 605 592 continuos
626 526 816 609 repetenda
863 527 901 590 lu
931 527 1073 592 iubilaeo
1102 529 1229 593 minore
1260 529 1376 594 risita-

40 617 170 685 tionum
193 616 328 700 quidem
349 617 456 681 minor
477 637 633 680 numerus
654 616 739 680 solet
769 616 966 698 praescribi.
996 617 1055 681 sed
1084 617 1161 682 eddi
1191 619 1277 682 solet
1306 623 1377 682 tuur

41 706 267 790 eleemosyna,
290 711 362 770 tum
383 705 541 771 ieiunium
563 705 659 768 unius
682 704 736 768 rel
751 704 877 786 aliquot
893 704 1029 769 dierum.
1061 705 1184 771 Verum
1200 728 1377 788 numquam

41 818 105 863 non
139 795 365 862 necessarium
395 800 449 860 est
476 802 632 859 accumte
662 795 862 876 perpendere
884 793 1015 858 Bullam
1045 794 1243 860 indictionis.
1289 795 1377 861 Nam

42 906 146 970 opera
175 884 384 969 praescripta
411 882 471 948 illa
499 891 656 947 accurate
686 882 888 965 praestanda
919 889 1014 957 sunt,
1051 905 1136 965 quae
1173 884 1376 961 indicantum

42 995 150 1057 neque
173 995 219 1040 ex
239 972 282 1038 iis
304 994 390 1055 quae
411 972 568 1037 Pontifex
590 976 780 1036 antecessor
801 971 1031 1055 praescripsit,
1066 973 1109 1036 ad
1132 994 1172 1036 ea
1195 994 1281 1055 quae
1303 994 1377 1038 suc·

42 1085 156 1129 cessor
178 1063 396 1147 praescribat,
420 1061 485 1126 rite
507 1060 654 1124 concludi
679 1065 800 1143 potest.
824 1082 897 1124 cum
920 1060 1030 1126 omnia
1052 1082 1096 1126 ex
1111 1062 1248 1128 arbitrio
1265 1063 1376 1130 Pouti·

42 1153 112 1219 ficis
137 1151 350 1218 concedentis
371 1150 547 1234 pendeant.

133 1258 174 1324 R.
191 1261 223 1323 3.
247 1257 478 1331 Nihilominus,
501 1256 564 1320 nisi
587 1255 685 1320 aliter
706 1256 740 1320 in
756 1255 852 1320 Bulla
875 1256 1063 1321 indictionis
1081 1256 1181 1323 fuerit
1198 1260 1376 1342 provisum.

42 1369 110 1503 lt
126 1345 889 1518 cernennentes
909 1346 1161 1500 itast
1173 1369 1256 1501 lt?
1271 1348 1377 1504 ¹³5⁰?

112 1490 120 1502 .
551 1486 560 1499 ·
876 1456 890 1487 ³⁹
1089 1461 1105 1499 Ἰ
1161 1489 1169 1500 ·
1250 1489 1257 1502 ·
1282 1480 1316 1503 e..
1368 1491 1375 1504 .

43 1527 175 1611 bouq.
203 1527 244 1590 16
267 1525 363 1590 Febr.
391 1526 476 1588 1852
500 1523 609 1603 (Doer.
634 1524 722 1587 autb.
747 1545 779 1586 n.
803 1524 893 1601 353).

133 1631 174 1698 R.
199 1633 232 1696 4.
276 1629 419 1704 Ieiunia,
449 1649 535 1711 quae
564 1635 643 1694 ante
672 1628 814 1692 Leonem
843 1629 921 1692 XIII
952 1629 1049 1694 indici
1080 1629 1248 1697 solebant.
1280 1637 1376 1696 erant

44 1720 142 1788 trium
168 1719 313 1795 dierum,
343 1718 413 1783 scil.
438 1718 521 1782 feria
543 1717 601 1795 lv,
630 1716 865 1792 v1.sabbat0.
889 1718 987 1800 idque
1010 1718 1071 1782 nisi
1095 1719 1194 1785 aliter
1215 1720 1376 1785 indultum

44 1809 146 1877 fuerit
168 1845 214 1854 -
242 1808 276 1873 id
306 1807 393 1890 quod
423 1807 502 1871 Pius
524 1806 570 1870 lx
599 1805 774 1887 aliquoties
804 1806 939 1872 indulsit
968 1843 1009 1853 -
1040 1807 1137 1871 unius
1167 1808 1376 1891 eiusdemque

43 1897 281 1964 hebdomadae.
328 1896 419 1973 Quae
451 1895 572 1960 ieiunia
603 1895 783 1960 excludunt
815 1916 875 1978 per
905 1917 942 1959 se
973 1917 1065 1960 esum
1097 1897 1243 1962 earnium
1275 1904 1376 1980 atque

45 1987 152 2073 adipis
176 1986 378 2060 animalium,
402 1987 511 2059 immo,
535 1985 563 2049 si
586 1984 741 2049 indicitur
762 1983 917 2049 ieiunium
943 1988 1025 2049 iuris
1048 1988 1167 2063 stricti,
1190 1987 1377 2053 excluditur

45 2077 145 2143 etiam
171 2097 247 2141 esus
269 2096 407 2140 ovomm
431 2080 465 2140 et
488 2073 736 2139 lacticiniorum.

134 2182 176 2249 R.
201 2185 232 2247 5.
263 2181 484 2263 Eleemosyna
507 2179 723 2244 communiter
745 2179 980 2263 praescribitur
1001 2180 1042 2244 ad
1067 2181 1239 2246 arbitrium
1263 2181 1377 2263 singu·

44 2273 152 2338 lorum
177 2275 246 2336 tum
277 2269 385 2353 quoad
414 2269 546 2334 modum
575 2272 645 2333 tum
675 2268 782 2350 quoad
813 2270 997 2352 proximum
1029 2270 1126 2334 finem
1156 2290 1215 2334 seu
1242 2292 1376 2336 causam

44 2362 151 2446 piam:
176 2364 289 2444 potest
312 2363 422 2424 tamen
446 2363 538 2424 certa
562 2378 661 2422 causa
685 2357 856 2439 assignari.

134 2466 175 2531 R.
200 2468 231 2531 6.
271 2464 338 2529 Vix
360 2485 423 2528 non
455 2485 585 2548 semper
614 2464 712 2529 datur
741 2463 951 2528 confessariis
981 2463 1123 2530 facultas
1155 2466 1377 2532 commutandi

45 2555 254 2642 praescripta
269 2575 371 2638 opera
386 2575 428 2618 ex
443 2552 629 2619 rationabili
647 2574 756 2628 causa,
774 2558 913 2637 excepta
930 2554 1143 2631 confessione,
1161 2560 1259 2637 atque
1276 2555 1375 2621 etiam

45 2650 191 2731 excepta
215 2643 440 2709 communione
463 2642 525 2707 nisi
549 2642 656 2724 quoad
679 2663 798 2726 pueros
821 2642 862 2706 ad
886 2663 959 2707 eam
983 2644 1124 2708 nondum
1151 2644 1320 2711 admissos

136 2780 191 2844 An
213 2796 407 2853 quaesistis
424 2778 464 2840 2·
481 2774 520 2840 R.
541 2779 569 2840 l.
602 2774 784 2840 Discrimen
809 2775 938 2840 iubilaei
963 2796 984 2840 a
1007 2775 1141 2857 reliquis
1165 2776 1437 2859 indulgentiistso

45 2867 203 2953 plenariis
225 2864 417 2950 primarium
440 2863 473 2928 in
504 2884 542 2928 eo
572 2868 625 2929 est
655 2856 741 2946 quod
770 2868 903 2949 praeter
932 2864 1169 2947 indulgentiam
1199 2867 1295 2932 detur
1325 2866 1374 2932 fa·

45 2958 153 3024 cultas
177 2954 345 3021 obtinendi
369 2975 389 3019 a
413 2952 558 3035 quolibet
581 2953 781 3018 confessario
805 2952 1039 3037 amplissimam
1061 2955 1243 3018 acensuris
1260 2976 1374 3038 peeca-

44 3046 154 3128 tisque
176 3044 261 3110 alias
283 3042 462 3108 reservatis
485 3042 740 3119 absolutionem,
770 3047 870 3124 atque
894 3043 1181 3108 commutationem
1207 3049 1373 3109 votorum:

44 3136 85 3202 ad
117 3155 216 3217 quam
248 3132 535 3198 commutationem
565 3131 742 3197 secundum
766 3130 968 3216 probabilem
992 3132 1024 3196 S.
1049 3131 1166 3215 Alpb.
1192 3133 1373 3216 opinionem

45 3224 116 3308 (vl,
143 3225 208 3288 537
233 3244 263 3305 q.
288 3221 324 3303 4)
347 3220 470 3286 sufficit
492 3220 563 3285 sola
586 3241 686 3286 causa
710 3220 850 3287 iubilaei.

134 3330 175 3395 R.
200 3331 230 3396 2.
270 3328 448 3394 Praeterea
471 3347 588 3391 censeo
611 3327 643 3391 in
667 3327 807 3393 iubilaeo
830 3328 966 3392 subesse
989 3327 1204 3394 communiter
1226 3329 1373 3394 conside·

45 3419 128 3486 ratis
152 3423 223 3484 tum
245 3419 310 3482 fine
332 3420 403 3482 tum
427 3414 579 3500 operibus
602 3416 765 3493 iniunctis,
789 3417 887 3499 longe
910 3417 1096 3498 graviorem
1113 3438 1244 3482 causam
1261 3419 1373 3486 remit·

45 3510 166 3576 tendas
189 3527 314 3590 poenae
338 3504 529 3589 temporalis
551 3526 611 3589 per
634 3505 870 3588 indulgentias,
902 3526 1000 3587 quam
1023 3504 1056 3570 in
1080 3506 1192 3571 multis
1221 3507 1294 3572 aliis
1325 3507 1373 3573 in-

46 3596 241 3680 dulgentiis;
272 3596 419 3677 adeoque
448 3595 546 3676 longo
574 3595 680 3659 minus
710 3596 851 3661 dubitari
880 3615 994 3678 posse,
1028 3616 1105 3659 num
1129 3595 1216 3661 forte
1238 3602 1375 3681 propter

46 3687 212 3754 defectum
236 3683 429 3749 sufficientis
452 3704 572 3748 causae
595 3683 698 3749 clavis
722 3691 810 3750 erret
834 3688 934 3766 atque
956 3683 1162 3766 indulgentia
1177 3707 1287 3750 coram
1305 3686 1373 3752 Deo

46 3778 165 3842 effectu
189 3794 248 3839 suo
271 3773 481 3840 destituatur.
514 3773 614 3837 lmmo
631 3772 788 3838 sollemne
804 3777 838 3838 et
854 3794 1023 3838 commune
1039 3773 1261 3857 paenitentiae
1277 3796 1372 3840 exer-

46 3865 158 3932 citium
182 3863 224 3928 ab
248 3862 403 3927 universa
426 3860 518 3944 quasi
542 3861 691 3926 Ecclesia
713 3861 784 3927 Deo
807 3862 1005 3937 exhibitum,
1037 3867 1136 3944 atque
1160 3884 1180 3928 a
1203 3869 1254 3929 tot
1277 3886 1372 3928 sano-

45 3953 182 4022 tissimis
206 3951 305 4016 etiam
323 3950 491 4016 Ecclesiae
514 3950 678 4028 membris
704 3972 788 4032 quae
811 3973 987 4033 numquam
1012 3951 1159 4028 deerunt,
1184 3974 1256 4016 cuni
1274 3952 1371 4018 animi

45 4045 177 4110 fervore
201 4046 235 4107 et
258 4041 369 4106 dolore
391 4040 424 4104 in
449 4060 617 4104 commune
642 4040 797 4106 collatum
820 4042 851 4104 in
876 4062 948 4105 sese
972 4044 1023 4105 est
1046 4045 1142 4105 tanta
1163 4048 1371 4124 pececatorum

45 4130 209 4218 expiati0,
243 4133 280 4194 ut
310 4151 353 4194 ex
382 4128 584 4193 abundantia
614 4136 800 4194 sanctorum
832 4130 938 4194 minus
968 4129 1092 4195 sanctis
1116 4131 1212 4194 inimo
1237 4135 1371 4212 peccato

44 4219 197 4290 obnoxiis
219 4219 311 4302 large
335 4218 439 4303 possit
462 4218 701 4284 communicari.

135 4352 190 4417 An
205 4371 396 4428 quaasrruu
413 4354 452 4415 3¹²
468 4350 506 4416 It.
528 4353 555 4415 1.
589 4351 640 4413 Ex
664 4352 758 4416 modo
783 4351 879 4417 dictis
903 4354 996 4434 patet
1013 4350 1220 4415 Commodum
1242 4372 1368 4421 errare:
1381 4369 1430 4422 651

41 4446 145 4511 immo
168 4440 282 4524 gravis
306 4439 390 4505 ratio
415 4444 466 4504 est
481 4439 617 4523 putandi
634 4440 667 4505 in
683 4441 817 4522 reliquis
833 4440 1054 4521 indulgentiis,
1080 4439 1141 4505 etsi
1159 4439 1255 4504 aliter
1271 4461 1371 4507 causa

41 4537 134 4601 iusta
167 4534 201 4598 et
232 4530 398 4595 sufficiens
430 4528 551 4605 subsit,
584 4530 689 4594 Deum
720 4552 804 4595 nunc
835 4553 893 4613 pro
924 4528 1097 4593 Commodo
1128 4549 1190 4591 non
1224 4528 1370 4595 invenire

40 4627 167 4691 iustam
192 4625 227 4687 et
249 4618 530 4704 proportionatam
555 4638 704 4697 causam,
737 4641 796 4684 our
818 4620 865 4684 illi
888 4642 924 4684 re
946 4617 1019 4702 ipsa
1042 4617 1112 4682 sive
1135 4639 1193 4701 pro
1218 4640 1269 4696 se,
1300 4619 1370 4684 sive

96 4730 267 4778 Lebmkubl,
281 4729 354 4771 cuns
368 4728 528 4772 ccmclcntlsc.
548 4729 576 4771 11.
1128 4722 1162 4776 24
