3044 5174
112 274 132 340 8
567 269 607 325 De
626 272 806 327 sacramentis
824 273 985 341 generatim.

110 447 255 532 practice
278 450 390 513 tamen
414 467 470 512 eas
494 447 632 530 exigunt
661 448 789 551 prohet'
781 470 872 515 iones
894 448 1064 604 baptismit
1072 448 1134 516 rite
1158 450 1285 530 collati,
1316 455 1355 516 ut
1377 450 1437 516 hae

110 537 169 603 vix
191 556 345 618 umquam
368 535 402 600 in
425 536 588 619 baptismo
611 536 737 604 haeret
712 543 778 604 trco
801 538 914 603 haberi
936 539 1073 623 possint

199 633 376 699 Concilium
406 654 499 717 prov.
524 634 934 712 Westmonasteriensel,
965 635 1050 701 sicut
1074 637 1199 700 Romae
1222 637 1437 720 approbatum

110 727 178 801 est,
210 723 357 788 decernit
342 721 424 803 t(d.
450 722 543 800 XVI,
568 745 599 791 n.
626 727 662 801 73
695 725 770 792 Uolt.
794 726 872 791 Loc.
896 685 961 802 11'1,
986 725 1046 790 col.
1072 726 1150 807 929)
1175 724 1374 809 baptismum
1398 725 1437 790 ab

109 812 319 879 heterodoxis
343 812 499 877 collatum
522 813 735 897 repetendum
759 835 841 893 esse,
866 814 996 895 quando
1012 813 1128 896 aliquis
1145 814 1186 878 ad
1209 814 1307 879 fidem
1324 815 1437 880 catho-

109 902 206 968 licam
227 904 449 979 convertatur,
480 901 559 978 ,nisi
583 905 754 968 certissime
775 906 905 969 constet
927 903 960 967 in
982 903 1127 986 ipsorum
1151 903 1314 986 baptismo
1330 902 1438 968 omnia

109 992 174 1057 rite
198 1011 270 1056 esse
292 994 428 1074 peracta
452 991 559 1072 quoad
582 992 742 1057 materiae
765 997 800 1058 et
822 991 948 1057 formae
972 992 1257 1076 applicationem“.

199 1088 232 1155 S.
248 1088 366 1170 Gongr.
390 1088 430 1153 de
454 1088 549 1171 Prop.
569 1089 648 1154 Fide
670 1088 703 1153 in
726 1089 941 1155 instructione
965 1090 1006 1154 ad
1030 1089 1171 1155 vicarios
1195 1111 1247 1172 ap.
1272 1089 1438 1155 indiarum

111 1177 326 1244 Orientalium
356 1177 504 1260 postulat
532 1177 757 1243 testimonium
787 1181 925 1244 duorum
948 1179 1082 1245 testium
1111 1178 1231 1244 fiducia
1254 1179 1436 1261 dignorum,

110 1266 164 1349 qui
194 1266 257 1331 rite
287 1266 405 1332 testari
434 1266 562 1350 possint
592 1266 632 1332 de
662 1267 825 1351 baptismo
855 1289 876 1334 a
906 1267 1094 1334 catechistis
1124 1268 1261 1342 collato;
1293 1267 1436 1350 ahoquin

108 1354 350 1421 missionarium
379 1358 480 1420 teneri
512 1355 708 1439 baptismum
739 1362 900 1440 repetere.
953 1356 1046 1434 Quod
1078 1357 1208 1439 quidem
1239 1357 1303 1422 duo
1333 1362 1436 1423 testes

109 1445 328 1527 requiruntur,
353 1444 438 1509 ratio
462 1443 572 1527 aliqua
596 1446 783 1526 quaerenda
798 1449 850 1512 est
872 1445 906 1510 in
921 1446 1066 1512 ruditate
1082 1450 1116 1511 et
1139 1445 1276 1511 levitate
1299 1445 1436 1512 istorum

109 1533 291 1605 hominum:
316 1537 352 1599 at
375 1532 568 1599 concludere
591 1555 671 1600 sane
694 1533 806 1601 licebit
828 1532 860 1599 in
885 1540 997 1601 nostro
1021 1556 1100 1601 casu
1119 1534 1349 1618 requirendum
1367 1556 1436 1601 esse

109 1624 229 1777 silenitem
251 1621 473 1776 iiiuiotestis
504 1621 591 1688 omni
620 1623 684 1688 fide
714 1623 804 1706 digni
833 1623 1056 1689 testimonium
1087 1625 1211 1690 clarum
1236 1629 1270 1691 et
1300 1628 1434 1692 certum.

163 1735 234 1779 ‚ca
294 1761 301 1783 ,
372 1733 472 1788 ,no.

274 1911 459 1972 MUTATIO
481 1913 600 1974 RITUS
620 1911 877 1972 assensistis
896 1912 947 1972 ET
968 1911 1269 1973 AOOIDENTALIS.

685 2066 796 2135 dasne.
816 2077 856 2145 (4)
958 2161 961 2165 ¹

196 2209 358 2268 Zacharias
379 2210 535 2277 sacerdos,
558 2210 607 2285 qui
628 2210 719 2269 habet
739 2210 871 2284 linguam
891 2210 1027 2269 nonnihil
1048 2209 1234 2287 impeditam,
1262 2211 1294 2268 in
1315 2209 1433 2269 admini-

108 2290 239 2350 strandis
261 2289 457 2349 sacramentis
479 2290 600 2367 saepius
621 2292 713 2348 verba
735 2289 904 2366 corrumpit,
946 2290 1026 2349 Hinc
1047 2291 1179 2367 scrupuli
1200 2290 1235 2348 de
1257 2290 1376 2350 valore:

77 2404 80 2408 ·
187 2378 373 2454 Baptizando
394 2397 455 2438 non
475 2398 545 2438 raro
566 2378 656 2437 dicit:
688 2379 770 2453 ,Ego
791 2383 822 2437 te
843 2378 952 2437 battizo
981 2379 1012 2437 in
1033 2398 1120 2438 nome
1142 2379 1241 2438 Patris
1263 2381 1357 2440 etcf:
1388 2380 1433 2437 ab·

108 2459 266 2519 solvendo:
286 2459 367 2534 ,Ego
381 2463 412 2517 te
427 2460 580 2529 assolvo“;
597 2458 749 2534 ungendo:
769 2505 793 2527 ,.
810 2506 815 2518 .
832 2458 980 2534 ‚indulget
994 2459 1049 2517 tibi
1066 2460 1208 2519 Dominus
1230 2458 1370 2535 quidquid
1384 2477 1433 2535 per

107 2559 227 2598 uranum
256 2539 421 2617 delquisti.“
465 2539 502 2597 In
530 2559 570 2599 ss.
593 2538 793 2598 eucharistiae
816 2539 1017 2598 confectione:
1051 2539 1132 2612 ,Hoc
1154 2545 1201 2598 est
1222 2559 1311 2616 copus
1332 2559 1431 2608 meum

107 2623 134 2679 ic
154 2639 186 2678 es
207 2619 280 2679 calis
301 2617 466 2694 sanguimis
487 2619 543 2677 mei
567 2620 640 2679 etc.“
652 2666 661 2695 ,
689 2619 787 2678 aliove
808 2619 893 2678 modo
922 2619 1055 2694 syllabas
1084 2619 1207 2696 corripit
1227 2620 1275 2677 vel
1296 2619 1432 2678 transilit

196 2708 363 2783 Aliquoties
391 2708 423 2766 in
452 2707 600 2785 baptismo
628 2707 757 2767 addidit:
790 2708 870 2782 ,Ego
891 2714 921 2766 te
949 2707 1066 2785 baptizo
1094 2707 1126 2766 in
1147 2707 1263 2767 nomine
1285 2708 1385 2767 Patris
1407 2710 1433 2766 et

107 2787 177 2846 Filii
198 2793 228 2847 et
249 2787 376 2864 Spiritus
397 2789 497 2848 Socrati
525 2797 550 2848 et
571 2791 606 2847 B.
632 2790 760 2866 Virpim'a
782 2785 929 2862 Morioe“;
949 2789 980 2846 in
1000 2788 1186 2847 absolutione
1208 2787 1431 2847 sacramentali:

107 2867 170 2943 Ego
192 2873 221 2927 te
242 2869 366 2927 absolvo
388 2888 406 2927 a
426 2868 561 2944 pcccatis
583 2868 645 2927 tuis
666 2873 698 2928 in
720 2873 834 2927 nomine
855 2869 964 2928 clareti
986 2878 1011 2927 ct
1032 2870 1244 2946 Apostolorum.

108 2982 286 3053 Qusearrua
308 2988 336 3041 1⁰
357 3002 501 3059 quaenam
524 2983 564 3042 sit
584 2982 709 3042 mutatio
731 2984 843 3041 formae
865 2982 1046 3055 essentialis,
1069 3002 1143 3057 quae
1165 2981 1368 3042 accidentalis.

306 3073 336 3130 2⁰
357 3072 425 3147 quid
448 3071 636 3131 iudicandum
659 3071 929 3130 demutationibus
950 3071 1121 3130 Zachariae.

702 3272 839 3339 Salutio.

67 3421 94 3474 ll
196 3417 248 3479 An
272 3436 463 3492 ousasrruu
491 3419 528 3478 1¹¹¹
551 3409 592 3480 R,
618 3418 646 3479 1.
693 3412 834 3480 Mutatio
858 3412 1044 3478 essentialis
1068 3417 1119 3478 est
1150 3433 1233 3493 quae
1256 3414 1360 3479 verba
1389 3414 1434 3480 ita

106 3510 214 3570 mutat
244 3508 280 3570 ut
310 3526 376 3569 non
399 3503 539 3589 amplius
570 3507 705 3568 servent
734 3524 865 3567 sensum
889 3524 909 3567 a
933 3501 1061 3567 Christo
1091 3503 1253 3568 intentum
1277 3507 1311 3568 et
1340 3525 1434 3587 prae-

106 3593 274 3677 scriptum,
299 3593 347 3659 ita
371 3593 497 3659 scilicet
520 3597 557 3658 ut
580 3592 613 3656 in
637 3592 778 3656 humano
795 3591 987 3656 commercio
1009 3592 1096 3673 apud
1119 3591 1289 3656 audientes
1305 3613 1434 3657 sensum

105 3683 197 3747 illum
221 3705 287 3747 non
310 3683 450 3765 amplius
474 3682 611 3747 faciant.
638 3690 643 3700 ’

196 3779 418 3844 Accidentalis
443 3784 494 3845 est
517 3777 667 3854 mutatio,
692 3776 720 3841 si
744 3798 859 3842 sensus
882 3777 937 3841 ille
960 3778 1093 3842 illaesus
1116 3782 1278 3842 maneat.

196 3886 278 3951 R.
260 3890 290 3950 ⁹.
337 3885 545 3950 Faciliusfit
530 3889 659 3950 ttamu
624 3883 707 3949 tatio
731 3884 801 3948 sive
826 3883 990 3967 corruptio
1015 3883 1216 3961 essentialis,
1248 3884 1276 3948 si
1307 3885 1434 3965 quando

107 3974 340 4057 cor1upti0fit
364 3995 406 4039 ex
429 3973 567 4038 indust'
525 3977 607 4050 t,r1a
640 3973 787 4054 quamsi
812 3993 900 4039 casu.
946 3973 1033 4037 Nam
1064 3973 1194 4054 quando
1224 3973 1365 4057 primunr
1390 3977 1434 4051 lit,

107 4067 137 4130 ai
165 4065 246 4128 haec
278 4062 444 4147 corruptio
476 4066 514 4127 ut
544 4085 582 4127 es
611 4063 755 4127 indust'
711 4070 777 4127 trec
805 4062 895 4144 fucta
926 4062 1060 4127 audient
1061 4061 1133 4126 ibus
1164 4071 1314 4147 apparet,
1347 4068 1436 4130 certe

107 4174 222 4218 sensus
245 4156 356 4218 rectus
380 4151 471 4233 gigni
494 4172 559 4215 non
586 4155 712 4235 potest;
744 4152 801 4216 scd
825 4150 887 4217 etsi
911 4172 976 4215 non
1000 4155 1176 4235 appareat,
1210 4155 1338 4217 intentio
1361 4175 1436 4236 pro-

107 4242 244 4306 ferentis
268 4241 370 4306 verba
393 4262 457 4305 non
482 4246 533 4307 est
556 4244 647 4306 recta
671 4244 705 4306 et
728 4239 875 4322 integra,
903 4240 1040 4321 ideoque
1064 4261 1107 4305 ex
1129 4241 1191 4305 hac
1215 4242 1285 4305 sola
1310 4243 1435 4308 ratione

109 4331 256 4395 defectus
288 4330 382 4394 adest
414 4329 609 4396 essentialis.
656 4329 705 4396 De
736 4329 852 4410 quihus
883 4329 1032 4393 omnibus
1063 4330 1104 4395 cf,
1137 4331 1168 4395 S.
1194 4330 1328 4395 Thom.
1355 4334 1434 4415 Aq,

110 4423 241 4484 Suruuzu
266 4421 355 4484 theol.
379 4418 436 4496 Ill,
462 4441 490 4501 q.
518 4421 560 4484 60
585 4440 613 4484 a.
640 4420 658 4482 7
685 4419 725 4484 acl
750 4422 787 4493 3;
813 4418 971 4485 Reuier
994 4419 1015 4484 l.
1041 4440 1067 4484 c.
1094 4442 1124 4483 n.
1153 4423 1204 4486 13.

67 4557 99 4609 12
200 4544 252 4607 An
276 4562 468 4618 cunasrruu
493 4546 532 4606 2ῐῃ
555 4542 594 4608 R.
615 4545 642 4608 1.
680 4542 712 4607 Si
730 4543 824 4607 modo
842 4548 1001 4609 recteest
1025 4544 1174 4622 intentio,
1198 4546 1255 4611 illa
1272 4546 1436 4629 corruptio

111 4631 202 4696 vocis
230 4631 382 4709 ,battizo“
409 4652 469 4714 pro
499 4631 665 4716 ,baptizo“
693 4632 781 4697 nullo
811 4633 907 4696 modo
931 4637 982 4699 est
1012 4634 1214 4703 essentialis:
1245 4656 1350 4717 neque
1374 4636 1437 4700 alia
