3044 5174
157 285 221 349 268
607 275 812 330 Sacramentum
831 275 1022 344 paenitentiae.

156 458 343 524 observare.
367 476 405 520 eo
430 453 516 536 quod
536 452 619 517 alias
634 472 699 517 non
715 451 758 517 sit
773 450 940 535 provisum
956 450 1144 518 necessitati
1161 450 1329 517 monialis:
1353 451 1396 518 cf.
1413 452 1481 518 La·

156 546 273 612 croix
297 545 353 621 VI,
378 548 415 619 2,
439 565 470 608 n.
499 544 582 607 1526
607 545 641 607 ct
666 542 761 616 1527,
786 541 839 605 ubi
862 541 962 606 habet
985 541 1082 606 haec:
1117 540 1170 618 „Si
1192 540 1352 627 moniales
1377 541 1483 608 absint

156 658 177 702 a
199 636 266 700 suis
289 632 513 706 monasteriis,
540 630 640 696 etiam
663 630 768 696 scient
791 630 868 711 quid
891 630 952 695 sibi
975 630 1075 695 liceat
1096 649 1156 712 per
1178 632 1307 696 statuta
1330 630 1385 695 vel
1408 652 1482 696 con·

156 723 371 790 suetudinem.
424 719 545 798 Quodsi
578 718 745 784 nesciatur
780 719 819 782 de
853 722 980 785 statuto
1015 719 1066 782 vel
1101 720 1352 798 consuetudine,
1388 725 1482 804 putat

156 812 314 879 Platelius
337 809 482 894 permitti
506 814 542 875 ut
565 808 668 873 cuivis
684 809 911 874 confiteantur.
950 807 1067 877 Melius
1082 812 1194 873 tamen
1210 812 1263 875 est
1277 808 1481 892 interrogare

156 924 198 967 an
222 902 414 967 facultatem
438 899 597 975 habeant,
628 902 662 962 et
685 896 713 960 si
736 897 917 973 affirment,
948 896 1036 961 credi
1059 900 1198 981 potest.“
1233 935 1275 944 —
1309 897 1480 975 „Quamvis

157 991 236 1056 Gra
244 1013 275 1073 g.
299 990 438 1056 XV...
469 988 558 1053 dicat
581 986 785 1051 confessores
810 1037 816 1050 .
843 1038 849 1051 .
877 1039 884 1052 .
909 986 950 1050 ad
973 985 1194 1051 confessiones
1217 987 1478 1053 monialium...

156 1078 335 1145 audiendas
365 1078 552 1142 nullatenus
582 1074 732 1159 deputari
762 1075 890 1151 valere,
923 1074 987 1138 nisi
1017 1075 1108 1158 prius
1137 1076 1179 1140 ab
1209 1075 1363 1160 episcopo
1395 1078 1479 1141 dioe-

155 1189 274 1234 cesano
298 1165 406 1231 idonei
428 1166 611 1230 iudicentur
634 1169 668 1229 et
691 1163 959 1247 approbationem
985 1216 991 1228 .
1018 1216 1025 1229 .
1051 1216 1058 1229 .
1084 1164 1269 1230 obtineant:
1296 1169 1410 1231 tamen
1434 1166 1479 1229 vi·

155 1257 252 1322 detur
274 1256 467 1336 intellegere
491 1307 497 1321 .
517 1306 549 1320 ..
575 1253 615 1317 de
630 1252 824 1318 monialibus
847 1252 879 1316 in
901 1253 1107 1318 monasteriis
1131 1253 1360 1335 degentibus..
1381 1308 1387 1320 .
1407 1307 1414 1320 .
1439 1255 1479 1320 Et

155 1346 255 1412 etiam
279 1346 310 1410 id
335 1344 438 1409 solum
462 1343 593 1408 videtur
615 1343 700 1406 velle
724 1342 912 1406 Clemens
930 1341 962 1406 X
986 1395 992 1407 .
1018 1394 1025 1408 .
1051 1366 1076 1416 .;
1101 1343 1201 1409 etiam
1224 1343 1295 1426 ipsa
1317 1344 1478 1425 intellegit

155 1439 284 1502 tantum
319 1433 535 1498 confessarios
570 1431 749 1495 ordinarios
781 1431 835 1494 vel
870 1430 1149 1496 extraordinarios
1183 1432 1390 1516 deputandos
1424 1455 1476 1517 pro

155 1523 325 1589 audiendis
353 1523 442 1587 intra
472 1522 618 1586 claustra
649 1519 858 1596 monialibus,
892 1521 1006 1602 quales
1038 1540 1102 1585 non
1135 1526 1227 1598 sunt,
1261 1520 1315 1604 qui
1349 1523 1478 1588 audient

156 1612 355 1696 peregrinae.
409 1611 498 1692 Ergo
528 1610 569 1674 de
598 1609 638 1673 iis
668 1631 732 1673 non
762 1609 940 1690 loquuntur
969 1609 1139 1692 pontifices
1169 1613 1204 1675 et
1233 1617 1475 1693 consequenter,

157 1723 229 1766 cum
254 1723 274 1766 a
295 1701 366 1765 iure
395 1701 529 1781 antiquo
560 1698 776 1763 recedendum
806 1718 871 1762 non
901 1698 960 1775 sit,
992 1697 1053 1762 nisi
1084 1703 1246 1780 quatenus
1268 1721 1354 1766 novo
1383 1701 1477 1766 fuerit

156 1810 364 1873 expressum,
395 1787 552 1853 eiusmodi
576 1787 765 1852 sacerdotes
788 1791 924 1870 possunt
947 1791 985 1853 ut
1007 1790 1106 1852 antea
1129 1788 1302 1853 absolvere
1324 1791 1477 1855 moniales

155 1899 215 1963 per
244 1878 395 1943 accidens
428 1878 469 1942 ad
502 1898 537 1942 sc
566 1876 752 1954 venientes,
786 1876 914 1941 etiamsi
947 1897 1010 1941 non
1042 1876 1109 1943 sint
1138 1877 1180 1942 ad
1209 1898 1266 1942 eas
1296 1880 1477 1963 specialiter

156 1967 359 2052 approbati.“

244 2073 341 2138 Nunc
371 2093 450 2137 vero
481 2074 593 2137 exstat
622 2091 779 2153 expressa
809 2070 988 2137 declaratio
1018 2074 1051 2136 S.
1077 2073 1111 2136 0.
1135 2073 1218 2158 Epp.
1244 2080 1272 2138 et
1294 2074 1372 2158 Bag.
1398 2075 1427 2142 d.
1450 2074 1476 2140 d.

156 2164 196 2227 27
222 2164 307 2244 Aug.
343 2163 444 2225 1852:
480 2160 684 2242 „Aliquando
713 2159 871 2224 moniales
901 2165 959 2226 aut
988 2160 1116 2226 ratione
1145 2161 1299 2228 sanitatis
1329 2167 1389 2229 aut
1419 2162 1477 2229 alia

156 2272 257 2316 causa
287 2251 436 2316 obtinent
459 2249 588 2314 veniam
612 2248 800 2332 egrediendi
823 2248 865 2314 ad
892 2250 992 2314 breve
1015 2253 1144 2332 tempus
1167 2271 1210 2314 ex
1233 2272 1345 2316 earum
1371 2274 1476 2317 mona·

155 2340 267 2417 sterio,
291 2343 420 2405 retento
437 2339 566 2403 habitu:
591 2336 760 2420 quaeritur
775 2359 850 2402 num
868 2337 900 2401 in
916 2338 976 2404 tali
992 2359 1069 2403 casu
1085 2338 1212 2422 possint
1228 2341 1477 2424 exomologesim

155 2450 248 2493 suam
272 2428 382 2493 facere
406 2428 492 2510 apud
516 2427 732 2492 confessarios
756 2427 955 2510 approbatos
979 2448 1037 2510 pro
1061 2432 1199 2509 utroque
1215 2450 1308 2506 sexu,
1333 2430 1477 2512 quamvis

155 2537 221 2581 uon
251 2518 450 2600 approbatos
479 2537 539 2598 pro
563 2516 786 2581 monialibus.“
836 2515 867 2580 S.
893 2516 926 2582 C.
952 2537 1055 2600 resp:
1087 2516 1312 2595 Affirmative‚
1344 2520 1477 2585 durante

155 2627 248 2670 mora
264 2610 360 2670 extra
381 2604 632 2670 monasterium
652 2604 973 2681 (Bellen-Palm.
991 2607 1012 2672 l.
1030 2626 1056 2670 o.
1074 2626 1104 2670 n.
1123 2608 1197 2683 643,
1216 2606 1275 2688 8⁰).
1308 2607 1354 2674 Et
1370 2630 1477 2691 quam·

156 2714 254 2776 quam
281 2699 356 2778 post
380 2695 546 2759 decretum
574 2695 885 2774 ,,θιιεηηαάπιοιίτιηι1
915 2696 954 2758 15
979 2695 1056 2759 Dec.
1085 2696 1170 2760 1870
1193 2717 1292 2779 saepe
1316 2718 1403 2763 nunc
1426 2699 1477 2764 ad·

155 2804 228 2848 esse
258 2787 395 2866 possunt
424 2781 613 2848 confessarii
644 2804 703 2866 pro
727 2782 922 2847 monialibus
950 2783 1138 2868 approbati,
1169 2805 1222 2849 res
1245 2789 1359 2850 tamon
1384 2807 1477 2853 exse

153 2894 283 2956 semper
305 2871 433 2937 incerta
456 2877 515 2938 est.
563 2871 669 2948 Quare
700 2893 772 2936 cum
803 2871 960 2936 eiusmodi
990 2874 1087 2937 rebus
1116 2873 1251 2939 incertis
1280 2896 1346 2940 non
1378 2877 1478 2942 soleat
1510 2850 1515 2969 i

153 2961 214 3027 niti
244 2962 299 3026 lex
329 2961 540 3038 universalis,
571 2961 671 3026 etiam
701 2982 787 3025 nunc
817 2960 995 3026 declaratio
1025 2962 1083 3027 illa
1112 2966 1145 3029 S.
1179 2965 1212 3029 0.
1238 2964 1321 3050 Epp.
1355 2973 1384 3030 et
1407 2968 1476 3052 Ray.
1513 2998 1515 3037 ι

152 3050 326 3117 retinenda
352 3055 412 3116 est.
1513 3046 1516 3098 ἶ

92 3204 146 3258 470
242 3182 295 3246 An
324 3202 515 3257 uunasrruu
546 3183 585 3245 3¹²¹
615 3180 653 3247 R.
702 3181 748 3247 Ut
778 3202 820 3245 ex
850 3181 945 3248 dictis
975 3186 1084 3265 patet,
1116 3182 1278 3266 parochus
1308 3206 1476 3271 perperam
1513 3126 1516 3279 i

151 3271 285 3355 putavit
307 3291 343 3335 se
366 3270 553 3335 monialium
577 3269 707 3335 illarum
731 3271 951 3336 confessiones
975 3271 1125 3355 excipere
1150 3293 1214 3337 non
1234 3294 1340 3356 posse.
1383 3276 1477 3360 quue
1514 3282 1516 3313 ¹

153 3360 295 3424 maxime
324 3358 356 3422 in
388 3380 487 3424 causa
517 3359 675 3424 Amaliae.
729 3358 883 3425 Novitiae
914 3359 1043 3442 quidem
1074 3361 1187 3427 eadem
1219 3362 1293 3444 lege
1326 3368 1477 3432 tenentur

154 3453 225 3530 qua
249 3449 365 3525 ceteri,
398 3449 473 3512 dum
502 3447 535 3511 in
566 3448 765 3513 monasterio
796 3454 983 3523 morantur:
1014 3471 1089 3514 nam
1113 3451 1198 3516 ratio
1222 3472 1281 3516 cur
1305 3453 1337 3522 S.
1364 3455 1476 3537 Congr.

153 3537 285 3602 insistat
314 3536 402 3620 apud
433 3537 595 3619 quaslibet
624 3536 782 3603 moniales
806 3538 839 3601 in
863 3538 1091 3604 constituendo
1115 3540 1316 3606 confessario
1340 3547 1477 3628 speciali,

153 3625 296 3691 exclusis
327 3624 399 3690 aliis
423 3646 443 3690 a
465 3625 625 3691 facultate
655 3627 846 3691 confessarii
876 3627 1018 3692 muneris
1049 3629 1239 3706 exercendi,
1271 3632 1415 3699 sumitur
1440 3654 1477 3698 ex

153 3736 192 3779 eo
223 3715 308 3795 quod
338 3714 371 3778 in
402 3715 635 3780 communitate
665 3715 780 3781 vivant
809 3737 914 3797 neque
943 3716 1034 3799 ipsae
1065 3718 1107 3782 ad
1138 3719 1393 3800 confessarium,
1425 3721 1475 3787 sed

154 3803 374 3868 confessarius
405 3804 446 3868 ad
475 3803 564 3886 ipsas
594 3804 713 3871 debeat
743 3805 898 3870 accedere
926 3804 981 3884 (ef.
1006 3809 1100 3890 Resp.
1126 3810 1158 3874 S.
1185 3810 1218 3872 0.
1244 3809 1327 3894 Epp.
1353 3821 1383 3876 et
1405 3814 1474 3894 Req.

154 3892 293 3957 201ulii
320 3894 403 3956 1875
436 3915 473 3956 ex
504 3894 623 3960 Collect.
648 3896 681 3960 S.
708 3896 741 3960 0.
773 3897 812 3959 de
841 3896 879 3959 P.
906 3896 942 3959 F.
969 3897 1114 3976 11436).
1161 3898 1320 3963 Attamen
1351 3902 1475 3983 quando

152 3981 298 4046 novitiae
322 3986 418 4047 extra
442 3986 637 4047 conventum
662 3987 919 4060 commorantur,
948 4005 1012 4047 non
1036 3986 1140 4049 solum
1164 4007 1357 4069 responsum
1382 4011 1475 4074 supra

152 4070 265 4135 datum
296 4070 396 4135 etiam
425 4070 465 4134 iis
495 4070 720 4154 applicandum
753 4077 820 4148 est,
851 4073 908 4136 sed
939 4073 1038 4137 etiam
1062 4094 1105 4138 ax
1134 4076 1281 4155 generali
1310 4078 1473 4162 principio,

153 4160 238 4241 quod
270 4157 304 4222 in
336 4159 455 4224 odiosis
487 4180 552 4223 non
584 4161 900 4243 comprehendantur
932 4162 1061 4227 nomina
1093 4164 1299 4242 monialium,
1332 4171 1474 4251 sequitur

153 4269 209 4312 eas
240 4248 387 4313 confiteri
417 4270 512 4331 posse
543 4249 628 4331 apud
656 4251 832 4332 quemlibet
856 4250 910 4332 qui
934 4251 1150 4317 saecularium
1176 4254 1401 4323 confessiones
1423 4278 1472 4322 ex·
1514 4286 1516 4347 ;

153 4338 261 4421 cipere
286 4341 404 4421 potest.
1514 4352 1516 4356 '

242 4452 357 4532 Neque
380 4474 440 4534 par
464 4456 515 4518 est
538 4452 622 4517 ratio
646 4475 718 4517 cum
743 4454 875 4520 novitiis
899 4458 1094 4540 repertorium
1119 4456 1257 4537 ordinis,
1289 4481 1372 4542 quos
1395 4459 1471 4546 apud

153 4540 387 4605 confessarium
418 4542 619 4606 saecularem
651 4544 798 4608 confiteri
831 4544 1013 4624 generatim
1043 4567 1107 4610 non
1140 4568 1236 4630 posse
1269 4569 1371 4633 supra
1402 4550 1469 4615 dixi.

153 4628 244 4705 Quod
268 4630 354 4694 enim
377 4629 411 4693 hi
433 4636 607 4712 nequeant,
633 4632 730 4696 eduxi
754 4654 796 4696 ex
819 4633 1026 4717 exemptione
1047 4636 1170 4700 ordinis
1185 4638 1388 4720 regularium
1404 4659 1469 4706 con·
1510 4647 1516 4759 Ι

1513 4804 1516 4815 1
