3044 5174
341 318 539 389 lmpedimenta
556 335 606 374 scu
623 318 857 388 irregularitates:
876 317 1057 374 Homicidium
1076 324 1127 374 etc.
1327 325 1393 390 425

198 519 526 582 IRREGULARITAS
547 520 600 579 EX
621 518 841 580 HOMICIDIO
863 520 954 580 SIVE
975 521 1264 582 MUTILATIONE.

624 678 736 746 tasas.
756 686 833 754 (216)

152 827 264 889 Saulus
287 846 362 904 puer
382 827 414 887 in
435 827 501 886 rixa
528 827 653 887 alterius
680 828 765 905 pueri
792 848 916 905 parvum
945 826 1069 905 digitum
1099 828 1188 904 fregit
1215 829 1265 905 qui
1293 829 1393 889 debuit

65 908 222 987 amputari.
264 907 451 968 Adulescens
473 907 619 967 commisit
646 908 775 968 duellum
796 908 877 968 exitu
907 929 968 969 uon
995 909 1089 968 fatali.
1132 909 1200 968 Alia
1221 909 1286 968 vice
1308 910 1392 969 soda·

64 989 120 1049 lem
142 987 299 1048 lacessivit
319 992 350 1048 et
370 987 407 1047 ad
428 988 557 1048 duellum
577 988 767 1064 provocavit:
789 989 854 1065 qui,
877 1007 943 1048 cum
963 989 1058 1048 nollet
1078 989 1206 1048 duellum
1227 989 1318 1061 inire,
1340 989 1392 1048 sed

63 1066 1111 1209 111111111111111111111111.
1121 1069 1393 1209 ttttdttt

63 1168 149 1291 insiliet.
191 1228 301 1289 Saulus
320 1168 579 1306 posteapmutatis
598 1195 739 1301 moiibus,
760 1231 825 1289 vult
846 1230 927 1289 clero
948 1229 1086 1290 adscribi.

64 1341 243 1413 Quaaamua
265 1346 295 1401 1ο
314 1362 385 1402 num
406 1343 534 1402 duellum
555 1344 678 1403 inducat
697 1344 956 1420 irregularitatem.

266 1442 297 1499 2⁰
317 1460 393 1517 quae
414 1439 455 1501 sit
473 1439 680 1517 irregularitas
702 1462 740 1501 ex
761 1441 919 1502 homicidio
939 1446 970 1502 et
989 1442 1185 1503 mutilatione.

265 1540 296 1599 3⁰
317 1539 460 1615 quomodo
482 1558 548 1598 cum
570 1540 660 1599 Saule
681 1540 848 1618 dispensari
870 1540 985 1601 debeat.

662 1723 797 1791 Salutio.

152 1865 207 1931 Aa
230 1885 422 1943 euassrrcrr
448 1868 486 1930 1m
509 1866 548 1932 a.
569 1869 597 1932 l.
629 1867 681 1932 Ex
702 1869 793 1934 Trid.
818 1871 926 1936 concil.
950 1888 1031 1934 sess.
1049 1870 1102 1946 25,
1127 1889 1199 1952 cap.
1219 1871 1258 1935 19
1277 1870 1316 1935 de
1331 1870 1450 1951 ref-741

62 1954 102 2021 de
126 1954 236 2020 duello
258 1955 396 2022 statuit:
433 1955 506 2038 ,qui
535 1977 679 2039 pugnarn
710 1956 948 2034 commiserint,
983 1962 1017 2024 et
1049 1957 1105 2039 qui
1134 1977 1247 2023 eorum
1270 1958 1392 2042 patrini

63 2049 236 2121 vocantur,
262 2050 519 2129 ...perpetuae
541 2045 696 2111 infamiae
719 2066 859 2129 poenam
881 2046 1084 2113 incurrant“.
1115 2046 1202 2112 Hinc
1224 2047 1253 2112 si
1269 2048 1391 2113 lactum

62 2137 116 2200 est
138 2133 321 2218 publicum,
353 2138 413 2200 aut
435 2134 464 2199 ai
487 2133 631 2200 criminis
653 2133 813 2201 iudicialis
837 2135 999 2200 confessio
1023 2136 1076 2200 vel
1099 2135 1226 2219 punitio
1249 2135 1392 2213 exsistit,

63 2243 106 2288 ex
128 2221 240 2289 duello
264 2223 437 2288 commisso
460 2227 531 2289 tum
553 2228 741 2307 pugnantes
764 2228 835 2291 tum
856 2225 979 2308 patrini
1008 2225 1155 2292 evadunt
1185 2228 1389 2310 crepatores,

61 2311 309 2394 irregularitate
332 2311 425 2378 Rom.
450 2312 596 2397 pontifici
618 2333 678 2396 per
701 2333 737 2378 se
759 2317 941 2381 reservata.

10 2494 12 2507 Ι
152 2418 192 2485 R.
218 2421 249 2485 2.
287 2418 377 2485 Idem
401 2419 513 2485 valere
536 2420 577 2484 de
600 2419 718 2486 duellis
740 2419 840 2486 etiam
863 2443 928 2486 uon
952 2420 1125 2498 fatalibus,
1149 2421 1297 2487 simodo
1321 2421 1391 2486 veri

10 2520 13 2587 1
61 2507 165 2573 duelli
187 2528 307 2574 nomen
329 2512 506 2586 merentur,
532 2513 664 2575 constat
686 2529 729 2574 ex
753 2509 784 2576 S.
809 2510 842 2576 C.
867 2510 899 2576 (1.
926 2510 956 2576 (1.
982 2513 1001 2575 9
1021 2508 1106 2592 Aug.
1127 2512 1212 2576 1890
1236 2510 1269 2576 in
1293 2531 1391 2576 causa

10 2590 14 2699 Ι
62 2598 328 2698 117111111αυί1ηεὶ,
353 2618 437 2699 quae
460 2619 616 2699 expresse
640 2597 822 2700 declaravit
845 2599 945 2666 etiam
969 2599 1079 2666 duella
1101 2598 1159 2665 illa
1182 2620 1266 2681 quae
1285 2604 1391 2667 astu-

10 2710 13 2745 ι
62 2685 165 2751 droers
187 2691 407 2754 exerceantur
427 2687 550 2753 ruferre
574 2689 870 2770 irregularitatem:
899 2690 956 2755 111.
981 2712 1022 2754 m.
1046 2688 1088 2767 ΙΙ,
1116 2689 1211 2756 1010.

152 2808 207 2875 Aa
229 2829 422 2886 curramus
446 2812 485 2874 21ὶ
508 2809 547 2876 R.
575 2811 603 2876 1.
642 2810 860 2877 Homicidium
884 2811 1007 2877 duecte
1031 2811 1262 2889 voluntarium,
1291 2811 1453 2879 1111111142

61 2898 245 2977 occultum,
274 2898 378 2964 infert
400 2898 679 2981 irregularitatem
702 2901 840 2966 totalem
863 2900 896 2965 in
927 2905 1178 2982 exsequentem,
1212 2900 1392 2967 efficaciter

61 2987 290 3067 mandantem,
314 2986 456 3071 positive
479 2993 720 3071 cooperantem.
745 2989 914 3055 —Immo
938 2989 966 3055 ei
990 2994 1122 3057 constat
1144 2991 1184 3055 de
1208 2989 1390 3067 homicidio,

61 3075 196 3143 dubium
219 3082 272 3144 ast
294 3076 336 3143 da
359 3082 533 3157 causante,
567 3077 668 3144 etiam
697 3077 859 3144 homicida
882 3077 1094 3161 (exsequens)
1118 3078 1234 3144 dubius
1264 3078 1391 3161 irregu-

61 3165 141 3231 laris
165 3169 218 3235 est
247 3165 450 3251 partialiter,
482 3166 504 3232 i.
536 3187 564 3234 e.
597 3166 704 3249 quoad
735 3166 927 3234 exercitium
957 3168 1081 3234 ordinis
1110 3168 1197 3234 sacri
1226 3168 1260 3233 in
1289 3167 1391 3234 missa

61 3254 279 3410 111141121ἓ1111ἑ
307 3255 355 3409 clf2
374 3255 407 3321 S.
431 3255 629 3340 Alphons.
654 3255 735 3334 VII,
761 3259 824 3322 347
856 3259 891 3322 et
913 3259 996 3334 454;
1028 3257 1292 3323 D’Annibale
1316 3258 1337 3324 l.
1362 3279 1389 3324 c.

62 3367 92 3411 n.
187 3364 288 3422 ,n0.
358 3398 366 3413 .

151 3451 193 3517 R.
211 3454 241 3518 2.
273 3451 492 3517 Homicidium
508 3451 608 3518 etiam
625 3453 767 3530 casuale,
785 3452 817 3517 in
834 3473 898 3535 quo
914 3452 1069 3519 videlicet
1083 3474 1172 3517 mors
1187 3474 1253 3518 uon
1269 3453 1393 3520 directe

62 3540 304 3618 intendebatur,
329 3544 479 3607 attamen
502 3542 614 3623 agenti
638 3563 712 3607 cum
734 3542 830 3623 gravi
854 3543 950 3625 culpa
972 3541 1174 3626 imputabilis
1191 3546 1242 3609 eat
1257 3547 1393 3626 propter

62 3633 250 3714 susceptam
279 3629 393 3696 illicite
423 3629 586 3696 actionem
615 3630 849 3714 periculosam,
883 3631 1164 3714 irregularitatem
1193 3632 1319 3716 pariter
1341 3632 1391 3696 in-

62 3718 154 3787 ducit
165 3718 199 3784 in
209 3719 317 3804 ipsum
329 3721 449 3786 saltem
462 3724 630 3786 auctorem
643 3720 813 3799 directum,
826 3742 891 3786 non
899 3725 1011 3786 tamen
1022 3721 1056 3786 in
1067 3724 1236 3787 auctorem
1249 3721 1390 3789 dubium.

151 3825 190 3893 R.
216 3829 248 3893 3.
286 3825 452 3893 Mutilatio
476 3827 585 3892 aliena
607 3827 641 3892 in
664 3827 813 3893 omnibus
835 3827 1070 3911 aequiparatur
1092 3828 1201 3911 quoad
1231 3827 1391 3910 irregula-

61 3916 196 3983 ritatem
219 3915 402 3993 homicidio,
427 3916 497 3981 sive
520 3916 706 3982 voluntario
730 3916 803 3981 sive
822 3917 962 3983 casuali:
987 3922 1125 4001 excepto
1142 3918 1239 3983 dubio
1256 3919 1391 3982 auctore

61 4004 137 4161 guig
169 4004 298 4160 {i5del1
320 4005 526 4160 {iniiam
563 4006 690 4088 agitur,
729 4005 1008 4088 irregularitatem
1048 4027 1112 4072 non
1148 4006 1294 4072 incurrit.
1341 4005 1390 4072 Cf.

80 4147 87 4162 .
137 4144 145 4170 ,
246 4144 253 4174 ,
413 4149 420 4163 .

151 4199 189 4268 R.
214 4204 245 4268 4.
284 4201 502 4267 Homicidium
526 4200 574 4281 (et
596 4200 774 4284 mutilatio)
798 4202 929 4268 casuale
959 4206 1096 4269 eatenus
1120 4202 1282 4268 mitiorem
1309 4202 1391 4266 irre·

60 4289 275 4373 gularitatem
297 4290 437 4368 inducit,
470 4295 631 4373 quatenus
654 4291 687 4355 in
711 4312 790 4357 casu
820 4292 948 4357 occulto
979 4291 1150 4375 episcopus
1180 4292 1221 4356 ab
1252 4312 1292 4355 ea
1322 4291 1391 4356 iure

60 4378 226 4446 ordinario
255 4379 360 4465 possit
390 4380 596 4464 dispensare:
635 4401 699 4446 non
732 4380 780 4446 ita
809 4380 842 4445 in
872 4379 1069 4447 voluntario.
1108 4380 1156 4446 cf.
1195 4381 1285 4446 Trid.
1318 4400 1389 4464 cap.

61 4470 172 4536 Liceat
195 4469 290 4551 (sese.
315 4471 368 4548 24,
393 4491 465 4553 cap.
491 4472 510 4534 6
535 4472 574 4535 cle
597 4470 682 4552 rofi).

149 4592 202 4659 Ao
225 4613 418 4669 cuarsrrurr
442 4597 481 4658 3¹⁰
505 4593 543 4659 a.
571 4596 598 4659 1.
639 4592 804 4658 Mutilatio
835 4592 959 4671 aliena,
994 4613 1079 4675 quae
1110 4591 1390 4674 irregularitatem
1400 4606 1452 4659 743

59 4682 204 4762 inducit,
234 4683 439 4766 intellegitur
462 4683 503 4748 de
524 4682 662 4748 menrbro
686 4683 771 4764 quod
795 4704 888 4747 suam
911 4682 1078 4766 propriam
1100 4683 1132 4748 in
1157 4682 1297 4747 humano
1319 4702 1390 4748 cor-
