3044 5174
132 223 196 287 104
645 220 686 275 De
704 237 741 275 ss.
760 219 932 275 eucharistia.

131 401 209 463 runt
238 402 350 464 tamen
380 417 444 462 non
476 401 549 463 erat
578 417 619 463 ea
642 396 839 464 celebrantis
869 401 903 463 et
933 395 1158 463 assistentium
1182 395 1258 461 unio
1288 416 1362 480 qua·
1378 415 1456 462 suas

131 506 245 570 preces
268 490 382 552 mutuo
405 489 632 552 sustentarent
655 489 689 551 et
711 484 874 552 iuvarent.

221 575 254 641 Si
285 596 363 640 vero
394 574 526 658 quaeris
558 595 623 656 qua
653 575 782 640 ratione
805 575 954 641 delectus
977 572 1124 641 iustitiae
1148 573 1294 658 suppleri
1324 574 1454 651 debeat,

132 685 265 730 necesse
289 685 354 729 non
377 668 429 730 est
451 666 490 730 ut
512 664 617 729 denuo
641 664 743 729 missa
765 684 824 747 pro
849 663 1002 730 defuncto
1033 663 1232 748 applicetur,
1264 661 1456 729 convocatis

132 752 295 836 cognatim
326 752 535 819 essentialem
566 751 650 817 enim
681 752 825 819 fructum
856 752 977 818 missae
1007 752 1161 817 defuneto
1192 751 1374 836 applicavit
1397 751 1456 817 Ce-

132 841 270 920 rintbus,
295 842 354 908 sed
377 863 437 926 per
460 842 588 924 aliquas
611 862 725 926 preces
741 842 794 906 vel
817 841 1040 923 indulgentias
1063 861 1122 924 pre
1146 840 1302 907 defuncto
1324 841 1456 906 lucran-

133 931 192 997 das
215 931 346 1014 aliquod
370 932 631 1015 supplementum
654 937 826 1014 praestare
848 951 923 996 mea
946 929 1096 1015 opinione
1119 933 1262 996 tenetur.

337 1130 594 1197 APPLIGATIO
618 1130 777 1198 MISSAE
800 1130 990 1208 EIUSQUE
1013 1129 1249 1197 Erulorum.

702 1295 880 1371 decusas)
935 1349 937 1352 .

221 1435 354 1507 Carolus,
376 1435 423 1494 vir
443 1436 548 1503 laicus,
571 1435 608 1494 ad
630 1434 838 1513 disputandum
861 1436 897 1495 de
917 1437 1006 1495 rebus
1026 1435 1174 1512 religiosis
1189 1454 1311 1512 pronus,
1332 1436 1457 1497 difficul-

132 1522 224 1576 tatem
245 1522 345 1575 movet
365 1515 444 1574 circa
458 1535 498 1575 es.
512 1515 621 1574 missae
636 1515 776 1575 sacrificii
791 1515 964 1586 efficaciam,
986 1516 1113 1575 maxime
1127 1534 1180 1594 pro
1196 1516 1354 1579 defunctis.
1382 1517 1457 1578 Nam

133 1598 158 1656 si
180 1595 339 1673 applicatio
366 1596 478 1655 missae
500 1595 578 1654 tanti
597 1596 714 1668 valeat,
742 1616 801 1655 non
823 1616 918 1673 aequa
938 1597 1023 1655 lance
1044 1595 1087 1655 ait
1112 1595 1238 1655 mactari
1258 1616 1408 1674 pauperes
1427 1602 1459 1658 et

133 1676 256 1735 divites:
280 1677 356 1752 quod
377 1677 440 1735 Deo
461 1695 520 1735 non
541 1695 631 1752 posse
651 1676 769 1753 imponi.
797 1676 873 1735 Nam
895 1677 980 1735 diviti
1001 1677 1058 1736 boe
1078 1677 1164 1736 modo
1184 1676 1359 1737 facillimum
1381 1697 1456 1750 esee,

132 1757 236 1816 relicto
256 1756 360 1833 pingui
381 1756 497 1831 legato,
519 1775 552 1814 se
573 1774 591 1814 a
612 1756 775 1833 purgatorii
795 1759 898 1833 poenis
920 1756 1057 1827 liberare,
1079 1755 1248 1828 ueletiam,
1270 1757 1340 1817 dum
1362 1759 1459 1818 adbuc

132 1837 231 1908 vivat,
259 1856 372 1914 poenas
400 1836 579 1914 temporales
607 1836 816 1912 exstinguere,
846 1856 919 1912 quas
949 1855 1096 1914 pauperes
1123 1836 1196 1896 dicit
1224 1837 1331 1897 debere
1359 1838 1459 1914 longis

133 1916 314 1977 cruciatibus
335 1917 498 1977 exsolvere.
527 1916 679 1976 Parochus
701 1917 776 1975 haec
790 1917 950 1993 reprimere
965 1922 1090 1976 conatur
1111 1935 1259 1988 asserens,
1280 1917 1360 1994 quod
1374 1918 1458 1979 dives

131 1996 228 2074 possit
254 2015 308 2074 per
336 1996 553 2071 eleemosynam
581 2016 635 2073 pro
663 1996 849 2073 applicandis
870 1996 970 2056 missis
992 1996 1107 2065 datam,
1135 1995 1167 2056 id
1186 2016 1348 2074 pauperem
1369 2018 1459 2076 posse

132 2097 185 2154 per
206 2077 363 2137 missarum
384 2076 588 2136 assistentiam
609 2076 759 2148 obtinere;
788 2076 958 2153 ceteroquin
979 2076 1171 2136 consuevisse
1198 2077 1283 2136 iussu
1303 2078 1459 2139 Ecclesiae

132 2157 240 2217 missae
261 2157 348 2217 simul
369 2156 513 2234 applicari
540 2176 594 2233 pro
625 2156 760 2216 omnibus
789 2157 954 2225 defunctis,
983 2177 1036 2233 pro
1064 2157 1170 2233 quibus
1198 2157 1339 2234 specialis
1361 2159 1459 2220 oratio

133 2238 201 2297 addi
231 2237 355 2309 debeat;
386 2256 473 2314 quam
504 2236 733 2313 applicationem
762 2243 882 2314 propter
911 2237 1059 2296 infinitum
1087 2237 1197 2296 missae
1227 2238 1361 2298 valorem
1392 2258 1458 2300 esse

132 2318 265 2395 aequalis
287 2318 447 2377 efficaciae.

133 2433 310 2504 Quaemrme
331 2432 361 2490 1ο
381 2429 525 2567 quomod?
547 2449 586 2568 s'sB
608 2430 716 2490 missae
738 2429 914 2490 sacrificium
943 2430 1038 2508 prosit
1059 2430 1222 2502 defunctis;
1252 2452 1291 2491 an
1319 2432 1371 2492 uni
1393 2434 1459 2511 plus

381 2529 468 2586 quam
489 2528 565 2587 pun
587 2529 629 2569 us.

333 2608 363 2666 20
383 2608 461 2667 sitne
483 2606 584 2666 utilius
606 2608 643 2665 ad
658 2627 769 2684 poenae
784 2608 962 2684 temporales
976 2608 1210 2684 exstinguendas
1222 2608 1346 2670 missam
1368 2611 1459 2690 appli-

386 2707 455 2747 care
476 2687 565 2745 alicui
587 2687 682 2746 adbuc
703 2687 817 2746 viventi
838 2708 878 2747 an
899 2689 1046 2748 defuncto.

332 2787 363 2845 3⁰
383 2785 462 2845 sitne
479 2783 630 2845 efficacius
652 2785 794 2844 assistere
807 2785 917 2845 missae
932 2806 972 2845 an
985 2786 1107 2845 missam
1122 2786 1330 2864 applicandam
1346 2808 1460 2851 curare.

333 2887 363 2943 4ο
385 2883 453 2961 quid
475 2882 512 2942 ad
535 2882 629 2943 Caroli
652 2883 844 2943 difficultates
865 2884 1100 2962 respondendum
1123 2885 1170 2945 sit.

730 3066 864 3134 Solutio.

75 3228 123 3282 186
221 3210 276 3274 An
298 3229 490 3284 ouansrruu
518 3212 554 3274 1¹³
576 3208 616 3275 R.
644 3212 672 3276 1.
719 3208 768 3274 De
798 3209 862 3274 fide
892 3209 1054 3275 catholica
1084 3208 1219 3275 definita
1241 3213 1295 3277 est
1325 3209 1461 3277 missam

134 3318 199 3379 qua
222 3298 415 3364 sacrificium
439 3296 704 3382 propitiatorium
728 3297 890 3365 defunctis
913 3299 1078 3382 prodesse.
1117 3298 1204 3363 Nam
1231 3299 1263 3380 1)
1287 3300 1461 3367 concilium

134 3387 222 3454 Trid.
239 3409 319 3453 sess.
338 3390 391 3463 22,
416 3408 487 3470 cap.
506 3389 524 3450 2
550 3386 645 3452 docet
669 3387 708 3452 de
732 3387 893 3452 sacrificio
916 3387 1053 3453 missae:
1083 3388 1159 3466 ,sed
1182 3391 1217 3454 et
1240 3409 1300 3472 pro
1324 3389 1460 3455 defunc-

133 3476 178 3543 tis
201 3477 235 3540 in
259 3475 388 3542 Christo
411 3476 553 3541 nondum
583 3477 679 3559 plene
702 3475 852 3559 purgatis
881 3476 946 3541 rite
975 3477 1070 3543 iuxta
1102 3479 1325 3561 apostolorum
1356 3479 1463 3545 tradi-

133 3566 241 3631 tiones
265 3566 441 3638 offertur“;
468 3566 501 3646 2)
525 3564 601 3632 ibid.
627 3586 698 3630 can.
724 3568 745 3631 3
769 3566 945 3632 anathema
962 3566 1041 3632 dicit
1063 3567 1225 3632 asserenti
1253 3587 1378 3649 ,neque
1401 3589 1461 3653 pro

134 3654 219 3718 vivis
235 3659 270 3720 et
286 3652 458 3731 defunctis
482 3675 541 3738 pro
557 3653 711 3737 peccatis,
734 3654 857 3740 poenis
882 3654 1162 3722 satisfactionibus
1177 3661 1212 3723 et
1227 3654 1301 3721 aliie
1316 3658 1461 3723 necessi·

134 3743 259 3809 tatibus
283 3742 393 3808 offerri
417 3743 574 3820 debere“;
599 3743 633 3825 3)
657 3764 737 3809 sess.
756 3747 797 3808 25
810 3767 948 3829 prooem.
967 3745 1078 3810 docet:
1107 3744 1351 3828 ,purgatorium
1377 3767 1461 3824 esse,

134 3833 326 3915 animasque
348 3832 392 3897 ibi
417 3832 570 3898 detentae
584 3832 727 3897 fidelium
744 3833 919 3915 suffragiis,
943 3833 1147 3918 potissimum
1168 3855 1247 3900 vero
1264 3835 1462 3918 acceptabili

134 3922 251 3988 altaris
267 3920 426 3986 sacrificio
442 3920 591 3997 iuvari“;
616 3922 651 4003 4)
667 3922 700 3986 in
724 3922 927 4006 professione
950 3922 1025 3987 fidei
1042 3923 1129 3988 Trid.
1154 3923 1303 3990 iubemur
1326 3926 1462 3991 credere

139 4011 190 4089 ,in
215 4010 316 4076 missa
340 4010 449 4075 offerri
472 4010 542 4075 Deo
567 4031 697 4087 verum,
728 4011 896 4095 proprium
920 4015 954 4077 et
977 4012 1241 4096 propitiatorium
1264 4012 1462 4081 sacrificium

133 4122 193 4184 pro
216 4100 301 4165 vivis
324 4105 359 4165 et
382 4099 577 4165 defunctis“.

224 4207 263 4272 R.
289 4209 319 4271 2.
367 4205 570 4287 Quamquam
602 4205 643 4271 de
672 4205 736 4270 tide
761 4211 812 4272 est
841 4206 874 4271 in
898 4227 1021 4289 genere
1052 4229 1094 4272 ss.
1120 4206 1240 4272 missae
1263 4208 1460 4275 sacrificium

136 4317 200 4377 qua
223 4294 487 4380 propitiatorium
513 4296 677 4377 prodesse,
702 4300 812 4361 tamen
837 4296 876 4359 de
900 4296 963 4360 fide
979 4317 1044 4361 non
1067 4303 1119 4363 est
1134 4299 1246 4362 modies
1270 4317 1334 4378 quo
1359 4297 1461 4376 iuvet,

135 4385 189 4448 vel
213 4406 364 4449 rraerrsura
394 4405 459 4465 qua
482 4383 582 4450 iuvet.
629 4385 791 4468 Imprimis
816 4389 940 4451 certum
971 4406 1035 4450 non
1065 4390 1117 4451 est
1146 4385 1310 4452 defunctis
1333 4385 1375 4452 iis
1402 4410 1462 4472 pro

136 4473 252 4556 quibus
287 4472 386 4538 missa
422 4473 558 4537 offertur
590 4474 702 4538 eodem
738 4474 833 4538 modo
867 4473 1083 4540 infallibiliter
1115 4496 1157 4539 ex
1192 4495 1291 4559 opere
1323 4482 1462 4560 operato

135 4562 279 4627 fructum
296 4561 464 4645 applicari,
488 4561 573 4627 sieut
589 4562 774 4645 applicatur
790 4562 884 4628 vivis.
917 4563 1004 4627 Nam
1021 4564 1181 4629 exsistere
1197 4569 1337 4648 possunt
1352 4568 1462 4632 occul·
