3044 5174
383 283 510 339 Minister
527 283 629 354 poenit.
647 313 683 323 -
701 283 800 351 agendi
818 284 888 338 ratio
907 300 969 337 eum
988 282 1164 338 moribundis.
1365 285 1432 349 353

97 480 120 525 e
146 460 308 527 memoria
338 460 425 527 elabi
453 459 684 544 gravissimam
715 482 808 526 suam
839 461 969 545 culpam
998 480 1062 525 non
1086 480 1125 525 eo
1147 460 1225 535 fine,
1256 462 1295 524 ut
1323 457 1432 524 animo

93 550 337 634 desponderet,
368 549 426 615 sed
449 552 487 616 ut
509 571 602 616 suam
625 549 792 634 propriam
815 549 1030 616 abiectionem
1053 553 1088 614 et
1109 547 1334 614 infirmitatem
1357 568 1433 612 sen-

98 638 192 717 tiret,
210 639 387 706 extolleret
402 639 546 705 divinam
561 638 816 704 misericordiam
833 642 867 703 et
883 638 1073 705 bonitatem.
1105 637 1153 703 uf.
1175 638 1230 703 ΊἸι.
1243 660 1283 702 m.
1297 636 1338 716 Π,
1357 638 1431 702 502.

95 727 149 794 Cf.
175 727 312 811 egregia
334 727 459 796 monita
481 728 568 812 apud
591 728 765 805 Recter,
789 728 955 812 Neo-conf.
980 750 1011 793 n.
1037 730 1112 794 246.

374 917 700 986 CONFESSARIUS
724 918 1089 986 MORIBUNDORUM
1111 917 1165 1001 (I).

668 1060 779 1127 casus.
798 1067 875 1138 (182)

196 1200 364 1277 Sigibertus
385 1202 603 1277 octogenarius,
625 1222 691 1262 cum
713 1223 805 1262 sanus
826 1202 1024 1274 decubuisset,
1046 1207 1136 1262 noctu
1151 1202 1298 1278 evigilans
1311 1205 1435 1278 repente

98 1281 198 1342 sentit
218 1301 251 1341 se
271 1281 349 1341 male
369 1282 479 1341 habere
500 1288 588 1359 atque
609 1282 692 1342 iubet
711 1284 872 1360 parochum
893 1283 1005 1342 uocari.
1048 1281 1104 1352 Qui
1126 1301 1191 1342 cum
1213 1282 1337 1353 veniret,
1360 1281 1435 1357 sigi·

102 1365 209 1422 bertus
230 1362 368 1421 sensibus
389 1361 551 1422 destitutus
572 1367 626 1423 est.
668 1362 766 1433 Quare
787 1364 952 1440 parochus,
975 1363 1022 1438 qui
1045 1367 1115 1422 ante
1139 1363 1175 1422 15
1197 1363 1261 1421 dies
1282 1363 1346 1421 eius
1367 1381 1435 1421 cou-

103 1442 267 1583 {esrtsionepi
289 1447 458 1581 οᾶιίῗοροηι,
479 1442 544 1502 sola
565 1449 698 1502 extrema
719 1444 859 1504 unctione
880 1464 947 1503 eum
960 1442 1064 1502 munit.
1093 1441 1158 1512 Qua
1171 1442 1223 1501 vix
1244 1442 1338 1514 finita,
1360 1441 1435 1518 Sigi-

125 1543 142 1582 e
174 1542 210 1582 us
251 1541 303 1581 ece
349 1569 355 1582 .

197 1602 245 1661 Ad
267 1602 401 1677 Sergium
422 1608 558 1674 vocatus,
580 1603 628 1678 qui
650 1623 669 1662 a
682 1603 794 1663 duobus
816 1603 903 1662 annis
919 1604 1073 1663 confessus
1087 1622 1148 1663 non
1163 1607 1228 1662 erat
1241 1621 1336 1679 neque
1357 1620 1436 1660 nunc

103 1682 286 1742 desiderium
307 1681 557 1742 reconciliationis
579 1683 649 1742 dare
670 1683 782 1760 potuit,
806 1703 840 1744 eo
862 1684 939 1760 quod
960 1684 1097 1743 sensibus
1118 1684 1279 1743 destitutus
1300 1687 1436 1759 repertus

104 1763 148 1822 sit
169 1783 188 1822 a
209 1763 355 1838 cognatis,
376 1763 524 1838 parochus
545 1763 639 1823 solam
661 1763 896 1823 condicionalem
911 1764 1125 1823 absolutionem
1146 1764 1297 1823 concedit:
1320 1763 1357 1821 de
1378 1782 1435 1838 quo

106 1846 146 1903 ab
168 1843 264 1902 amico
286 1842 518 1919 reprehenditur.

199 1922 342 1982 Similiter
361 1922 495 1981 nuntium
517 1923 627 2000 accipit
647 1923 683 1982 de
704 1923 793 1983 Saulo
815 1923 1004 1994 moribundo,
1027 1923 1075 2000 qui
1095 1927 1249 1993 vetuerat,
1271 1942 1308 1980 ne
1339 1940 1436 1980 sacer·

106 2004 163 2063 dos
184 2002 263 2080 apud
283 2023 317 2062 se
339 2002 551 2063 admitteretur.
579 2003 665 2062 Nunc
686 2023 757 2063 vero
780 2004 818 2062 ad
839 2004 976 2062 sensibus
998 2004 1171 2063 destitutum
1191 2002 1254 2061 filia
1274 2002 1437 2080 parochum

107 2089 214 2143 vocat:
242 2082 291 2160 qui
312 2083 392 2142 hunc
413 2083 618 2142 condicionate
639 2084 769 2143 absolvit
790 2090 820 2143 et
841 2084 942 2158 uugit;
970 2084 1046 2160 quod
1069 2083 1159 2143 etiam
1179 2082 1253 2142 l'acit
1273 2082 1311 2141 ad
1330 2100 1437 2159 preces

106 2164 189 2223 filiae
211 2182 277 2222 cum
298 2163 363 2222 viro
384 2162 559 2223 acatholico.

105 2260 289 2332 Qunamnua
309 2263 338 2319 1⁰
359 2280 434 2337 quae
454 2260 520 2320 sint
537 2261 658 2335 regulae
680 2261 761 2321 circa
782 2261 998 2321 absolutionem
1019 2261 1267 2320 moribundorum.

311 2352 341 2410 2⁰
362 2350 429 2425 quid
451 2350 487 2408 de
509 2350 634 2426 singulis
656 2350 775 2409 casibus
795 2350 994 2410 iudicandum.

708 2533 844 2601 Solutio.

201 2677 255 2741 Ao
278 2694 471 2750 Qunasrruu
497 2678 534 2738 1¹²¹
558 2675 597 2741 R.
625 2679 654 2742 l.
701 2675 779 2741 Cum
804 2678 901 2741 extra
928 2675 1044 2741 mortis
1067 2675 1245 2760 periculum
1270 2674 1502 2747 moralitereao

107 2772 257 2831 conuore
269 2764 387 2829 debeat
402 2763 603 2830 confessario
616 2765 657 2830 de
673 2765 800 2831 actibus
816 2764 1015 2849 paenitentis
1031 2765 1072 2831 ad
1089 2764 1311 2848 paenitentiae
1327 2784 1438 2830 sacra·

109 2857 258 2919 mentum
281 2852 492 2930 necessariis,
524 2855 543 2919 i.
569 2874 597 2920 e.
622 2853 662 2918 de
686 2854 797 2919 debita
826 2854 1030 2920 confessione
1058 2875 1116 2918 seu
1146 2853 1372 2930 accusatione,
1405 2857 1440 2919 et

107 2944 152 3008 de
176 2942 287 3007 dolore
310 2941 444 3024 eiusque
466 2941 672 3009 sinceritate:
696 2942 729 3008 in
753 2943 896 3027 periculo
920 2964 979 3007 seu
1002 2942 1140 3008 articulo
1164 2941 1279 3007 mortis
1302 2941 1435 3020 suflicit,

110 3035 150 3097 ut
173 3052 247 3095 cum
270 3030 381 3112 aliqua
403 3030 503 3097 etiam
521 3032 617 3096 valde
639 3033 730 3098 tonui
754 3032 984 3115 probabilitate
1007 3031 1144 3096 iudicari
1160 3052 1216 3095 seu
1233 3031 1317 3095 sumi
1335 3030 1440 3114 possit

108 3124 209 3186 actus
231 3120 435 3186 necessarios
458 3124 493 3186 et
516 3120 725 3205 disponentes
748 3121 864 3187 adesse
893 3142 950 3186 seu
976 3120 1136 3197 adfuisse,
1170 3141 1233 3202 quo
1263 3120 1363 3184 liceat
1385 3118 1439 3184 vel

111 3210 233 3275 debeat
256 3208 326 3273 dari
350 3209 512 3275 absolutio
536 3211 652 3276 saltem
678 3210 913 3276 condicionata.
945 3209 1111 3292 Denegari
1133 3213 1243 3274 autem
1267 3209 1439 3274 etiamtum

108 3299 212 3364 debet
235 3297 407 3374 absolutio,
432 3298 561 3380 quando
585 3303 756 3365 constat
779 3299 819 3365 de
841 3298 1089 3383 indispositione
1112 3302 1147 3363 et
1169 3298 1299 3380 quando
1323 3298 1440 3363 nulla

109 3388 285 3454 ratione
308 3388 511 3452 suadetur
532 3387 678 3453 adfuisse
702 3393 795 3454 actus
818 3388 1031 3454 necessarios.

203 3476 300 3541 Ratio
323 3476 440 3560 prioris
464 3477 581 3542 asserti
606 3481 673 3554 ast,
705 3477 781 3559 quia
804 3482 1013 3544 sacramenta
1034 3480 1112 3542 sunt
1134 3480 1270 3560 propter
1293 3475 1441 3541 homines

108 3572 157 3643 ct,
182 3564 236 3629 ubi
260 3565 350 3631 salus
373 3569 508 3632 aeterna
531 3566 744 3649 periclitatur,
769 3571 919 3632 extrema
935 3566 1095 3632 tentanda
1118 3568 1211 3642 sunt;
1235 3586 1341 3647 neque
1364 3587 1441 3650 pro-

108 3654 239 3720 fanatio
263 3654 461 3720 sacramenti
484 3659 552 3733 est,
577 3677 640 3738 quo
662 3658 809 3733 tentato,
833 3655 929 3722 homo
953 3656 1096 3723 fortasse
1119 3676 1178 3739 pro
1201 3658 1274 3721 tota
1297 3654 1441 3720 aeterni·

108 3748 185 3811 tate
207 3743 366 3810 salvatur.

205 3832 301 3899 Ratio
324 3832 443 3897 asserti
465 3832 657 3916 posterioris
681 3837 741 3911 est,
767 3834 863 3914 quod,
887 3834 942 3899 ubi
958 3834 1048 3899 nulla
1067 3832 1283 3917 probabilitas
1299 3835 1351 3896 est
1366 3853 1441 3915 spe-

111 3921 208 3987 randi
242 3922 394 3986 effectum
428 3921 645 3999 sacramenti,
682 3923 808 3988 frustra
837 3925 934 3989 fieret
968 3927 1153 3989 tentamen:
1189 3943 1272 4004 quae
1308 3921 1440 3986 collatio

109 4011 312 4076 sacramenti
335 4032 399 4075 non
424 4015 522 4088 essct,
547 4012 604 4075 sed
628 4011 824 4094 profanatio.
857 4013 974 4094 Neque
990 4012 1023 4076 in
1039 4012 1109 4076 sola
1125 4010 1320 4092 imaginaria
1336 4009 1441 4093 possi·

111 4100 242 4166 bilitate
271 4099 400 4166 fructus
430 4100 583 4166 collocari
613 4104 724 4183 potest
746 4100 890 4167 facultas
920 4100 1118 4166 sacramenti
1149 4098 1352 4176 conferendi,
1383 4099 1441 4164 sed

109 4191 255 4255 humano
279 4190 374 4255 modo
398 4188 541 4254 humana
564 4194 641 4255 sunt
663 4191 849 4258 tractanda.

203 4286 243 4354 a.
268 4289 298 4352 2.
346 4286 431 4351 Hinc
455 4286 551 4352 facile
574 4291 668 4370 patet
691 4288 925 4353 absolvendum
957 4308 1029 4352 esse
1060 4307 1132 4350 eum
1165 4307 1227 4351 non
1259 4286 1362 4350 solum
1387 4286 1442 4367 qui

110 4397 225 4442 coram
249 4376 420 4442 sacerdote
443 4376 538 4458 signa
568 4377 678 4457 aliqua
708 4377 829 4442 doloris
859 4376 983 4461 prodit,
1015 4396 1099 4457 quae
1129 4374 1161 4438 in
1192 4374 1280 4440 hisce
1305 4374 1442 4440 circum·

110 4465 247 4533 stantiia
274 4465 370 4530 simul
400 4470 478 4531 sunt
507 4465 672 4531 sufficiens
703 4466 868 4532 accusatio
893 4487 951 4531 seu
982 4464 1196 4530 absolutionis
1219 4463 1352 4548 petitio,
1383 4465 1443 4530 sed

111 4555 215 4621 etiam
238 4554 294 4620 ille
318 4555 373 4636 qui
403 4576 512 4620 coram
538 4554 610 4620 aliis
640 4556 722 4620 haec
751 4556 847 4638 signa
878 4555 968 4620 dedit
998 4559 1098 4635 atque
1127 4553 1309 4618 advocandi
1331 4575 1444 4620 sacer-

113 4645 202 4711 dotis
226 4645 433 4710 voluntatem
456 4644 693 4711 manifestavit.

167 4754 333 4803 Lehmkuhl,
348 4753 420 4822 Casus
434 4753 593 4796 eonscientiae.
613 4754 643 4799 11.
1201 4747 1237 4801 28
