3044 5174
160 268 203 332 40
637 262 679 319 De
696 267 868 319 sacramento
886 264 1023 335 baptismi.

162 439 226 505 erit
249 438 376 519 dubius,
401 439 464 506 etsi
487 440 584 523 longe
607 441 753 508 maxima
775 461 853 526 pars
875 441 920 509 sit
943 462 1029 524 aqua
1052 441 1221 509 naturalis.
1263 443 1350 509 Nam
1375 441 1410 509 in
1432 444 1489 509 tali

161 528 397 613 compositione
426 551 484 596 seu
513 531 659 597 mixtura
688 552 751 596 non
782 530 888 596 solum
918 531 1023 596 videri
1051 531 1149 597 debet
1178 531 1264 599 sitne
1294 552 1383 615 aqna
1412 553 1489 598 vera

161 639 238 703 pars
262 619 544 703 praeponderans,
575 621 633 686 sed
657 620 757 686 etiam
780 641 857 685 num
880 619 1025 688 mixtura
1053 619 1112 686 illa
1135 621 1297 687 communi
1324 620 1488 687 hominum

161 707 392 774 aestimatione
425 712 598 774 censeatur
630 732 725 797 equo.
779 709 864 775 Hinc
896 709 1020 775 nullum
1053 713 1105 777 est
1136 710 1269 777 dubium
1297 709 1488 777 mixtionem

161 817 286 882 parvae
309 796 506 879 quantitatis
528 797 624 876 salis,
655 797 751 877 ferri,
782 798 844 865 luti
867 819 932 864 non
954 799 1091 864 reddere
1112 799 1286 865 materiam
1309 799 1488 866 invalidam

161 906 267 968 neque
291 885 432 952 dubiam.
479 888 637 952 Attamen
661 887 689 951 si
712 887 891 971 sumpseris
912 887 1089 966 iusculum,
1114 888 1316 966 cerevisiam,
1341 889 1487 964 coffeum

162 975 225 1042 etsi
256 975 386 1055 tenuia,
417 975 466 1041 ita
497 979 533 1041 ut
562 976 659 1059 longe
689 976 834 1042 maxima
863 998 941 1061 pars
970 976 1153 1043 certissime
1183 998 1269 1060 aqna
1292 978 1487 1055 constiterit

161 1064 370 1130 nihilominus
393 1064 555 1130 communi
578 1065 808 1131 aestimatione
830 1087 894 1130 non
918 1066 1020 1132 habes
1035 1087 1171 1148 aquarn
1194 1066 1270 1133 hinc
1291 1066 1327 1133 in
1342 1067 1488 1133 omnibus

160 1153 226 1219 illis
256 1154 385 1219 casibus
418 1153 534 1219 dubius
567 1154 748 1219 censendus
780 1158 831 1221 est
863 1155 1044 1239 baptismus
1076 1155 1137 1222 tali
1168 1155 1309 1222 materia
1339 1156 1486 1223 collatus.

161 1242 231 1321 Quo
262 1245 301 1311 fit
330 1247 368 1308 ut
398 1241 432 1307 in
462 1243 594 1308 deiectu
623 1263 723 1309 verae
754 1265 860 1327 aquae
890 1244 925 1309 in
955 1265 1033 1310 casu
1063 1244 1271 1311 necessitatis
1302 1245 1361 1311 ilia
1395 1245 1487 1311 dubia

161 1332 302 1398 materia
325 1331 471 1397 adhiberi
494 1331 624 1414 quidern
648 1331 783 1411 debeat,
806 1333 865 1399 sed
887 1333 976 1400 illico
999 1333 1042 1400 sit
1065 1333 1244 1400 curandum
1268 1339 1307 1401 ut
1328 1335 1393 1400 snb
1415 1355 1487 1401 con·

162 1421 288 1488 dicione
311 1420 464 1506 repetitio
487 1423 547 1487 fiat
568 1421 603 1485 in
625 1421 766 1488 materia
788 1426 889 1489 certa.

250 1527 290 1593 R.
316 1531 346 1594 7.
382 1526 490 1610 Magis
513 1526 613 1593 etiam
628 1529 723 1594 valor
745 1528 900 1613 baptismi
919 1529 1146 1614 corrumpitur,
1171 1529 1199 1594 si
1222 1529 1334 1595 vinmn
1350 1529 1487 1596 sumitur

161 1637 220 1700 pro
250 1616 400 1683 materia.
447 1616 554 1682 Nemo
582 1616 666 1682 enim
697 1638 815 1700 aquam
845 1640 918 1684 curn
941 1618 1019 1684 vino
1042 1618 1228 1697 confundit,
1258 1619 1321 1685 etsi
1353 1619 1486 1684 chimica

162 1704 353 1789 compositio
378 1726 418 1771 ea
441 1705 485 1771 sit
507 1708 545 1772 ut
566 1706 712 1772 maxima
735 1705 803 1771 vini
825 1729 903 1791 pars
926 1728 1013 1790 aqua
1034 1711 1173 1775 constet.
1218 1706 1306 1774 Hinc
1328 1729 1372 1774 ne
1395 1707 1486 1774 dubie

161 1794 303 1877 quidem,
327 1794 385 1860 sed
409 1798 499 1861 certe
521 1795 685 1860 invahdus
707 1801 760 1863 est
782 1797 964 1880 baptismus
979 1795 1056 1862 vino
1072 1797 1220 1864 collatus.
1256 1797 1304 1864 uf.
1321 1796 1354 1864 S.
1372 1797 1484 1882 Alph.

161 1883 218 1964 VI,
246 1886 308 1950 102
332 1886 367 1949 et
392 1886 473 1962 103;
501 1885 556 1950 Tb.
581 1907 622 1951 m.
647 1884 688 1964 Π,
713 1887 755 1951 58
772 1906 844 1968 sqq.

118 1996 152 2051 63
250 1991 290 2058 R.
315 1993 346 2058 8.
385 1990 541 2058 Concludi
563 1991 665 2074 igitur
688 1992 786 2058 dehet
808 1991 1007 2077 baptismum
1029 1991 1180 2076 Eutropii
1201 2012 1336 2058 manere
1360 1993 1483 2059 omnino

162 2079 292 2145 dubium
317 2080 464 2163 adeoque
479 2081 665 2147 necessario
688 2082 748 2147 sub
770 2081 958 2147 condicione
972 2082 1196 2165 repeteudum
1220 2081 1283 2146 nisi
1306 2083 1406 2149 testis
1428 2082 1484 2148 fida
1521 2116 1522 2127 κ

162 2169 292 2235 omnino
317 2170 434 2253 dignus
457 2170 641 2236 adducatur
664 2170 719 2252 qui
748 2173 892 2237 testetur
914 2170 948 2237 in
974 2171 1035 2236 hoc
1058 2171 1129 2254 ipso
1153 2170 1302 2256 Eutropii
1326 2171 1482 2256 baptismo
1517 2228 1521 2235 .

161 2280 197 2324 se
213 2258 334 2325 vidisse
357 2259 557 2343 baptismum
580 2258 735 2326 collatum
759 2281 831 2325 esse
847 2281 933 2342 aqua
948 2260 1092 2325 naturali
1108 2281 1245 2342 eamque
1265 2260 1299 2324 in
1315 2261 1482 2327 sufficienti

161 2348 256 2432 copia
284 2347 318 2413 in
342 2351 442 2432 caput
465 2347 615 2431 Eutropii
639 2369 711 2414 esse
733 2348 876 2415 infusam
898 2350 959 2414 sub
982 2350 1093 2415 verbis
1120 2349 1201 2427 illia,
1233 2370 1318 2432 quae
1341 2350 1482 2417 minister

160 2437 217 2502 ille
252 2436 453 2503 acatholicus
488 2438 695 2503 consueverit
729 2438 950 2522 pronuntiare.
1006 2437 1127 2516 Quodsi
1160 2438 1238 2504 talis
1271 2439 1371 2504 testis
1405 2438 1482 2505 adsit

161 2525 353 2603 fidissimus,
379 2527 433 2608 qui
456 2526 537 2592 haec
561 2525 670 2593 omnia
692 2529 851 2605 testetur,
876 2548 993 2593 censeo
1017 2528 1057 2593 de
1080 2527 1243 2612 baptismo
1266 2527 1315 2594 ita
1338 2533 1481 2595 constare

163 2619 201 2681 ut
224 2636 296 2681 eum
321 2615 381 2680 sub
405 2614 593 2681 condicione
615 2620 766 2700 repetere
788 2638 854 2682 non
876 2616 984 2682 liceat.

411 2816 688 2884 OBSTETRIOIS
712 2816 1000 2883 BAPTIZANTIS
1023 2817 1247 2884 INTENTIO.

735 2974 845 3042 Casus.
863 2983 922 3052 (18)

254 3114 413 3192 Apollonia
437 3115 583 3174 obstetrix
605 3133 623 3173 a
643 3115 774 3191 parocho
794 3115 906 3175 monita
927 3120 974 3174 est
1000 3134 1038 3174 ne
1067 3115 1200 3192 baptizet
1226 3115 1360 3174 infantes
1382 3115 1482 3176 nisiin

162 3195 294 3271 periculo
315 3195 437 3271 positos.
467 3195 550 3266 Quod
572 3196 634 3254 alta
654 3201 752 3254 manto
772 3196 915 3266 retinens,
938 3214 1002 3254 curn
1024 3214 1120 3271 nuper
1139 3195 1296 3255 assisteret
1316 3197 1419 3273 partui
1438 3195 1482 3255 dif·
1521 3219 1522 3232 ¹

163 3276 233 3335 ficili
253 3294 348 3351 neque
370 3274 445 3334 satis
466 3280 563 3335 tutum
583 3276 735 3336 videretur
754 3276 934 3353 baptismum
948 3275 1072 3335 infantis
1095 3275 1221 3347 differre,
1244 3275 1287 3334 ita
1309 3296 1412 3336 secum
1432 3281 1483 3336 sta·
1520 3251 1522 3316 l

163 3356 235 3414 tuit:
266 3354 348 3428 „Non
369 3355 491 3414 intendo
512 3356 665 3431 baptizare
686 3355 745 3414 nisi
765 3375 868 3414 verum
890 3356 1017 3415 exsistet
1037 3355 1229 3432 pericnlum“,
1252 3362 1342 3433 atque
1363 3357 1422 3417 hac
1441 3376 1483 3416 vo·

162 3436 278 3495 luntate
292 3435 432 3512 baptizat.
463 3435 535 3495 Post
549 3436 661 3511 aliquot
673 3436 763 3496 horas
776 3435 876 3494 infans
891 3441 1016 3514 apparet
1029 3436 1109 3494 clare
1130 3441 1217 3495 extra
1237 3437 1403 3513 periculum
1418 3456 1484 3497 essa.

164 3515 339 3575 Gratulatur
360 3515 417 3574 sibi
437 3516 598 3593 Apollonia
624 3517 702 3592 quod
729 3521 791 3575 tarn
812 3517 985 3594 scrupulose
1014 3517 1264 3594 obtemperaverit
1283 3517 1408 3577 monitis
1426 3537 1484 3596 par·

164 3596 231 3655 ochi
259 3601 289 3654 et
315 3596 461 3654 infantam
488 3601 521 3655 nt
541 3617 601 3656 non
621 3596 804 3674 baptizatum
834 3596 973 3656 exiribere
1001 3597 1104 3672 possit.
1145 3597 1257 3655 Verum
1284 3615 1318 3656 re
1339 3603 1485 3676 comperta

164 3676 313 3753 parochus
328 3675 416 3734 aliter
439 3676 531 3735 sentit
551 3696 646 3752 neque
660 3677 725 3735 vult
738 3677 933 3754 rebaptizare,
949 3677 1048 3751 arguit
1062 3683 1160 3736 autem
1175 3677 1367 3736 obstetricem
1383 3679 1486 3738 stultae

165 3777 183 3815 a
205 3756 272 3815 endi
292 3755 427 3816 rationis.

184 3776 203 3832 g
255 3835 353 3905 Quare
373 3836 534 3914 Apollonia
555 3836 614 3894 alia
634 3835 701 3896 vica
722 3836 811 3895 aliter
831 3858 864 3897 sa
885 3837 964 3912 gerit
990 3841 1078 3913 atque
1100 3837 1144 3895 sic
1164 3836 1308 3895 intendit:
1343 3837 1439 3909 „Volo
1456 3842 1486 3896 ut

164 3917 267 3976 valeat
287 3917 452 3993 baptismus
474 3916 500 3974 si
521 3916 621 3976 infans
643 3936 680 3976 ex
694 3916 751 3976 hoc
766 3916 897 3995 periculo
918 3918 1077 3976 moriturus
1099 3923 1161 3989 est;
1184 3917 1260 3976 alias
1275 3937 1334 3977 non
1349 3918 1483 3978 valebit‘

164 3998 212 4099 Ex
232 3998 345 4056 duobus
367 3996 411 4056 sic
431 3996 592 4073 baptizatis
613 4016 690 4056 nnus
710 4016 744 4056 re
764 4017 837 4057 vera
858 4003 991 4057 mortuus
1013 4003 1069 4066 est,
1091 3998 1168 4057 alter
1188 4003 1334 4058 servatus.

165 4087 343 4190 Qulnnrrun
365 4122 394 4178 1⁰
415 4121 482 4196 quid
504 4118 755 4197 iudicandum1sit
776 4122 810 4180 de
832 4122 933 4181 valore
954 4122 1058 4181 talium
1079 4121 1298 4197 baptismatum.

361 4209 391 4266 2ο
412 4211 599 4285 quandonam
620 4215 651 4269 et
665 4211 807 4286 quomodo
823 4211 968 4270 obstetrix
984 4210 1188 4270 condicionate
1210 4211 1363 4288 baptizare
1380 4213 1486 4272 debeat

760 4393 896 4460 Solutio.

121 4555 156 4606 64
255 4534 307 4596 An
330 4554 521 4609 qunusrruu
548 4538 584 4599 1¹¹²
608 4534 646 4600 R.
675 4538 701 4602 l.
742 4535 892 4600 Condicio
916 4535 948 4599 in
972 4534 1076 4618 primo
1100 4556 1177 4600 casu
1201 4536 1353 4620 apposita
1379 4543 1430 4604 est
1452 4536 1487 4602 de

165 4622 341 4706 praesenti.
388 4623 477 4700 Quae
509 4629 628 4690 natura
651 4646 710 4689 sua
734 4645 797 4688 non
822 4625 933 4690 obstat
962 4629 1167 4690 sacramento
1191 4625 1254 4690 rite
1278 4626 1488 4693 conferendo:
