3044 5174
426 296 553 351 Minister
571 296 671 368 paenit.
691 326 724 334 —
744 312 842 350 munus
859 295 986 349 monendi
1004 297 1033 348 et
1051 293 1171 348 docendi.
1396 296 1462 360 297

124 473 254 539 malum
279 474 364 556 quod
387 497 474 538 nunc
496 481 568 539 ortu
592 473 751 538 oriturum
781 473 826 538 sit
855 472 997 556 spectari
1026 472 1140 549 debet,
1172 472 1229 537 sed
1253 472 1353 538 etiam
1377 493 1463 554 quae

127 568 165 628 in
187 564 304 646 futuro
326 563 489 647 speranda
512 564 565 627 vel
588 562 735 628 timenda
757 567 844 629 sunt.

221 670 261 736 R.
286 671 317 735 4.
364 670 454 752 Ergo
485 670 548 736 etsi
577 670 705 735 fructus
733 669 809 734 ilico
839 690 903 734 non
933 672 1087 752 speratur
1118 669 1173 732 vel
1202 669 1320 734 saltem
1352 678 1464 735 certus

129 762 275 832 nonest,
299 757 434 824 monitio
453 759 661 823 nihilominus
685 758 753 823 fieri
777 758 885 836 debet,
913 758 945 838 l)
968 757 995 822 si
1019 757 1207 839 ignorantia
1227 778 1285 822 seu
1302 779 1395 822 error
1410 761 1464 823 est

128 847 294 913 vincibilis
316 870 374 912 seu
398 848 569 931 culpabilis
592 849 644 913 vel
668 848 786 914 saltem
809 868 887 911 mox
911 847 1081 930 culpabilis
1105 846 1240 921 evadet;
1266 846 1300 928 2)
1323 847 1352 912 si
1368 847 1462 929 igno·

128 939 241 1002 rantia
271 958 330 1002 seu
361 958 452 1002 error
481 937 606 1002 inducit
634 937 813 1020 periculum
843 936 1027 1020 proximum
1057 935 1184 1019 peccati
1214 936 1267 1000 vel
1293 936 1363 1000 eius
1385 957 1462 1020 per·

128 1026 369 1101 severantiam;
402 1026 436 1107 3)
460 1026 487 1090 si
517 1025 705 1109 ignorantia
734 1030 887 1091 versatur
910 1025 997 1089 circa
1026 1024 1183 1108 primaria
1209 1025 1368 1109 principia
1392 1046 1462 1091 mo·

128 1115 214 1180 ralia
237 1117 291 1180 vel
320 1117 489 1199 proximas
519 1115 759 1191 conclusiones;
791 1116 826 1196 4)
849 1114 877 1180 si
900 1135 993 1179 error
1014 1114 1067 1178 vel
1097 1113 1286 1196 ignorantia
1308 1118 1464 1180 versatur

130 1205 218 1269 circa
242 1225 281 1269 ea
305 1225 390 1286 quae
414 1204 510 1269 medii
533 1204 731 1271 necessitate
754 1208 846 1270 certo
869 1204 922 1269 vel
945 1202 1159 1286 probabiliter
1181 1203 1266 1269 scitu
1285 1206 1320 1268 et
1335 1203 1461 1269 creditu

130 1293 319 1358 necessaria
343 1298 436 1368 sunt;
465 1293 499 1375 5)
523 1294 551 1359 si
575 1315 666 1359 error
689 1293 890 1377 perniciosus
913 1296 965 1358 est
988 1292 1180 1376 paenitenti,
1205 1313 1243 1357 eo
1267 1293 1353 1375 quod
1377 1293 1461 1358 falso

129 1382 254 1449 habeat
277 1382 399 1464 aliquid
423 1403 482 1466 pro
506 1386 641 1466 peccato
666 1384 719 1449 vel
743 1404 800 1466 pro
824 1381 922 1464 gravi
944 1385 1089 1465 peccato,
1114 1381 1210 1464 idque
1227 1402 1298 1446 cum
1318 1383 1462 1466 periculo

129 1493 173 1536 ex
198 1472 286 1537 falsa
309 1471 511 1537 conscientia
534 1471 669 1554 gravius
692 1471 858 1555 peccandi.
906 1471 954 1536 ef.
979 1472 1010 1537 S.
1036 1471 1152 1554 Alph.
1177 1470 1240 1549 VI,
1267 1474 1460 1548 609——6163

128 1561 264 1643 Lago,
289 1561 340 1625 De
357 1564 484 1646 poenit.
510 1562 540 1627 d.
566 1564 619 1638 22,
644 1583 675 1629 n.
694 1563 842 1634 24-36;
868 1558 1228 1627 Βθιιθιιιιι-Ριιιιιι.
1248 1563 1289 1627 ιι.
1310 1564 1360 1638 10,
1385 1582 1411 1626 θ.
1430 1563 1459 1639 5,

129 1672 161 1716 ιι.
188 1652 253 1716 816
270 1671 341 1732 sqq.

220 1771 275 1838 An
305 1793 498 1848 qunusrvuu
529 1775 568 1836 2⁰¹
598 1773 637 1838 R.
671 1776 699 1838 1.
753 1771 866 1849 Quoad
895 1775 1038 1858 primum
1069 1793 1181 1837 casum
1211 1794 1296 1837 nunc
1329 1772 1460 1838 difficile
1470 1778 1522 1831 52

129 1883 210 1927 sane
241 1867 294 1927 est
322 1862 470 1927 invenire
500 1861 663 1927 hominem
687 1862 719 1926 ιιι
743 1861 915 1928 bonafide
938 1861 1151 1927 exsistentem
1176 1861 1263 1926 circa
1285 1862 1460 1927 lectionem

127 1972 308 2034 pravarum
339 1950 596 2034 ephemeridum;
627 1950 782 2034 intellego
813 1971 886 2028 eas,
917 1972 982 2016 non
1012 1971 1096 2033 quae
1125 1949 1200 2015 hinc
1229 1950 1304 2015 inde
1336 1951 1459 2031 aliquid

127 2041 223 2123 pravi
254 2043 370 2106 contra
398 2040 496 2105 fidem
526 2041 721 2106 catholicam
750 2044 785 2106 θι
813 2040 916 2105 bonos
941 2060 1047 2104 mores
1071 2039 1256 2111 continent,
1288 2040 1345 2104 sed
1375 2060 1459 2122 quae

76 2152 79 2161 ·
126 2150 170 2194 ex
191 2129 356 2195 industria
372 2129 539 2194 Ecclesiae
563 2133 663 2210 atque
685 2128 761 2194 fidei
776 2128 831 2194 vel
854 2128 947 2194 honis
964 2129 1106 2194 moribus
1123 2128 1302 2194 adversant
1287 2133 1350 2194 t.ur
1387 2129 1459 2194 Has

127 2220 257 2300 legere,
288 2217 350 2282 nisi
378 2218 464 2284 forte
488 2217 644 2283 eiusmodi
668 2218 806 2284 diarium
829 2217 970 2284 habetur
991 2222 1127 2301 propter
1150 2217 1459 2284 communicationes

128 2307 373 2373 commerciales
396 2307 583 2390 similesque
606 2328 670 2385 res,
694 2329 759 2373 non
783 2309 887 2372 solum
906 2307 1086 2409 'periculum
1111 2307 1233 2388 legenti
1254 2328 1376 2386 creare,
1400 2307 1459 2372 sed

128 2397 230 2463 etiam
263 2401 379 2462 contra
405 2398 496 2478 leges
520 2388 761 2463 ecclesiasticas
785 2417 857 2462 esse
881 2397 939 2462 vix
963 2396 1057 2461 erit
1048 2401 1143 2478 rgnot
1144 2419 1209 2462 um.
1256 2397 1300 2462 Ει
1286 2397 1351 2462 tsi
1374 2418 1459 2478 quae

128 2491 268 2552 excusat
269 2485 300 2551 io
253 2486 474 2552 tfortasse
503 2487 619 2550 adesse
648 2490 880 2570 praesumatur
901 2487 936 2551 in
959 2487 1107 2567 legente,
1138 2485 1204 2551 iam
1233 2490 1328 2568 patet
1294 2487 1457 2552 aetiam

127 2576 248 2641 leviter
272 2575 430 2656 cogitanti
404 2575 647 2640 tnullatenus
676 2575 776 2640 licere
806 2576 915 2640 omnia
944 2595 1028 2657 quae
1059 2574 1141 2641 talia
1173 2574 1277 2640 diaria
1307 2577 1387 2641 affut
1372 2575 1459 2642 tiunt

127 2665 255 2746 legere,
280 2685 384 2746 neque
407 2663 507 2728 licere
530 2663 604 2729 aliis
626 2663 772 2730 familiae
795 2665 948 2729 membris
971 2663 1053 2729 haec
1076 2663 1181 2729 diaria
1203 2665 1361 2748 praebere
1385 2686 1458 2730 cum

129 2775 243 2819 eorum
266 2753 341 2818 fidei
365 2757 399 2818 et
422 2773 546 2817 morum
571 2753 667 2834 gravi
689 2754 843 2838 periculo.

218 2841 425 2925 Quapropter
447 2841 533 2906 male
562 2841 687 2909 iudicat
709 2843 835 2926 Eligius
865 2841 1088 2927 paenitentem
1112 2840 1252 2923 relinqui
1274 2862 1370 2925 posse
1393 2863 1459 2907 non

127 2931 305 3008 monitum;
335 2936 468 3014 poterat
497 2935 608 2997 tamen
631 2931 841 2999 monitionem
866 2933 916 2998 ita
945 2934 1208 3014 temperarent,
1239 2930 1266 2994 si
1290 2931 1460 3015 putaverit

125 3021 160 3086 id
191 3019 298 3102 magis
328 3020 499 3104 expedire,
530 3019 643 3086 sileret
674 3023 714 3086 de
743 3022 817 3105 lege
848 3020 1072 3086 ecclesiastica
1102 3019 1207 3104 ipsum
1234 3020 1458 3103 paenitentem

126 3111 214 3176 forte
237 3109 373 3191 ligante,
398 3113 433 3174 et
455 3110 560 3174 solum
584 3109 709 3176 diceret
731 3111 817 3192 quod
833 3111 888 3175 lex
904 3110 1065 3175 naturalis
1082 3107 1230 3174 omnibus
1245 3108 1457 3191 praescrihit:

125 3199 258 3265 etiamsi
295 3198 469 3280 aliquando
503 3205 639 3282 propter
673 3221 794 3281 graves
832 3200 978 3266 rationes
1013 3197 1170 3263 eiusmodi
1205 3197 1309 3263 diaria
1343 3198 1457 3263 haberi

124 3289 235 3364 liceat,
259 3290 371 3354 tamen
394 3309 600 3370 nequaquam
623 3289 763 3371 legenda
787 3309 858 3353 esse
882 3310 921 3354 ea
943 3287 1027 3372 ipsa,
1052 3308 1136 3370 quae
1158 3286 1233 3352 fidei
1249 3287 1457 3369 moribusque

76 3396 80 3467 j,
127 3379 363 3455 adversentur,
394 3381 493 3458 atque
516 3377 694 3443 universim
718 3399 758 3443 ea
782 3377 887 3443 diaria
910 3382 1006 3443 caute
1030 3376 1193 3442 servanda
1216 3397 1305 3455 esse,
1335 3398 1376 3442 ne
1400 3377 1457 3442 de·

125 3467 265 3533 veniant
286 3466 320 3530 in
344 3487 461 3531 manus
482 3465 623 3531 filiorum
646 3467 860 3549 aliorumque,
885 3465 940 3550 qui
963 3467 1116 3532 damnum
1139 3466 1215 3531 inde
1239 3466 1379 3549 capiant.

76 3584 88 3629 Ι
217 3572 257 3639 R.
283 3575 313 3638 2.
356 3571 468 3649 Quoad
490 3573 769 3655 froncomurorioa
792 3573 943 3639 similiter
966 3572 1023 3638 vix
1046 3593 1200 3654 umquam
1223 3572 1313 3637 sileri
1335 3576 1456 3656 potest,
1465 3587 1521 3643 528

127 3684 200 3728 cunr
232 3662 318 3726 bona
347 3661 428 3726 fides
458 3682 615 3745 perquam
646 3662 786 3728 difficilis
816 3663 861 3728 sit
890 3683 950 3727 nec
981 3661 1196 3728 communiter
1221 3661 1274 3727 diu
1299 3661 1457 3728 duratura

127 3756 229 3834 atque
252 3752 341 3815 mala
364 3771 406 3815 ex
430 3751 593 3816 consortio
617 3773 690 3816 cum
714 3751 754 3817 iis
778 3751 915 3817 oriunda
941 3751 1213 3834 gravissima—
1173 3751 1457 3816 —Nihilominus

127 3840 303 3923 aliquando
335 3838 466 3905 evenire
497 3844 656 3923 potestu
636 3845 689 3918 ut,
721 3842 748 3905 si
779 3846 860 3923 agat
861 3863 900 3905 ur
929 3840 970 3905 de
1000 3839 1143 3905 murario
1173 3840 1326 3922 gregario
1355 3840 1457 3906 infimi

76 3934 83 4075 Ι
126 3931 260 4012 gradus,
285 3928 341 4012 qui
363 3928 434 4013 ipse
458 3929 536 3994 nihil
560 3930 638 3995 mali
661 3931 856 4014 suspicatur,
882 3930 936 4012 qui
959 3950 1062 4011 grave
1079 3929 1232 3994 damnum
1248 3929 1331 3994 alias
1349 3929 1455 4007 timet,

126 4041 191 4085 non
222 4022 355 4084 moneat
356 4040 395 4083 ur
427 4018 467 4082 de
500 4018 629 4084 formali
661 4019 801 4085 nominis
832 4019 883 4084 sui
916 4040 934 4083 θ
967 4019 1118 4100 catalogo
1151 4017 1364 4083 sectariorum
1397 4040 1456 4084 ex·

125 4109 313 4193 punctione,
337 4107 395 4172 sed
420 4108 467 4260 det
483 4108 656 4173 omissione
681 4109 785 4174 omnis
808 4109 946 4175 actionis
969 4109 1076 4174 malae
1100 4107 1249 4189 religioni
1273 4108 1456 4174 catholicae

76 4173 88 4249 l
127 4196 330 4273 contrariae,
364 4201 398 4262 et
431 4197 593 4264 utitfort
566 4201 630 4262 lter
659 4199 838 4264 suadeatur
861 4219 1031 4281 egressus,
1065 4216 1162 4279 quam
1186 4196 1325 4280 primum
1355 4197 1456 4263 fuerit

76 4308 85 4399 Ι,
124 4286 290 4371 possibile.
330 4218 454 4351 Caveat
440 4289 532 4351 taut
534 4307 585 4351 em
602 4287 731 4352 omnino
756 4286 986 4364 confessarius,
1010 4307 1052 4351 ιιθ
1075 4286 1251 4368 quidquam
1275 4286 1377 4353 faciat
1400 4288 1454 4352 vel

78 4406 87 4517 p
125 4377 241 4452 dicat,
265 4375 351 4457 quod
381 4375 467 4458 posit
465 4375 557 4440 ivam
587 4382 698 4443 sectae
729 4377 998 4462 approbationem
1030 4375 1206 4440 contiueat.
1255 4375 1301 4441 cf.
1334 4376 1365 4442 S
1391 4376 1453 4443 Off.

125 4466 154 4533 d.
180 4466 211 4532 d.
238 4467 256 4531 7
281 4464 394 4529 Martu
420 4465 560 4529 1883111
587 4467 707 4532 Collect,
733 4469 765 4533 S.
793 4469 825 4533 0.
852 4469 891 4531 de
914 4468 1011 4551 Prop.
1035 4466 1073 4531 F.
1098 4487 1129 4530 n.
1157 4466 1253 4530 1856.
1280 4466 1375 4533 1864.

215 4572 254 4637 R.
286 4573 316 4637 3.
364 4570 454 4647 Quod
486 4571 527 4636 ad
557 4576 685 4638 tertium
714 4573 951 4656 paenitentiam
982 4572 1128 4637 ordinem
1158 4571 1294 4650 attinet,
1328 4571 1519 4653 Eligius524

124 4661 227 4729 etiam
250 4660 336 4725 male
360 4661 447 4742 agit,
478 4661 506 4725 si
529 4682 588 4744 pro
612 4663 778 4728 ordinaria
799 4663 916 4745 regula
939 4665 1068 4727 statuat
1090 4660 1187 4725 silere
1211 4660 1251 4726 de
1275 4661 1453 4729 onanismo.
