3044 5174
159 287 222 351 218
613 282 817 339 Sacramentum
835 286 1027 355 paenitentiae.

157 467 328 528 manentes
351 461 384 526 in
408 461 602 541 inimicitiis,
632 463 666 527 in
689 461 840 546 proxima
863 463 1034 530 occasione
1061 465 1182 543 libera,
1212 466 1246 532 in
1277 469 1479 553 possessione

157 573 266 618 rerum
288 551 469 617 alienarum
485 552 538 616 vel
555 573 627 617 cum
651 550 761 617 debito
776 551 975 618 resarciendi
991 553 1111 620 damna
1127 555 1181 621 vel
1196 555 1344 636 iniurias,
1369 578 1477 642 quaru-

158 663 255 724 quam
279 640 438 706 resarcire
461 641 638 724 potuerint.

96 753 148 808 373
247 747 285 814 R.
311 751 341 814 2.
388 748 564 814 Srcodendo
595 752 646 813 est
679 745 840 812 confessio
870 748 1035 831 generalis
1067 749 1099 832 1)
1131 750 1173 816 iis
1202 750 1320 833 quibus
1349 757 1476 837 proptor

157 837 360 919 frequentem
392 835 557 920 relapsum
587 836 712 901 aliasve
742 835 887 902 rationes
917 858 982 902 non
1012 842 1102 904 certo
1126 838 1256 921 quidem
1287 846 1420 908 constat
1440 841 1475 907 de

157 926 309 992 nullitate
333 925 573 991 confessionum
595 925 858 1009 praeteritarum,
883 930 920 992 at
941 927 1084 1010 prudens
1107 927 1239 994 dubium
1262 933 1325 996 est.
1364 929 1474 1008 Quam·

158 1037 255 1098 quam
279 1014 364 1080 enim
388 1017 509 1101 imponi
531 1034 595 1079 non
619 1014 716 1079 debet
738 1014 891 1098 repetitio
915 1014 1165 1096 confessionum,
1189 1017 1252 1083 nisi
1275 1019 1315 1084 de
1332 1019 1473 1087 nullitate
1517 1094 1520 1101 ¹

158 1126 269 1171 earum
303 1104 471 1169 moraliter
501 1107 591 1170 certo
616 1106 760 1181 constet,
792 1103 922 1168 suaderi
952 1109 1064 1170 tamen
1095 1106 1194 1172 debet
1215 1107 1314 1191 longe
1337 1107 1471 1183 facilium
1518 1166 1520 1177 .

160 1195 193 1276 2)
217 1193 257 1260 iis
281 1193 336 1275 qui
360 1193 413 1258 diu
437 1191 547 1275 tepide
570 1192 734 1269 vixerunt,
759 1213 791 1260 v.
808 1213 840 1273 g.
864 1193 1007 1276 religiosi
1033 1199 1067 1260 et
1082 1195 1272 1262 sacerdotes
1296 1195 1353 1280 qui
1375 1197 1473 1282 tepide
1514 1254 1520 1271 .

157 1282 325 1365 religionis
348 1281 456 1347 officia
479 1281 698 1365 impleverunt
728 1287 828 1364 atque
852 1282 939 1347 dubii
969 1287 1046 1349 sunt
1075 1288 1185 1350 utrum
1208 1285 1412 1353 tentationes
1432 1286 1473 1351 vi·

158 1372 262 1438 corint
285 1392 327 1436 an
350 1370 390 1435 iis
414 1371 660 1450 succubuerint3
685 1371 720 1454 3)
743 1371 783 1435 iis
800 1371 840 1435 de
856 1391 993 1452 quorum
1010 1373 1250 1439 confessionum
1273 1375 1389 1441 valore
1411 1376 1472 1458 qui·
1512 1417 1520 1447 -.

158 1462 231 1527 dem
264 1459 388 1525 nullum
419 1461 561 1544 prudens
594 1460 724 1525 dubium
757 1458 904 1537 exsistit,
936 1460 992 1525 sed
1024 1462 1077 1544 qui
1109 1462 1151 1526 ad
1175 1484 1296 1529 novum
1320 1463 1472 1530 fervorem
1511 1507 1520 1545 :

157 1550 292 1635 spiritus
315 1550 368 1615 vel
391 1549 453 1633 ipsi
477 1554 593 1632 sponte
617 1570 652 1614 se
676 1548 851 1633 disponunt
874 1549 928 1614 vel
951 1554 1086 1635 propter
1108 1572 1229 1617 novum
1251 1551 1343 1620 vitas
1359 1558 1472 1620 statum

157 1640 378 1706 notabilemve
408 1637 623 1704 mutationem
653 1659 673 1703 a
703 1638 865 1704 directore
897 1638 1060 1722 spirituali
1093 1640 1135 1705 ad
1165 1662 1286 1707 novum
1320 1642 1471 1709 fervorem

158 1729 284 1796 utiliter
306 1728 521 1793 adducuntur.

246 1819 349 1883 lmmo
372 1837 392 1881 a
415 1815 563 1898 longiore
586 1819 733 1899 tempore
757 1815 979 1882 confessiones
1009 1815 1219 1884 intermedias
1242 1839 1409 1886 resumere
1430 1822 1471 1886 eet

158 1907 238 1974 utile
261 1904 429 1988 religionis
452 1904 664 1982 exercitium,
684 1926 759 1987 ¹quo
790 1905 885 1970 homo
909 1905 1107 1972 christianus
1130 1912 1246 1974 contra
1269 1914 1406 1992 peccata
1427 1931 1471 1974 ro·

156 1999 307 2072 boretur,
331 1995 428 2077 idque
451 1993 654 2077 frequentius
677 1995 747 2059 fieri
770 1997 897 2077 potest3
928 1993 1090 2077 integram
1114 1996 1217 2062 totius
1240 1997 1332 2064 nitas
1355 1997 1432 2065 conf
1460 2030 1471 2043 ·
1509 2018 1520 2081 i

158 2087 281 2151 sionem
306 2085 437 2168 saepius
461 2084 573 2148 facere
596 2103 661 2147 non
685 2083 835 2167 expedit,
867 2104 965 2165 quam
991 2087 1076 2149 l-—3
1107 2084 1139 2149 in
1164 2086 1251 2164 vita,
1282 2086 1377 2153 initio
1406 2085 1469 2153 nori
1512 2096 1520 2117 ²

158 2176 246 2241 vitae
270 2178 388 2240 status.

97 2291 148 2344 374
246 2281 285 2347 R.
311 2283 341 2346 3.
388 2280 621 2348 Dissnndeodo
643 2281 689 2344 ael
713 2281 805 2343 etiam
826 2279 1027 2364 probibendo
1059 2284 1111 2346 est
1134 2279 1296 2346 confessio
1319 2280 1469 2365 generalis

157 2372 197 2435 iis
221 2370 275 2451 qui
299 2389 341 2432 ex
358 2389 396 2432 ea
420 2389 484 2432 non
501 2367 689 2445 utilitatem,
714 2368 771 2433 sed
787 2368 941 2433 damnum
960 2368 1139 2435 traherent.
1171 2369 1224 2434 Illi
1240 2374 1318 2436 sunt
1344 2371 1376 2453 l)
1392 2392 1469 2436 scru·
1508 2374 1520 2455 j

157 2459 279 2543 pulosi,
311 2457 427 2540 quibus
450 2457 572 2522 iterata
603 2456 759 2521 discussio
790 2457 1007 2524 conscientiae
1036 2459 1074 2523 fit
1104 2458 1314 2526 discruciatio
1345 2466 1380 2528 et
1402 2481 1470 2542 aug·
1517 2484 1520 2488 ⁴

157 2553 303 2614 mentum
327 2546 506 2612 anxietatis
530 2550 564 2611 et
587 2545 832 2629 perplexitatis;
858 2548 892 2628 2)
916 2546 970 2629 qui
993 2547 1140 2629 longiore
1164 2548 1316 2614 examine
1338 2549 1372 2614 in
1395 2550 1470 2634 pen'·
1510 2560 1520 2635 j

158 2639 267 2702 culum
289 2637 402 2721 lapsus
426 2634 638 2700 conicientur.
671 2634 877 2718 Quapropter
899 2635 927 2700 si
950 2635 1133 2701 huiusmodi
1149 2636 1334 2703 homiuibus
1349 2644 1470 2723 propt-er

158 2727 284 2811 priores
308 2724 529 2791 confessiones
553 2729 642 2790 certo
666 2723 828 2789 invalidas
852 2745 963 2789 earum
994 2725 1146 2808 repetitio
1172 2728 1361 2794 necessaria
1384 2731 1469 2802 esset,
1516 2748 1520 2757 ·

159 2817 269 2898 aliqua
292 2814 423 2897 quidem
446 2813 598 2897 repetitio
621 2813 692 2878 fieri
716 2813 829 2890 debet,
861 2835 974 2879 verum
1005 2835 1077 2879 cum
1108 2814 1232 2880 leviore
1262 2816 1393 2883 omnino
1416 2817 1470 2882 dis·

159 2904 342 2987 quisitione,
367 2903 429 2969 etsi
455 2902 634 2968 materialis
658 2901 833 2983 integritas
856 2924 921 2967 non
939 2902 1145 2981 obtineatur;
1168 2905 1296 2987 reliqua
1314 2907 1470 2972 confessa·
1495 2928 1520 2995 j

158 2996 235 3072 rius,
260 2998 417 3077 quantum
442 2993 610 3058 commode
633 2991 703 3056 fieri
726 2990 847 3075 possit,
872 2993 1041 3076 suppleat:
1066 2992 1209 3075 alioquin
1233 2995 1392 3077 obligatio
1414 3015 1470 3060 me·
1502 2992 1520 3041 ³⁴<

157 3084 220 3149 lius
244 3088 277 3149 et
301 3081 486 3148 accuratius
510 3080 684 3147 confitendi
707 3083 816 3145 cessat
839 3081 893 3146 vel
916 3081 1135 3165 suspenditur.
1187 3084 1243 3149 Tb.
1267 3107 1308 3152 m.
1333 3085 1375 3164 II,
1400 3087 1470 3157 345;

160 3174 333 3250 Prunsr,
359 3173 552 3238 Pastoroltb.
577 3170 601 3247 I,
628 3171 692 3234 278
709 3190 780 3251 sqq.
1508 3184 1520 3203 ··

98 3303 149 3356 3ῖ5
247 3295 300 3360 An
330 3315 520 3372 qrsssrrrn
552 3297 590 3358 2un
613 3293 652 3359 R.
681 3295 708 3359 1.
756 3292 947 3358 Generatim
977 3292 1111 3377 expedit
1140 3294 1366 3378 paenitentem
1394 3297 1473 3383 prius
1507 3286 1520 3364 'f

159 3384 279 3462 audiri,
311 3384 387 3466 quid
418 3383 587 3448 dicendum
619 3386 654 3448 et
683 3383 901 3447 accusandum
931 3382 1110 3459 invencrit;
1142 3383 1215 3449 dein
1246 3386 1473 3453 confessarium
1513 3411 1517 3414 ’

159 3474 310 3557 supplere
334 3471 655 3554 interrogationibus,
679 3471 776 3554 idque
792 3471 968 3537 secundum
985 3493 1024 3537 ea
1041 3493 1125 3554 quas
1141 3494 1162 3538 a
1176 3474 1369 3557 paenitente
1388 3498 1473 3543 acou·
1514 3480 1520 3559 j

159 3569 233 3629 sata
257 3566 349 3627 sunt:
375 3562 436 3626 nisi
460 3562 547 3627 forte
569 3560 741 3644 paenitens
753 3562 921 3647 proreferot
944 3566 982 3627 ut
1006 3561 1224 3628 confessarius
1247 3564 1474 3650 interrogando
1499 3564 1510 3609 ὅ

160 3651 304 3734 incipiat.
1502 3624 1520 3719 l

248 3748 286 3814 R.
312 3751 341 3813 2.
373 3747 494 3824 Quodsi
518 3746 735 3813 confessarius
759 3746 1071 3828 interrogationibus
1095 3749 1339 3816 accusationem
1365 3753 1478 3836 dirigat
1508 3746 1520 3753 ”

158 3835 236 3917 (non
260 3858 335 3902 raro
359 3836 420 3901 hoc
443 3836 538 3901 modo
562 3841 668 3902 totum
691 3835 857 3917 negotium
882 3836 1066 3920 expeditius
1083 3837 1297 3921 absolviturl:
1321 3842 1377 3908 vel
1392 3841 1479 3925 sequi

159 3926 312 3992 convenit
334 3925 525 4010 simpliciter
548 3925 692 3990 ordinem
717 3924 865 4006 decalogi
890 3930 924 3991 et
947 3931 1195 4008 praeceptorum
1220 3927 1407 4010 Ecclesiae,
1432 3931 1480 3997 vel

157 4015 247 4099 prius
270 4016 475 4098 interrogare
499 4017 642 4097 quorum'
658 4013 881 4097 paenitentem
905 4015 1047 4080 maxime
1069 4015 1213 4098 pudebat
1236 4021 1271 4084 et
1294 4040 1381 4100 quae
1405 4041 1481 4086 ansa

158 4106 291 4172 fuerunt
314 4104 548 4186 sacrilegarum
573 4103 828 4181 confessionum,
862 4109 897 4170 at
922 4104 994 4170 dein
1018 4105 1171 4188 prosequi
1194 4107 1374 4174 secundum
1399 4110 1480 4176 ordi·

159 4216 231 4260 nem
263 4194 421 4277 decalogi.
475 4195 610 4276 Semper
640 4197 749 4258 autem
780 4192 881 4258 finitis
915 4193 1228 4274 interrogationibus
1263 4197 1481 4265 confessarius

158 4285 336 4350 concedere
359 4284 456 4349 debet
479 4282 659 4366 paenitenti
683 4287 813 4365 tempus
829 4281 978 4359 addendi,
1004 4282 1089 4363 quod
1105 4283 1288 4349 addendum
1304 4290 1480 4370 putaverit,

158 4374 254 4438 immo
279 4393 435 4457 expresse
458 4372 490 4436 id
515 4371 734 4457 confessarius
758 4370 980 4454 paenitentem
1005 4371 1102 4437 debet
1124 4393 1267 4440 monere.

97 4492 148 4544 376
246 4472 285 4536 R.
311 4475 340 4536 3.
388 4469 569 4534 Discrimen
593 4490 747 4550 magnum
772 4473 832 4545 est,
857 4473 954 4551 prout
978 4469 1138 4535 confessio
1163 4471 1328 4552 generalis
1352 4477 1405 4540 cst
1427 4495 1482 4540 ne·

159 4560 301 4624 cessaria
325 4564 382 4625 aut
406 4580 469 4623 non
493 4559 688 4623 necessaria.
735 4558 772 4622 In
796 4558 904 4641 priore
928 4559 1052 4623 nullum
1082 4563 1252 4642 peccatum
1277 4583 1383 4642 grave
1405 4564 1483 4630 reti·

159 4649 224 4713 ceri
248 4649 335 4726 licet,
360 4649 392 4712 in
416 4647 597 4731 posteriore
620 4646 740 4712 licebit.
774 4647 980 4731 Quapropter
1004 4647 1090 4713 circa
1114 4647 1174 4713 lroc
1190 4651 1366 4733 paenitens
1389 4653 1483 4719 debet
