<?xml version="1.0" encoding="UTF-8"?>
<!DOCTYPE html PUBLIC "-//W3C//DTD XHTML 1.0 Transitional//EN"
    "http://www.w3.org/TR/xhtml1/DTD/xhtml1-transitional.dtd">
<html xmlns="http://www.w3.org/1999/xhtml" xml:lang="en" lang="en">
 <head>
  <title>
</title>
<meta http-equiv="Content-Type" content="text/html;charset=utf-8" />
  <meta name='ocr-system' content='tesseract 3.04.00' />
  <meta name='ocr-capabilities' content='ocr_page ocr_carea ocr_par ocr_line ocrx_word'/>
</head>
<body>
  <div class='ocr_page' id='page_1' title='image "./casusconscienti00lehmgoog_0071.png"; bbox 0 0 3044 5174; ppageno 0'>
   <div class='ocr_carea' id='block_1_1' title="bbox 514 281 1348 353">
    <p class='ocr_par' dir='ltr' id='par_1_1' title="bbox 514 281 1348 353">
     <span class='ocr_line' id='line_1_1' title="bbox 514 281 1348 353; baseline 0 -17"><span class='ocrx_word' id='word_1_1' title='bbox 514 282 645 350; x_wconf 78' lang='lat' dir='ltr'><strong>Cognatio</strong></span> <span class='ocrx_word' id='word_1_2' title='bbox 663 299 698 336; x_wconf 87' lang='lat' dir='ltr'><strong>ex</strong></span> <span class='ocrx_word' id='word_1_3' title='bbox 716 281 859 353; x_wconf 83' lang='lat' dir='ltr'><strong>baptismo.</strong></span> <span class='ocrx_word' id='word_1_4' title='bbox 1307 286 1348 349; x_wconf 85' lang='lat'><strong>47</strong></span> 
     </span>
    </p>
   </div>
   <div class='ocr_carea' id='block_1_2' title="bbox 66 449 1352 1072">
    <p class='ocr_par' dir='ltr' id='par_1_2' title="bbox 66 449 1352 1072">
     <span class='ocr_line' id='line_1_2' title="bbox 66 449 1351 528; baseline -0.002 -17"><span class='ocrx_word' id='word_1_5' title='bbox 66 450 217 522; x_wconf 80' lang='lat' dir='ltr'><strong>›tismum3</strong></span> <span class='ocrx_word' id='word_1_6' title='bbox 240 469 325 527; x_wconf 91' lang='lat' dir='ltr'><strong>quem</strong></span> <span class='ocrx_word' id='word_1_7' title='bbox 347 449 440 521; x_wconf 87' lang='lat' dir='ltr'><strong>miles,</strong></span> <span class='ocrx_word' id='word_1_8' title='bbox 463 449 522 507; x_wconf 90' lang='lat' dir='ltr'><strong>iam</strong></span> <span class='ocrx_word' id='word_1_9' title='bbox 544 450 793 522; x_wconf 88' lang='lat' dir='ltr'><strong>catechumenus,</strong></span> <span class='ocrx_word' id='word_1_10' title='bbox 814 456 937 528; x_wconf 90' lang='lat' dir='ltr'><strong>propter</strong></span> <span class='ocrx_word' id='word_1_11' title='bbox 957 450 1168 509; x_wconf 91' lang='lat' dir='ltr'><strong>necessitatem</strong></span> <span class='ocrx_word' id='word_1_12' title='bbox 1188 450 1351 509; x_wconf 76' lang='lat' dir='ltr'><strong>instantem</strong></span> 
     </span>
     <span class='ocr_line' id='line_1_3' title="bbox 66 529 1351 608; baseline 0 -18"><span class='ocrx_word' id='word_1_13' title='bbox 66 531 152 603; x_wconf 81' lang='lat' dir='ltr'><strong>ifart,</strong></span> <span class='ocrx_word' id='word_1_14' title='bbox 183 530 323 608; x_wconf 90' lang='lat' dir='ltr'><strong>imposito</strong></span> <span class='ocrx_word' id='word_1_15' title='bbox 350 529 469 588; x_wconf 88' lang='lat' dir='ltr'><strong>nomine</strong></span> <span class='ocrx_word' id='word_1_16' title='bbox 489 530 612 590; x_wconf 85' lang='lat' dir='ltr'><strong>Mariae.</strong></span> <span class='ocrx_word' id='word_1_17' title='bbox 653 531 806 607; x_wconf 88' lang='lat' dir='ltr'><strong>Baptismo</strong></span> <span class='ocrx_word' id='word_1_18' title='bbox 835 531 887 590; x_wconf 84' lang='lat' dir='ltr'><strong>vix</strong></span> <span class='ocrx_word' id='word_1_19' title='bbox 917 535 1057 607; x_wconf 86' lang='lat' dir='ltr'><strong>suscepto</strong></span> <span class='ocrx_word' id='word_1_20' title='bbox 1083 550 1102 589; x_wconf 93' lang='lat' dir='ltr'><strong>a</strong></span> <span class='ocrx_word' id='word_1_21' title='bbox 1122 532 1223 590; x_wconf 86' lang='lat' dir='ltr'><strong>morbo</strong></span> <span class='ocrx_word' id='word_1_22' title='bbox 1245 549 1351 590; x_wconf 88' lang='lat' dir='ltr'><strong>conva-</strong></span> 
     </span>
     <span class='ocr_line' id='line_1_4' title="bbox 66 610 1352 688; baseline 0.001 -19"><span class='ocrx_word' id='word_1_23' title='bbox 66 612 122 682; x_wconf 86' lang='lat' dir='ltr'><strong>cit;</strong></span> <span class='ocrx_word' id='word_1_24' title='bbox 156 631 214 687; x_wconf 89' lang='lat' dir='ltr'><strong>quo</strong></span> <span class='ocrx_word' id='word_1_25' title='bbox 243 610 384 669; x_wconf 88' lang='lat' dir='ltr'><strong>miraculo</strong></span> <span class='ocrx_word' id='word_1_26' title='bbox 413 615 575 669; x_wconf 88' lang='lat' dir='ltr'><strong>commotae</strong></span> <span class='ocrx_word' id='word_1_27' title='bbox 603 610 692 670; x_wconf 87' lang='lat' dir='ltr'><strong>etiam</strong></span> <span class='ocrx_word' id='word_1_28' title='bbox 721 630 805 670; x_wconf 88' lang='lat' dir='ltr'><strong>soror</strong></span> <span class='ocrx_word' id='word_1_29' title='bbox 832 617 863 670; x_wconf 92' lang='lat' dir='ltr'><strong>et</strong></span> <span class='ocrx_word' id='word_1_30' title='bbox 886 618 981 670; x_wconf 90' lang='lat' dir='ltr'><strong>mater</strong></span> <span class='ocrx_word' id='word_1_31' title='bbox 1003 612 1109 670; x_wconf 87' lang='lat' dir='ltr'><strong>volunt</strong></span> <span class='ocrx_word' id='word_1_32' title='bbox 1130 610 1283 688; x_wconf 88' lang='lat' dir='ltr'><strong>baptizari.</strong></span> <span class='ocrx_word' id='word_1_33' title='bbox 1323 612 1352 670; x_wconf 75' lang='lat' dir='ltr'>A</span> 
     </span>
     <span class='ocr_line' id='line_1_5' title="bbox 66 690 1352 768; baseline -0.002 -17"><span class='ocrx_word' id='word_1_34' title='bbox 66 692 151 751; x_wconf 85' lang='lat' dir='ltr'><strong>ocho</strong></span> <span class='ocrx_word' id='word_1_35' title='bbox 173 690 315 750; x_wconf 81' lang='lat' dir='ltr'>instructi</span> <span class='ocrx_word' id='word_1_36' title='bbox 335 709 436 750; x_wconf 90' lang='lat' dir='ltr'><strong>omnes</strong></span> <span class='ocrx_word' id='word_1_37' title='bbox 457 690 647 766; x_wconf 75' lang='lat' dir='ltr'><strong>baptizantur</strong></span> <span class='ocrx_word' id='word_1_38' title='bbox 668 691 862 762; x_wconf 80' lang='lat' dir='ltr'><strong>sollemniter,</strong></span> <span class='ocrx_word' id='word_1_39' title='bbox 884 692 978 768; x_wconf 88' lang='lat' dir='ltr'><strong>primo</strong></span> <span class='ocrx_word' id='word_1_40' title='bbox 999 690 1097 762; x_wconf 88' lang='lat' dir='ltr'><strong>miles,</strong></span> <span class='ocrx_word' id='word_1_41' title='bbox 1120 691 1248 751; x_wconf 90' lang='lat' dir='ltr'><strong>secundo</strong></span> <span class='ocrx_word' id='word_1_42' title='bbox 1270 710 1352 750; x_wconf 91' lang='lat' dir='ltr'><strong>soror</strong></span> 
     </span>
     <span class='ocr_line' id='line_1_6' title="bbox 66 770 1352 847; baseline -0.001 -16"><span class='ocrx_word' id='word_1_43' title='bbox 66 773 135 831; x_wconf 89' lang='lat' dir='ltr'><strong>riae</strong></span> <span class='ocrx_word' id='word_1_44' title='bbox 167 771 215 830; x_wconf 92' lang='lat' dir='ltr'><strong>cui</strong></span> <span class='ocrx_word' id='word_1_45' title='bbox 236 771 315 829; x_wconf 88' lang='lat' dir='ltr'><strong>filine</strong></span> <span class='ocrx_word' id='word_1_46' title='bbox 335 770 462 847; x_wconf 87' lang='lat' dir='ltr'><strong>hospitis</strong></span> <span class='ocrx_word' id='word_1_47' title='bbox 484 775 531 830; x_wconf 88' lang='lat' dir='ltr'><strong>est</strong></span> <span class='ocrx_word' id='word_1_48' title='bbox 550 770 705 847; x_wconf 86' lang='lat' dir='ltr'><strong>patrinus,</strong></span> <span class='ocrx_word' id='word_1_49' title='bbox 735 771 825 831; x_wconf 88' lang='lat' dir='ltr'><strong>tertio</strong></span> <span class='ocrx_word' id='word_1_50' title='bbox 853 776 948 830; x_wconf 90' lang='lat' dir='ltr'><strong>mater</strong></span> <span class='ocrx_word' id='word_1_51' title='bbox 976 771 1024 829; x_wconf 90' lang='lat' dir='ltr'><strong>cui</strong></span> <span class='ocrx_word' id='word_1_52' title='bbox 1051 770 1129 830; x_wconf 92' lang='lat' dir='ltr'><strong>sicut</strong></span> <span class='ocrx_word' id='word_1_53' title='bbox 1159 771 1248 830; x_wconf 90' lang='lat' dir='ltr'><strong>etiam</strong></span> <span class='ocrx_word' id='word_1_54' title='bbox 1268 771 1352 830; x_wconf 90' lang='lat' dir='ltr'><strong>militi</strong></span> 
     </span>
     <span class='ocr_line' id='line_1_7' title="bbox 66 850 1352 930; baseline -0.001 -19"><span class='ocrx_word' id='word_1_55' title='bbox 66 872 132 930; x_wconf 76' lang='lat' dir='ltr'><strong>spes</strong></span> <span class='ocrx_word' id='word_1_56' title='bbox 153 852 219 929; x_wconf 91' lang='lat' dir='ltr'><strong>ipse</strong></span> <span class='ocrx_word' id='word_1_57' title='bbox 241 852 376 927; x_wconf 88' lang='lat' dir='ltr'><strong>patrinus</strong></span> <span class='ocrx_word' id='word_1_58' title='bbox 398 850 526 910; x_wconf 81' lang='lat' dir='ltr'><strong>exsistit.</strong></span> <span class='ocrx_word' id='word_1_59' title='bbox 571 851 661 910; x_wconf 85' lang='lat' dir='ltr'><strong>Brevi</strong></span> <span class='ocrx_word' id='word_1_60' title='bbox 682 857 750 928; x_wconf 89' lang='lat' dir='ltr'><strong>post</strong></span> <span class='ocrx_word' id='word_1_61' title='bbox 770 851 855 911; x_wconf 89' lang='lat' dir='ltr'><strong>miles</strong></span> <span class='ocrx_word' id='word_1_62' title='bbox 876 852 951 927; x_wconf 89' lang='lat' dir='ltr'><strong>petit</strong></span> <span class='ocrx_word' id='word_1_63' title='bbox 971 851 1096 910; x_wconf 88' lang='lat' dir='ltr'><strong>Mariam</strong></span> <span class='ocrx_word' id='word_1_64' title='bbox 1118 871 1256 922; x_wconf 80' lang='lat' dir='ltr'><strong>uxorem3</strong></span> <span class='ocrx_word' id='word_1_65' title='bbox 1286 871 1352 911; x_wconf 92' lang='lat' dir='ltr'><strong>con-</strong></span> 
     </span>
     <span class='ocr_line' id='line_1_8' title="bbox 66 930 1350 1008; baseline -0.001 -17"><span class='ocrx_word' id='word_1_66' title='bbox 66 938 186 1008; x_wconf 75' lang='lat' dir='ltr'><strong>rgimtur</strong></span> <span class='ocrx_word' id='word_1_67' title='bbox 207 951 225 990; x_wconf 91' lang='lat' dir='ltr'><strong>a</strong></span> <span class='ocrx_word' id='word_1_68' title='bbox 247 931 392 1008; x_wconf 90' lang='lat' dir='ltr'><strong>paroch0;</strong></span> <span class='ocrx_word' id='word_1_69' title='bbox 414 930 542 1008; x_wconf 88' lang='lat' dir='ltr'><strong>hospitia</strong></span> <span class='ocrx_word' id='word_1_70' title='bbox 562 932 641 990; x_wconf 84' lang='lat' dir='ltr'><strong>lilius</strong></span> <span class='ocrx_word' id='word_1_71' title='bbox 662 933 737 1007; x_wconf 86' lang='lat' dir='ltr'><strong>petit</strong></span> <span class='ocrx_word' id='word_1_72' title='bbox 759 951 898 1002; x_wconf 88' lang='lat' dir='ltr'><strong>sororem,</strong></span> <span class='ocrx_word' id='word_1_73' title='bbox 921 931 972 990; x_wconf 87' lang='lat' dir='ltr'><strong>sed</strong></span> <span class='ocrx_word' id='word_1_74' title='bbox 993 952 1011 989; x_wconf 91' lang='lat' dir='ltr'><strong>a</strong></span> <span class='ocrx_word' id='word_1_75' title='bbox 1032 933 1162 1008; x_wconf 85' lang='lat' dir='ltr'><strong>parocho</strong></span> <span class='ocrx_word' id='word_1_76' title='bbox 1183 932 1350 1008; x_wconf 89' lang='lat' dir='ltr'><strong>repellitur;</strong></span> 
     </span>
     <span class='ocr_line' id='line_1_9' title="bbox 66 1010 491 1072; baseline -0.007 0"><span class='ocrx_word' id='word_1_77' title='bbox 66 1014 96 1072; x_wconf 83' lang='lat' dir='ltr'><strong>:it</strong></span> <span class='ocrx_word' id='word_1_78' title='bbox 118 1018 245 1071; x_wconf 90' lang='lat' dir='ltr'><strong>matrem</strong></span> <span class='ocrx_word' id='word_1_79' title='bbox 267 1017 297 1070; x_wconf 91' lang='lat' dir='ltr'><strong>et</strong></span> <span class='ocrx_word' id='word_1_80' title='bbox 318 1010 491 1070; x_wconf 90' lang='lat' dir='ltr'><strong>admittitur.</strong></span> 
     </span>
    </p>
   </div>
   <div class='ocr_carea' id='block_1_3' title="bbox 66 1134 1354 1292">
    <p class='ocr_par' dir='ltr' id='par_1_3' title="bbox 66 1134 1354 1292">
     <span class='ocr_line' id='line_1_10' title="bbox 66 1134 1354 1213; baseline -0.002 -16"><span class='ocrx_word' id='word_1_81' title='bbox 66 1155 203 1197; x_wconf 68' lang='lat' dir='ltr'><strong>arsinus</strong></span> <span class='ocrx_word' id='word_1_82' title='bbox 227 1137 256 1193; x_wconf 75' lang='grc' dir='ltr'><strong>1ο</strong></span> <span class='ocrx_word' id='word_1_83' title='bbox 277 1140 396 1194; x_wconf 89' lang='lat' dir='ltr'><strong>rectene</strong></span> <span class='ocrx_word' id='word_1_84' title='bbox 410 1135 495 1195; x_wconf 91' lang='lat' dir='ltr'><strong>miles</strong></span> <span class='ocrx_word' id='word_1_85' title='bbox 510 1141 662 1210; x_wconf 84' lang='lat' dir='ltr'><strong>aegrotam</strong></span> <span class='ocrx_word' id='word_1_86' title='bbox 677 1135 881 1213; x_wconf 87' lang='lat' dir='ltr'><strong>baptizaverit.</strong></span> <span class='ocrx_word' id='word_1_87' title='bbox 910 1137 958 1194; x_wconf 88' lang='lat' dir='ltr'><strong>An</strong></span> <span class='ocrx_word' id='word_1_88' title='bbox 973 1134 1129 1212; x_wconf 89' lang='lat' dir='ltr'><strong>potuisset,</strong></span> <span class='ocrx_word' id='word_1_89' title='bbox 1150 1136 1244 1194; x_wconf 90' lang='lat' dir='ltr'><strong>altero</strong></span> <span class='ocrx_word' id='word_1_90' title='bbox 1258 1134 1354 1213; x_wconf 89' lang='lat' dir='ltr'><strong>bapti·</strong></span> 
     </span>
     <span class='ocr_line' id='line_1_11' title="bbox 274 1217 625 1292; baseline 0.006 -18"><span class='ocrx_word' id='word_1_91' title='bbox 274 1220 371 1286; x_wconf 89' lang='lat' dir='ltr'><strong>zante,</strong></span> <span class='ocrx_word' id='word_1_92' title='bbox 392 1234 460 1275; x_wconf 86' lang='lat' dir='ltr'><strong>esse</strong></span> <span class='ocrx_word' id='word_1_93' title='bbox 481 1217 625 1292; x_wconf 86' lang='lat' dir='ltr'><strong>patrinus.</strong></span> 
     </span>
    </p>
   </div>
   <div class='ocr_carea' id='block_1_4' title="bbox 223 1312 1354 1471">
    <p class='ocr_par' dir='ltr' id='par_1_4' title="bbox 223 1312 1354 1471">
     <span class='ocr_line' id='line_1_12' title="bbox 223 1312 1354 1391; baseline 0.002 -19"><span class='ocrx_word' id='word_1_94' title='bbox 223 1314 254 1372; x_wconf 75' lang='grc' dir='ltr'><strong>2ο</strong></span> <span class='ocrx_word' id='word_1_95' title='bbox 274 1313 443 1390; x_wconf 88' lang='lat' dir='ltr'><strong>potueritne</strong></span> <span class='ocrx_word' id='word_1_96' title='bbox 463 1319 568 1390; x_wconf 87' lang='lat' dir='ltr'><strong>postea</strong></span> <span class='ocrx_word' id='word_1_97' title='bbox 589 1314 667 1373; x_wconf 91' lang='lat' dir='ltr'><strong>hanc</strong></span> <span class='ocrx_word' id='word_1_98' title='bbox 681 1314 807 1373; x_wconf 86' lang='lat' dir='ltr'><strong>Mariam</strong></span> <span class='ocrx_word' id='word_1_99' title='bbox 818 1320 943 1373; x_wconf 87' lang='lat' dir='ltr'><strong>&#39;uxorem</strong></span> <span class='ocrx_word' id='word_1_100' title='bbox 965 1314 1080 1385; x_wconf 90' lang='lat' dir='ltr'><strong>ducere,</strong></span> <span class='ocrx_word' id='word_1_101' title='bbox 1103 1331 1142 1373; x_wconf 91' lang='lat' dir='ltr'><strong>an</strong></span> <span class='ocrx_word' id='word_1_102' title='bbox 1162 1312 1354 1391; x_wconf 84' lang='lat' dir='ltr'><strong>prohibeatur</strong></span> 
     </span>
     <span class='ocr_line' id='line_1_13' title="bbox 273 1393 767 1471; baseline -0.002 -17"><span class='ocrx_word' id='word_1_103' title='bbox 273 1413 327 1471; x_wconf 87' lang='lat' dir='ltr'><strong>per</strong></span> <span class='ocrx_word' id='word_1_104' title='bbox 347 1393 554 1470; x_wconf 78' lang='lat' dir='ltr'><strong>cognationem</strong></span> <span class='ocrx_word' id='word_1_105' title='bbox 575 1395 767 1471; x_wconf 89' lang='lat' dir='ltr'><strong>spiritualem.</strong></span> 
     </span>
    </p>
   </div>
   <div class='ocr_carea' id='block_1_5' title="bbox 223 1490 1353 1644">
    <p class='ocr_par' dir='ltr' id='par_1_5' title="bbox 223 1490 1353 1644">
     <span class='ocr_line' id='line_1_14' title="bbox 223 1490 1353 1570; baseline 0 -18"><span class='ocrx_word' id='word_1_106' title='bbox 223 1493 255 1552; x_wconf 78' lang='lat'><strong>3⁰</strong></span> <span class='ocrx_word' id='word_1_107' title='bbox 275 1497 395 1551; x_wconf 85' lang='lat' dir='ltr'><strong>rectene</strong></span> <span class='ocrx_word' id='word_1_108' title='bbox 415 1491 494 1551; x_wconf 88' lang='lat' dir='ltr'><strong>filius</strong></span> <span class='ocrx_word' id='word_1_109' title='bbox 515 1491 565 1551; x_wconf 92' lang='lat' dir='ltr'><strong>ille</strong></span> <span class='ocrx_word' id='word_1_110' title='bbox 586 1492 752 1570; x_wconf 88' lang='lat' dir='ltr'><strong>prohibitus</strong></span> <span class='ocrx_word' id='word_1_111' title='bbox 778 1492 818 1551; x_wconf 89' lang='lat' dir='ltr'><strong>sit</strong></span> <span class='ocrx_word' id='word_1_112' title='bbox 839 1511 857 1551; x_wconf 92' lang='lat' dir='ltr'><strong>a</strong></span> <span class='ocrx_word' id='word_1_113' title='bbox 877 1491 1064 1551; x_wconf 85' lang='lat' dir='ltr'><strong>matrimonio</strong></span> <span class='ocrx_word' id='word_1_114' title='bbox 1086 1510 1153 1550; x_wconf 91' lang='lat' dir='ltr'><strong>cum</strong></span> <span class='ocrx_word' id='word_1_115' title='bbox 1173 1490 1287 1551; x_wconf 86' lang='lat' dir='ltr'><strong>Mariae</strong></span> <span class='ocrx_word' id='word_1_116' title='bbox 1307 1510 1353 1552; x_wconf 86' lang='lat' dir='ltr'><strong>so·</strong></span> 
     </span>
     <span class='ocr_line' id='line_1_15' title="bbox 275 1571 1293 1644; baseline 0.001 -13"><span class='ocrx_word' id='word_1_117' title='bbox 275 1591 351 1644; x_wconf 85' lang='lat' dir='ltr'><strong>rore,</strong></span> <span class='ocrx_word' id='word_1_118' title='bbox 373 1571 520 1632; x_wconf 84' lang='lat' dir='ltr'><strong>admissus</strong></span> <span class='ocrx_word' id='word_1_119' title='bbox 542 1572 578 1631; x_wconf 90' lang='lat' dir='ltr'><strong>ad</strong></span> <span class='ocrx_word' id='word_1_120' title='bbox 599 1573 817 1632; x_wconf 82' lang='lat' dir='ltr'><strong>matrimonium</strong></span> <span class='ocrx_word' id='word_1_121' title='bbox 838 1591 904 1631; x_wconf 90' lang='lat' dir='ltr'><strong>cum</strong></span> <span class='ocrx_word' id='word_1_122' title='bbox 926 1572 989 1631; x_wconf 90' lang='lat' dir='ltr'><strong>eius</strong></span> <span class='ocrx_word' id='word_1_123' title='bbox 1010 1577 1105 1631; x_wconf 90' lang='lat' dir='ltr'><strong>matra</strong></span> <span class='ocrx_word' id='word_1_124' title='bbox 1126 1571 1293 1632; x_wconf 91' lang='lat' dir='ltr'><strong>ineundum.</strong></span> 
     </span>
    </p>
   </div>
   <div class='ocr_carea' id='block_1_6' title="bbox 623 1755 759 1823">
    <p class='ocr_par' dir='ltr' id='par_1_6' title="bbox 623 1755 759 1823">
     <span class='ocr_line' id='line_1_16' title="bbox 623 1755 759 1823; baseline 0 0"><span class='ocrx_word' id='word_1_125' title='bbox 623 1755 759 1823; x_wconf 82' lang='lat' dir='ltr'><strong>Salutio.</strong></span> 
     </span>
    </p>
   </div>
   <div class='ocr_carea' id='block_1_7' title="bbox 66 1896 1398 2248">
    <p class='ocr_par' dir='ltr' id='par_1_7' title="bbox 66 1896 1398 2248">
     <span class='ocr_line' id='line_1_17' title="bbox 113 1896 1398 1981; baseline 0.002 -18"><span class='ocrx_word' id='word_1_126' title='bbox 113 1897 169 1963; x_wconf 83' lang='lat' dir='ltr'><strong>An</strong></span> <span class='ocrx_word' id='word_1_127' title='bbox 193 1917 384 1973; x_wconf 77' lang='lat' dir='ltr'><strong>enassrrnu</strong></span> <span class='ocrx_word' id='word_1_128' title='bbox 411 1899 448 1962; x_wconf 75' lang='lat'><strong>1¹²</strong></span> <span class='ocrx_word' id='word_1_129' title='bbox 471 1896 510 1963; x_wconf 89' lang='lat' dir='ltr'><strong>R.</strong></span> <span class='ocrx_word' id='word_1_130' title='bbox 537 1899 565 1965; x_wconf 88' lang='lat'><strong>1.</strong></span> <span class='ocrx_word' id='word_1_131' title='bbox 613 1897 647 1964; x_wconf 89' lang='lat' dir='ltr'><strong>Si</strong></span> <span class='ocrx_word' id='word_1_132' title='bbox 677 1898 770 1963; x_wconf 88' lang='lat' dir='ltr'><strong>miles</strong></span> <span class='ocrx_word' id='word_1_133' title='bbox 800 1899 895 1964; x_wconf 93' lang='lat' dir='ltr'><strong>modo</strong></span> <span class='ocrx_word' id='word_1_134' title='bbox 926 1896 990 1963; x_wconf 90' lang='lat' dir='ltr'><strong>rite</strong></span> <span class='ocrx_word' id='word_1_135' title='bbox 1020 1918 1139 1981; x_wconf 87' lang='lat' dir='ltr'><strong>equam</strong></span> <span class='ocrx_word' id='word_1_136' title='bbox 1169 1898 1353 1962; x_wconf 90' lang='lat' dir='ltr'><strong>naturalem</strong></span> <span class='ocrx_word' id='word_1_137' title='bbox 1365 1913 1398 1965; x_wconf 73' lang='grc' dir='ltr'><strong>’Π</strong></span> 
     </span>
     <span class='ocr_line' id='line_1_18' title="bbox 81 1985 1356 2069; baseline -0.002 -16"><span class='ocrx_word' id='word_1_138' title='bbox 81 1989 276 2054; x_wconf 90' lang='lat' dir='ltr'><strong>consuetam</strong></span> <span class='ocrx_word' id='word_1_139' title='bbox 299 1985 452 2069; x_wconf 89' lang='lat' dir='ltr'><strong>baptismi</strong></span> <span class='ocrx_word' id='word_1_140' title='bbox 477 1986 616 2052; x_wconf 85' lang='lat' dir='ltr'><strong>formam</strong></span> <span class='ocrx_word' id='word_1_141' title='bbox 641 1986 797 2065; x_wconf 87' lang='lat' dir='ltr'><strong>adhibuit,</strong></span> <span class='ocrx_word' id='word_1_142' title='bbox 822 1988 862 2053; x_wconf 92' lang='lat' dir='ltr'><strong>de</strong></span> <span class='ocrx_word' id='word_1_143' title='bbox 885 1987 1084 2054; x_wconf 87' lang='lat' dir='ltr'><strong>sacramenti</strong></span> <span class='ocrx_word' id='word_1_144' title='bbox 1106 1986 1220 2052; x_wconf 88' lang='lat' dir='ltr'><strong>valore</strong></span> <span class='ocrx_word' id='word_1_145' title='bbox 1243 1985 1356 2069; x_wconf 91' lang='lat' dir='ltr'><strong>nequit</strong></span> 
     </span>
     <span class='ocr_line' id='line_1_19' title="bbox 67 2075 1354 2159; baseline -0.002 -17"><span class='ocrx_word' id='word_1_146' title='bbox 67 2075 187 2153; x_wconf 88' lang='lat' dir='ltr'><strong>bitari,</strong></span> <span class='ocrx_word' id='word_1_147' title='bbox 218 2075 377 2157; x_wconf 87' lang='lat' dir='ltr'><strong>siquidem</strong></span> <span class='ocrx_word' id='word_1_148' title='bbox 410 2077 449 2141; x_wconf 85' lang='lat' dir='ltr'><strong>de</strong></span> <span class='ocrx_word' id='word_1_149' title='bbox 476 2075 541 2159; x_wconf 77' lang='lat' dir='ltr'><strong>fide</strong></span> <span class='ocrx_word' id='word_1_150' title='bbox 571 2080 622 2142; x_wconf 91' lang='lat' dir='ltr'><strong>est</strong></span> <span class='ocrx_word' id='word_1_151' title='bbox 652 2076 829 2159; x_wconf 89' lang='lat' dir='ltr'><strong>quemlibet</strong></span> <span class='ocrx_word' id='word_1_152' title='bbox 858 2076 1021 2143; x_wconf 90' lang='lat' dir='ltr'><strong>hominem</strong></span> <span class='ocrx_word' id='word_1_153' title='bbox 1052 2076 1179 2144; x_wconf 89' lang='lat' dir='ltr'><strong>ratione</strong></span> <span class='ocrx_word' id='word_1_154' title='bbox 1208 2078 1354 2141; x_wconf 90' lang='lat' dir='ltr'><strong>utentem</strong></span> 
     </span>
     <span class='ocr_line' id='line_1_20' title="bbox 66 2164 458 2248; baseline -0.003 -16"><span class='ocrx_word' id='word_1_155' title='bbox 66 2164 136 2232; x_wconf 90' lang='lat' dir='ltr'><strong>lide</strong></span> <span class='ocrx_word' id='word_1_156' title='bbox 160 2164 330 2248; x_wconf 89' lang='lat' dir='ltr'><strong>baptizare</strong></span> <span class='ocrx_word' id='word_1_157' title='bbox 351 2185 458 2247; x_wconf 87' lang='lat' dir='ltr'><strong>posse.</strong></span> 
     </span>
    </p>
   </div>
   <div class='ocr_carea' id='block_1_8' title="bbox 65 2279 1359 2813">
    <p class='ocr_par' dir='ltr' id='par_1_8' title="bbox 65 2279 1359 2813">
     <span class='ocr_line' id='line_1_21' title="bbox 115 2279 1356 2366; baseline 0 -20"><span class='ocrx_word' id='word_1_158' title='bbox 115 2281 156 2347; x_wconf 89' lang='lat' dir='ltr'><strong>R.</strong></span> <span class='ocrx_word' id='word_1_159' title='bbox 182 2283 213 2347; x_wconf 85' lang='lat'><strong>2.</strong></span> <span class='ocrx_word' id='word_1_160' title='bbox 259 2280 308 2346; x_wconf 89' lang='lat' dir='ltr'><strong>Ut</strong></span> <span class='ocrx_word' id='word_1_161' title='bbox 330 2283 440 2347; x_wconf 91' lang='lat' dir='ltr'><strong>autem</strong></span> <span class='ocrx_word' id='word_1_162' title='bbox 470 2279 600 2359; x_wconf 87' lang='lat' dir='ltr'><strong>liceret,</strong></span> <span class='ocrx_word' id='word_1_163' title='bbox 632 2280 743 2348; x_wconf 86' lang='lat' dir='ltr'><strong>debuit</strong></span> <span class='ocrx_word' id='word_1_164' title='bbox 771 2283 886 2348; x_wconf 88' lang='lat' dir='ltr'><strong>abesse</strong></span> <span class='ocrx_word' id='word_1_165' title='bbox 916 2281 1052 2366; x_wconf 87' lang='lat' dir='ltr'><strong>quilibet</strong></span> <span class='ocrx_word' id='word_1_166' title='bbox 1080 2283 1186 2366; x_wconf 77' lang='lat' dir='ltr'><strong>fidelia</strong></span> <span class='ocrx_word' id='word_1_167' title='bbox 1215 2279 1269 2362; x_wconf 92' lang='lat' dir='ltr'><strong>qni</strong></span> <span class='ocrx_word' id='word_1_168' title='bbox 1293 2279 1356 2346; x_wconf 89' lang='lat' dir='ltr'><strong>rite</strong></span> 
     </span>
     <span class='ocr_line' id='line_1_22' title="bbox 66 2368 1357 2453; baseline -0.002 -17"><span class='ocrx_word' id='word_1_169' title='bbox 66 2374 141 2436; x_wconf 84' lang='lat' dir='ltr'><strong>seat</strong></span> <span class='ocrx_word' id='word_1_170' title='bbox 162 2368 341 2452; x_wconf 90' lang='lat' dir='ltr'><strong>baptizare.</strong></span> <span class='ocrx_word' id='word_1_171' title='bbox 377 2368 411 2434; x_wconf 85' lang='lat' dir='ltr'><strong>Si</strong></span> <span class='ocrx_word' id='word_1_172' title='bbox 435 2390 513 2452; x_wconf 89' lang='lat' dir='ltr'><strong>ergo</strong></span> <span class='ocrx_word' id='word_1_173' title='bbox 537 2375 783 2453; x_wconf 89' lang='lat' dir='ltr'><strong>praesenserat</strong></span> <span class='ocrx_word' id='word_1_174' title='bbox 805 2371 901 2437; x_wconf 92' lang='lat' dir='ltr'><strong>homo</strong></span> <span class='ocrx_word' id='word_1_175' title='bbox 918 2370 1109 2448; x_wconf 87' lang='lat' dir='ltr'><strong>catholicus,</strong></span> <span class='ocrx_word' id='word_1_176' title='bbox 1134 2370 1203 2437; x_wconf 90' lang='lat' dir='ltr'><strong>sive</strong></span> <span class='ocrx_word' id='word_1_177' title='bbox 1220 2369 1272 2433; x_wconf 87' lang='lat' dir='ltr'><strong>vir</strong></span> <span class='ocrx_word' id='word_1_178' title='bbox 1286 2369 1357 2434; x_wconf 89' lang='lat' dir='ltr'><strong>sive</strong></span> 
     </span>
     <span class='ocr_line' id='line_1_23' title="bbox 66 2457 1357 2544; baseline -0.002 -19"><span class='ocrx_word' id='word_1_179' title='bbox 66 2460 167 2538; x_wconf 88' lang='lat' dir='ltr'><strong>mina,</strong></span> <span class='ocrx_word' id='word_1_180' title='bbox 198 2458 273 2523; x_wconf 91' lang='lat' dir='ltr'><strong>huic</strong></span> <span class='ocrx_word' id='word_1_181' title='bbox 297 2479 399 2540; x_wconf 90' lang='lat' dir='ltr'><strong>grave</strong></span> <span class='ocrx_word' id='word_1_182' title='bbox 422 2462 595 2542; x_wconf 90' lang='lat' dir='ltr'><strong>peccatum</strong></span> <span class='ocrx_word' id='word_1_183' title='bbox 618 2460 680 2525; x_wconf 82' lang='lat' dir='ltr'><strong>luit</strong></span> <span class='ocrx_word' id='word_1_184' title='bbox 703 2460 894 2544; x_wconf 87' lang='lat' dir='ltr'><strong>permittere</strong></span> <span class='ocrx_word' id='word_1_185' title='bbox 917 2463 955 2526; x_wconf 90' lang='lat' dir='ltr'><strong>ut</strong></span> <span class='ocrx_word' id='word_1_186' title='bbox 976 2461 1049 2526; x_wconf 89' lang='lat' dir='ltr'><strong>loco</strong></span> <span class='ocrx_word' id='word_1_187' title='bbox 1072 2459 1122 2524; x_wconf 93' lang='lat' dir='ltr'><strong>sui</strong></span> <span class='ocrx_word' id='word_1_188' title='bbox 1145 2459 1198 2524; x_wconf 89' lang='lat' dir='ltr'><strong>vir</strong></span> <span class='ocrx_word' id='word_1_189' title='bbox 1219 2457 1357 2524; x_wconf 87' lang='lat' dir='ltr'><strong>infidelis</strong></span> 
     </span>
     <span class='ocr_line' id='line_1_24' title="bbox 65 2547 1358 2632; baseline -0.002 -18"><span class='ocrx_word' id='word_1_190' title='bbox 65 2569 242 2631; x_wconf 90' lang='lat' dir='ltr'><strong>uamquam</strong></span> <span class='ocrx_word' id='word_1_191' title='bbox 266 2547 533 2631; x_wconf 90' lang='lat' dir='ltr'><strong>catechumenus)</strong></span> <span class='ocrx_word' id='word_1_192' title='bbox 556 2549 757 2632; x_wconf 89' lang='lat' dir='ltr'><strong>baptizaret;</strong></span> <span class='ocrx_word' id='word_1_193' title='bbox 787 2551 842 2616; x_wconf 79' lang='lat' dir='ltr'><strong>Tb.</strong></span> <span class='ocrx_word' id='word_1_194' title='bbox 862 2573 903 2617; x_wconf 89' lang='lat' dir='ltr'><strong>m.</strong></span> <span class='ocrx_word' id='word_1_195' title='bbox 921 2550 961 2629; x_wconf 91' lang='lat' dir='ltr'><strong>ll,</strong></span> <span class='ocrx_word' id='word_1_196' title='bbox 988 2552 1040 2618; x_wconf 82' lang='lat'><strong>67.</strong></span> <span class='ocrx_word' id='word_1_197' title='bbox 1075 2549 1197 2615; x_wconf 84' lang='lat' dir='ltr'><strong>Varum</strong></span> <span class='ocrx_word' id='word_1_198' title='bbox 1222 2548 1358 2630; x_wconf 85' lang='lat' dir='ltr'><strong>siquae</strong></span> 
     </span>
     <span class='ocr_line' id='line_1_25' title="bbox 66 2636 1359 2721; baseline 0.002 -21"><span class='ocrx_word' id='word_1_199' title='bbox 66 2637 236 2704; x_wconf 62' lang='lat' dir='ltr'><strong>inturbatio</strong></span> <span class='ocrx_word' id='word_1_200' title='bbox 260 2640 333 2702; x_wconf 89' lang='lat' dir='ltr'><strong>erat</strong></span> <span class='ocrx_word' id='word_1_201' title='bbox 355 2641 455 2719; x_wconf 87' lang='lat' dir='ltr'><strong>atque</strong></span> <span class='ocrx_word' id='word_1_202' title='bbox 478 2636 658 2704; x_wconf 91' lang='lat' dir='ltr'><strong>catholicus</strong></span> <span class='ocrx_word' id='word_1_203' title='bbox 688 2639 744 2721; x_wconf 92' lang='lat' dir='ltr'><strong>qui</strong></span> <span class='ocrx_word' id='word_1_204' title='bbox 767 2639 910 2704; x_wconf 88' lang='lat' dir='ltr'><strong>adfuerit</strong></span> <span class='ocrx_word' id='word_1_205' title='bbox 939 2639 1098 2706; x_wconf 86' lang='lat' dir='ltr'><strong>haerebat</strong></span> <span class='ocrx_word' id='word_1_206' title='bbox 1121 2639 1174 2703; x_wconf 89' lang='lat' dir='ltr'><strong>vel</strong></span> <span class='ocrx_word' id='word_1_207' title='bbox 1197 2640 1270 2705; x_wconf 90' lang='lat' dir='ltr'><strong>tuto</strong></span> <span class='ocrx_word' id='word_1_208' title='bbox 1295 2658 1359 2702; x_wconf 89' lang='lat' dir='ltr'><strong>non</strong></span> 
     </span>
     <span class='ocr_line' id='line_1_26' title="bbox 66 2726 1112 2813; baseline 0.005 -25"><span class='ocrx_word' id='word_1_209' title='bbox 66 2731 164 2795; x_wconf 68' lang='lat' dir='ltr'><strong>»terat</strong></span> <span class='ocrx_word' id='word_1_210' title='bbox 187 2726 366 2810; x_wconf 88' lang='lat' dir='ltr'><strong>baptizare,</strong></span> <span class='ocrx_word' id='word_1_211' title='bbox 390 2726 487 2792; x_wconf 90' lang='lat' dir='ltr'><strong>facile</strong></span> <span class='ocrx_word' id='word_1_212' title='bbox 511 2728 764 2793; x_wconf 90' lang='lat' dir='ltr'><strong>catechumenus</strong></span> <span class='ocrx_word' id='word_1_213' title='bbox 787 2731 920 2813; x_wconf 90' lang='lat' dir='ltr'><strong>poterat</strong></span> <span class='ocrx_word' id='word_1_214' title='bbox 942 2728 1112 2812; x_wconf 89' lang='lat' dir='ltr'><strong>praeferri.</strong></span> 
     </span>
    </p>
   </div>
   <div class='ocr_carea' id='block_1_9' title="bbox 120 2832 1359 2920">
    <p class='ocr_par' dir='ltr' id='par_1_9' title="bbox 120 2832 1359 2920">
     <span class='ocr_line' id='line_1_27' title="bbox 120 2832 1359 2920; baseline 0 -22"><span class='ocrx_word' id='word_1_215' title='bbox 120 2833 161 2901; x_wconf 87' lang='lat' dir='ltr'><strong>R.</strong></span> <span class='ocrx_word' id='word_1_216' title='bbox 186 2836 217 2899; x_wconf 88' lang='grc'><strong>3.</strong></span> <span class='ocrx_word' id='word_1_217' title='bbox 263 2832 418 2899; x_wconf 88' lang='lat' dir='ltr'><strong>Patrinus</strong></span> <span class='ocrx_word' id='word_1_218' title='bbox 448 2854 520 2899; x_wconf 91' lang='lat' dir='ltr'><strong>esse</strong></span> <span class='ocrx_word' id='word_1_219' title='bbox 544 2834 637 2900; x_wconf 90' lang='lat' dir='ltr'><strong>miles</strong></span> <span class='ocrx_word' id='word_1_220' title='bbox 661 2857 725 2901; x_wconf 91' lang='lat' dir='ltr'><strong>non</strong></span> <span class='ocrx_word' id='word_1_221' title='bbox 755 2839 897 2920; x_wconf 92' lang='lat' dir='ltr'><strong>poterat.</strong></span> <span class='ocrx_word' id='word_1_222' title='bbox 944 2834 1106 2902; x_wconf 82' lang='lat' dir='ltr'><strong>Constans</strong></span> <span class='ocrx_word' id='word_1_223' title='bbox 1129 2837 1181 2900; x_wconf 88' lang='lat' dir='ltr'><strong>est</strong></span> <span class='ocrx_word' id='word_1_224' title='bbox 1211 2832 1359 2899; x_wconf 86' lang='lat' dir='ltr'><strong>doctrina</strong></span> 
     </span>
    </p>
   </div>
   <div class='ocr_carea' id='block_1_10' title="bbox 66 2920 1358 3098">
    <p class='ocr_par' dir='ltr' id='par_1_10' title="bbox 66 2920 1358 3098">
     <span class='ocr_line' id='line_1_28' title="bbox 66 2920 1358 3007; baseline -0.002 -18"><span class='ocrx_word' id='word_1_225' title='bbox 66 2922 201 2990; x_wconf 80' lang='lat' dir='ltr'><strong>:clasiae</strong></span> <span class='ocrx_word' id='word_1_226' title='bbox 214 2923 497 3006; x_wconf 91' lang='lat' dir='ltr'><strong>non-baptizatum</strong></span> <span class='ocrx_word' id='word_1_227' title='bbox 511 2944 576 2988; x_wconf 92' lang='lat' dir='ltr'><strong>non</strong></span> <span class='ocrx_word' id='word_1_228' title='bbox 588 2924 694 2989; x_wconf 91' lang='lat' dir='ltr'><strong>solum</strong></span> <span class='ocrx_word' id='word_1_229' title='bbox 707 2946 771 2990; x_wconf 93' lang='lat' dir='ltr'><strong>non</strong></span> <span class='ocrx_word' id='word_1_230' title='bbox 787 2925 885 2990; x_wconf 86' lang='lat' dir='ltr'><strong>licere</strong></span> <span class='ocrx_word' id='word_1_231' title='bbox 898 2924 1020 2990; x_wconf 90' lang='lat' dir='ltr'><strong>assumi</strong></span> <span class='ocrx_word' id='word_1_232' title='bbox 1037 2924 1079 2990; x_wconf 94' lang='lat' dir='ltr'><strong>ad</strong></span> <span class='ocrx_word' id='word_1_233' title='bbox 1094 2944 1212 2989; x_wconf 90' lang='lat' dir='ltr'><strong>munus</strong></span> <span class='ocrx_word' id='word_1_234' title='bbox 1226 2920 1358 3007; x_wconf 89' lang='lat' dir='ltr'><strong>patrini,</strong></span> 
     </span>
     <span class='ocr_line' id='line_1_29' title="bbox 66 3011 1358 3098; baseline -0.001 -20"><span class='ocrx_word' id='word_1_235' title='bbox 66 3013 181 3078; x_wconf 92' lang='lat' dir='ltr'><strong>deum</strong></span> <span class='ocrx_word' id='word_1_236' title='bbox 196 3011 340 3077; x_wconf 86' lang='lat' dir='ltr'><strong>invalide</strong></span> <span class='ocrx_word' id='word_1_237' title='bbox 356 3011 477 3078; x_wconf 88' lang='lat' dir='ltr'><strong>assumi</strong></span> <span class='ocrx_word' id='word_1_238' title='bbox 493 3011 535 3093; x_wconf 89' lang='lat' dir='ltr'><strong>(c.</strong></span> <span class='ocrx_word' id='word_1_239' title='bbox 556 3016 628 3091; x_wconf 88' lang='lat'><strong>102,</strong></span> <span class='ocrx_word' id='word_1_240' title='bbox 647 3016 719 3080; x_wconf 81' lang='lat' dir='ltr'><strong>diet.</strong></span> <span class='ocrx_word' id='word_1_241' title='bbox 737 3017 757 3080; x_wconf 74' lang='lat'><em>4</em></span> <span class='ocrx_word' id='word_1_242' title='bbox 776 3015 814 3079; x_wconf 86' lang='lat' dir='ltr'><strong>de</strong></span> <span class='ocrx_word' id='word_1_243' title='bbox 837 3036 995 3095; x_wconf 79' lang='lat' dir='ltr'><strong>consecr.,·</strong></span> <span class='ocrx_word' id='word_1_244' title='bbox 1012 3014 1044 3079; x_wconf 87' lang='lat' dir='ltr'><strong>S.</strong></span> <span class='ocrx_word' id='word_1_245' title='bbox 1062 3013 1178 3098; x_wconf 86' lang='lat' dir='ltr'><strong>Alph.</strong></span> <span class='ocrx_word' id='word_1_246' title='bbox 1196 3011 1252 3091; x_wconf 90' lang='lat' dir='ltr'><strong>VI,</strong></span> <span class='ocrx_word' id='word_1_247' title='bbox 1272 3011 1358 3093; x_wconf 87' lang='grc'><strong>146).</strong></span> 
     </span>
    </p>
   </div>
   <div class='ocr_carea' id='block_1_11' title="bbox 66 3142 1405 3836">
    <p class='ocr_par' dir='ltr' id='par_1_11' title="bbox 66 3142 1405 3764">
     <span class='ocr_line' id='line_1_30' title="bbox 120 3142 1405 3229; baseline 0.003 -20"><span class='ocrx_word' id='word_1_248' title='bbox 120 3145 176 3209; x_wconf 81' lang='lat' dir='ltr'><strong>An</strong></span> <span class='ocrx_word' id='word_1_249' title='bbox 200 3164 391 3219; x_wconf 77' lang='lat' dir='ltr'><strong>onansirun</strong></span> <span class='ocrx_word' id='word_1_250' title='bbox 415 3146 455 3208; x_wconf 72' lang='lat'><strong>2¹</strong></span> <span class='ocrx_word' id='word_1_251' title='bbox 477 3143 516 3210; x_wconf 88' lang='lat' dir='ltr'><strong>R.</strong></span> <span class='ocrx_word' id='word_1_252' title='bbox 552 3145 700 3210; x_wconf 84' lang='lat' dir='ltr'><strong>Ecclesia</strong></span> <span class='ocrx_word' id='word_1_253' title='bbox 724 3146 853 3228; x_wconf 90' lang='lat' dir='ltr'><strong>quidem</strong></span> <span class='ocrx_word' id='word_1_254' title='bbox 876 3145 996 3213; x_wconf 85' lang='lat' dir='ltr'><strong>statuit</strong></span> <span class='ocrx_word' id='word_1_255' title='bbox 1019 3145 1247 3229; x_wconf 88' lang='lat' dir='ltr'><strong>cognationem</strong></span> <span class='ocrx_word' id='word_1_256' title='bbox 1265 3142 1405 3227; x_wconf 80' lang='lat' dir='ltr'><strong>spiri-78</strong></span> 
     </span>
     <span class='ocr_line' id='line_1_31' title="bbox 67 3232 1361 3317; baseline -0.001 -18"><span class='ocrx_word' id='word_1_257' title='bbox 67 3233 156 3300; x_wconf 89' lang='lat' dir='ltr'><strong>alam</strong></span> <span class='ocrx_word' id='word_1_258' title='bbox 197 3254 281 3314; x_wconf 90' lang='lat' dir='ltr'><strong>qnae</strong></span> <span class='ocrx_word' id='word_1_259' title='bbox 318 3233 362 3300; x_wconf 90' lang='lat' dir='ltr'><strong>sit</strong></span> <span class='ocrx_word' id='word_1_260' title='bbox 398 3233 665 3316; x_wconf 88' lang='lat' dir='ltr'><strong>impedimentum</strong></span> <span class='ocrx_word' id='word_1_261' title='bbox 700 3234 898 3301; x_wconf 87' lang='lat' dir='ltr'><strong>matrimonii</strong></span> <span class='ocrx_word' id='word_1_262' title='bbox 937 3235 1092 3300; x_wconf 86' lang='lat' dir='ltr'><strong>dirimens</strong></span> <span class='ocrx_word' id='word_1_263' title='bbox 1129 3234 1216 3301; x_wconf 90' lang='lat' dir='ltr'><strong>inter</strong></span> <span class='ocrx_word' id='word_1_264' title='bbox 1253 3232 1361 3317; x_wconf 90' lang='lat' dir='ltr'><strong>bapti-</strong></span> 
     </span>
     <span class='ocr_line' id='line_1_32' title="bbox 66 3322 1362 3407; baseline -0.001 -19"><span class='ocrx_word' id='word_1_265' title='bbox 66 3328 161 3391; x_wconf 87' lang='lat' dir='ltr'><strong>ntem</strong></span> <span class='ocrx_word' id='word_1_266' title='bbox 187 3326 223 3387; x_wconf 87' lang='lat' dir='ltr'><strong>et</strong></span> <span class='ocrx_word' id='word_1_267' title='bbox 250 3322 453 3407; x_wconf 91' lang='lat' dir='ltr'><strong>baptizatum</strong></span> <span class='ocrx_word' id='word_1_268' title='bbox 475 3322 609 3406; x_wconf 92' lang='lat' dir='ltr'><strong>eiusque</strong></span> <span class='ocrx_word' id='word_1_269' title='bbox 639 3328 801 3407; x_wconf 89' lang='lat' dir='ltr'><strong>parentes.</strong></span> <span class='ocrx_word' id='word_1_270' title='bbox 850 3325 971 3390; x_wconf 88' lang='lat' dir='ltr'><strong>Verum</strong></span> <span class='ocrx_word' id='word_1_271' title='bbox 1001 3325 1083 3390; x_wconf 92' lang='lat' dir='ltr'><strong>haec</strong></span> <span class='ocrx_word' id='word_1_272' title='bbox 1107 3345 1170 3391; x_wconf 90' lang='lat' dir='ltr'><strong>non</strong></span> <span class='ocrx_word' id='word_1_273' title='bbox 1198 3323 1282 3406; x_wconf 93' lang='lat' dir='ltr'><strong>ligat</strong></span> <span class='ocrx_word' id='word_1_274' title='bbox 1306 3343 1362 3388; x_wconf 90' lang='lat' dir='ltr'><strong>eos</strong></span> 
     </span>
     <span class='ocr_line' id='line_1_33' title="bbox 66 3411 1363 3498; baseline -0.002 -19"><span class='ocrx_word' id='word_1_275' title='bbox 66 3413 88 3479; x_wconf 84' lang='lat' dir='ltr'><strong>ri</strong></span> <span class='ocrx_word' id='word_1_276' title='bbox 112 3432 180 3477; x_wconf 91' lang='lat' dir='ltr'><strong>non</strong></span> <span class='ocrx_word' id='word_1_277' title='bbox 196 3411 247 3476; x_wconf 90' lang='lat' dir='ltr'><strong>val</strong></span> <span class='ocrx_word' id='word_1_278' title='bbox 271 3415 348 3477; x_wconf 93' lang='lat' dir='ltr'><strong>sunt</strong></span> <span class='ocrx_word' id='word_1_279' title='bbox 370 3411 433 3495; x_wconf 93' lang='lat' dir='ltr'><strong>ipsi</strong></span> <span class='ocrx_word' id='word_1_280' title='bbox 456 3412 615 3496; x_wconf 90' lang='lat' dir='ltr'><strong>baptizati</strong></span> <span class='ocrx_word' id='word_1_281' title='bbox 639 3414 693 3478; x_wconf 91' lang='lat' dir='ltr'><strong>vel</strong></span> <span class='ocrx_word' id='word_1_282' title='bbox 715 3418 792 3479; x_wconf 90' lang='lat' dir='ltr'><strong>actu</strong></span> <span class='ocrx_word' id='word_1_283' title='bbox 815 3414 886 3498; x_wconf 90' lang='lat' dir='ltr'><strong>ipso</strong></span> <span class='ocrx_word' id='word_1_284' title='bbox 910 3414 1128 3498; x_wconf 86' lang='lat' dir='ltr'><strong>baptizantur.</strong></span> <span class='ocrx_word' id='word_1_285' title='bbox 1160 3413 1237 3478; x_wconf 82' lang='lat' dir='ltr'><strong>Cum</strong></span> <span class='ocrx_word' id='word_1_286' title='bbox 1261 3411 1363 3493; x_wconf 87' lang='lat' dir='ltr'><strong>igitur</strong></span> 
     </span>
     <span class='ocr_line' id='line_1_34' title="bbox 66 3500 1362 3587; baseline -0.001 -20"><span class='ocrx_word' id='word_1_287' title='bbox 66 3503 138 3578; x_wconf 90' lang='lat' dir='ltr'><strong>iles,</strong></span> <span class='ocrx_word' id='word_1_288' title='bbox 156 3500 219 3566; x_wconf 85' lang='lat' dir='ltr'><strong>etsi</strong></span> <span class='ocrx_word' id='word_1_289' title='bbox 235 3501 496 3581; x_wconf 88' lang='lat' dir='ltr'><strong>catechumenus,</strong></span> <span class='ocrx_word' id='word_1_290' title='bbox 513 3507 624 3568; x_wconf 90' lang='lat' dir='ltr'><strong>tamen</strong></span> <span class='ocrx_word' id='word_1_291' title='bbox 641 3504 782 3568; x_wconf 92' lang='lat' dir='ltr'><strong>nondum</strong></span> <span class='ocrx_word' id='word_1_292' title='bbox 799 3508 888 3570; x_wconf 85' lang='lat' dir='ltr'><strong>esset</strong></span> <span class='ocrx_word' id='word_1_293' title='bbox 902 3503 1098 3587; x_wconf 90' lang='lat' dir='ltr'><strong>baptizatus,</strong></span> <span class='ocrx_word' id='word_1_294' title='bbox 1115 3524 1179 3569; x_wconf 89' lang='lat' dir='ltr'><strong>non</strong></span> <span class='ocrx_word' id='word_1_295' title='bbox 1196 3500 1362 3580; x_wconf 83' lang='lat' dir='ltr'><strong>contraxit</strong></span> 
     </span>
     <span class='ocr_line' id='line_1_35' title="bbox 66 3590 1363 3676; baseline -0.001 -19"><span class='ocrx_word' id='word_1_296' title='bbox 66 3613 106 3657; x_wconf 87' lang='lat' dir='ltr'><strong>nn</strong></span> <span class='ocrx_word' id='word_1_297' title='bbox 132 3610 205 3654; x_wconf 92' lang='lat' dir='ltr'><strong>cum</strong></span> <span class='ocrx_word' id='word_1_298' title='bbox 221 3590 327 3656; x_wconf 91' lang='lat' dir='ltr'><strong>Maria</strong></span> <span class='ocrx_word' id='word_1_299' title='bbox 350 3591 578 3673; x_wconf 84' lang='lat' dir='ltr'><strong>cognationem</strong></span> <span class='ocrx_word' id='word_1_300' title='bbox 599 3592 803 3675; x_wconf 89' lang='lat' dir='ltr'><strong>spiritualem</strong></span> <span class='ocrx_word' id='word_1_301' title='bbox 826 3614 910 3675; x_wconf 88' lang='lat' dir='ltr'><strong>quae</strong></span> <span class='ocrx_word' id='word_1_302' title='bbox 925 3592 1168 3660; x_wconf 89' lang='lat' dir='ltr'><strong>matrimonium</strong></span> <span class='ocrx_word' id='word_1_303' title='bbox 1191 3591 1363 3676; x_wconf 88' lang='lat' dir='ltr'><strong>prohibeat</strong></span> 
     </span>
     <span class='ocr_line' id='line_1_36' title="bbox 66 3678 1362 3764; baseline -0.002 -18"><span class='ocrx_word' id='word_1_304' title='bbox 66 3680 86 3746; x_wconf 69' lang='lat' dir='ltr'><strong>el</strong></span> <span class='ocrx_word' id='word_1_305' title='bbox 111 3678 255 3746; x_wconf 90' lang='lat' dir='ltr'><strong>dirimat.</strong></span> <span class='ocrx_word' id='word_1_306' title='bbox 306 3680 361 3745; x_wconf 80' lang='lat' dir='ltr'><strong>Tb.</strong></span> <span class='ocrx_word' id='word_1_307' title='bbox 386 3703 427 3746; x_wconf 88' lang='lat' dir='ltr'><strong>m.</strong></span> <span class='ocrx_word' id='word_1_308' title='bbox 451 3680 499 3757; x_wconf 92' lang='lat' dir='ltr'><strong>ll,</strong></span> <span class='ocrx_word' id='word_1_309' title='bbox 526 3683 606 3760; x_wconf 75' lang='lat'><strong>7583</strong></span> <span class='ocrx_word' id='word_1_310' title='bbox 631 3681 833 3760; x_wconf 87' lang='lat' dir='ltr'><strong>Sanchez,</strong></span> <span class='ocrx_word' id='word_1_311' title='bbox 858 3683 908 3748; x_wconf 90' lang='lat' dir='ltr'><strong>De</strong></span> <span class='ocrx_word' id='word_1_312' title='bbox 929 3685 1069 3748; x_wconf 80' lang='lat' dir='ltr'><strong>matrim.</strong></span> <span class='ocrx_word' id='word_1_313' title='bbox 1093 3684 1114 3749; x_wconf 91' lang='lat' dir='ltr'><strong>l.</strong></span> <span class='ocrx_word' id='word_1_314' title='bbox 1140 3684 1176 3759; x_wconf 88' lang='grc'><strong>9,</strong></span> <span class='ocrx_word' id='word_1_315' title='bbox 1203 3680 1283 3764; x_wconf 90' lang='lat' dir='ltr'><strong>disp.</strong></span> <span class='ocrx_word' id='word_1_316' title='bbox 1309 3681 1362 3757; x_wconf 87' lang='grc'><strong>62,</strong></span> 
     </span>
    </p>

    <p class='ocr_par' dir='ltr' id='par_1_12' title="bbox 89 3771 225 3836">
     <span class='ocr_line' id='line_1_37' title="bbox 89 3771 225 3836; baseline -0.022 0"><span class='ocrx_word' id='word_1_317' title='bbox 89 3772 171 3836; x_wconf 78' lang='lat' dir='ltr'><strong>bet</strong></span> <span class='ocrx_word' id='word_1_318' title='bbox 196 3771 225 3834; x_wconf 87' lang='grc'><strong>7.</strong></span> 
     </span>
    </p>
   </div>
   <div class='ocr_carea' id='block_1_12' title="bbox 66 3900 1407 4164">
    <p class='ocr_par' dir='ltr' id='par_1_13' title="bbox 66 3900 1407 4164">
     <span class='ocr_line' id='line_1_38' title="bbox 124 3900 1407 3987; baseline 0.003 -22"><span class='ocrx_word' id='word_1_319' title='bbox 124 3900 178 3965; x_wconf 85' lang='lat' dir='ltr'><strong>An</strong></span> <span class='ocrx_word' id='word_1_320' title='bbox 203 3920 393 3976; x_wconf 73' lang='lat' dir='ltr'><strong>oneramur</strong></span> <span class='ocrx_word' id='word_1_321' title='bbox 418 3904 456 3965; x_wconf 68' lang='lat'><strong>3⁰</strong></span> <span class='ocrx_word' id='word_1_322' title='bbox 480 3901 518 3966; x_wconf 84' lang='lat' dir='ltr'><strong>R.</strong></span> <span class='ocrx_word' id='word_1_323' title='bbox 540 3904 566 3967; x_wconf 93' lang='lat'><strong>1.</strong></span> <span class='ocrx_word' id='word_1_324' title='bbox 606 3902 707 3967; x_wconf 87' lang='lat' dir='ltr'><strong>Recta</strong></span> <span class='ocrx_word' id='word_1_325' title='bbox 731 3903 964 3987; x_wconf 87' lang='lat' dir='ltr'><strong>prohibebatur</strong></span> <span class='ocrx_word' id='word_1_326' title='bbox 986 3903 1071 3968; x_wconf 87' lang='lat' dir='ltr'><strong>lilius</strong></span> <span class='ocrx_word' id='word_1_327' title='bbox 1094 3901 1150 3968; x_wconf 90' lang='lat' dir='ltr'><strong>ille</strong></span> <span class='ocrx_word' id='word_1_328' title='bbox 1174 3923 1194 3968; x_wconf 91' lang='lat' dir='ltr'><strong>a</strong></span> <span class='ocrx_word' id='word_1_329' title='bbox 1217 3902 1364 3967; x_wconf 90' lang='lat' dir='ltr'><strong>ducenda</strong></span> <span class='ocrx_word' id='word_1_330' title='bbox 1374 3915 1407 3969; x_wconf 82' lang='grc'><strong>79</strong></span> 
     </span>
     <span class='ocr_line' id='line_1_39' title="bbox 66 3988 1364 4075; baseline -0.002 -19"><span class='ocrx_word' id='word_1_331' title='bbox 66 3988 162 4057; x_wconf 62' lang='lat' dir='ltr'><strong>&#39;ariae</strong></span> <span class='ocrx_word' id='word_1_332' title='bbox 186 4010 308 4066; x_wconf 88' lang='lat' dir='ltr'><strong>sorore,</strong></span> <span class='ocrx_word' id='word_1_333' title='bbox 333 3990 423 4054; x_wconf 89' lang='lat' dir='ltr'><strong>cuius</strong></span> <span class='ocrx_word' id='word_1_334' title='bbox 447 3989 516 4074; x_wconf 89' lang='lat' dir='ltr'><strong>ipse</strong></span> <span class='ocrx_word' id='word_1_335' title='bbox 540 3990 649 4057; x_wconf 87' lang='lat' dir='ltr'><strong>fuerat</strong></span> <span class='ocrx_word' id='word_1_336' title='bbox 673 3993 831 4074; x_wconf 88' lang='lat' dir='ltr'><strong>patrinus.</strong></span> <span class='ocrx_word' id='word_1_337' title='bbox 867 3993 953 4057; x_wconf 90' lang='lat' dir='ltr'><strong>Nam</strong></span> <span class='ocrx_word' id='word_1_338' title='bbox 978 3992 1144 4075; x_wconf 89' lang='lat' dir='ltr'><strong>cumipse</strong></span> <span class='ocrx_word' id='word_1_339' title='bbox 1168 3991 1364 4056; x_wconf 88' lang='lat' dir='ltr'><strong>christianus</strong></span> 
     </span>
     <span class='ocr_line' id='line_1_40' title="bbox 66 4078 1365 4164; baseline -0.002 -18"><span class='ocrx_word' id='word_1_340' title='bbox 66 4085 124 4146; x_wconf 79' lang='lat' dir='ltr'><strong>sat</strong></span> <span class='ocrx_word' id='word_1_341' title='bbox 154 4078 218 4144; x_wconf 87' lang='lat' dir='ltr'><strong>n&#39;te</strong></span> <span class='ocrx_word' id='word_1_342' title='bbox 248 4079 448 4161; x_wconf 89' lang='lat' dir='ltr'><strong>baptizatus,</strong></span> <span class='ocrx_word' id='word_1_343' title='bbox 481 4101 553 4144; x_wconf 89' lang='lat' dir='ltr'><strong>cum</strong></span> <span class='ocrx_word' id='word_1_344' title='bbox 583 4080 640 4145; x_wconf 90' lang='lat' dir='ltr'><strong>illa</strong></span> <span class='ocrx_word' id='word_1_345' title='bbox 670 4102 782 4146; x_wconf 85' lang='lat' dir='ltr'><strong>sorore</strong></span> <span class='ocrx_word' id='word_1_346' title='bbox 812 4103 854 4146; x_wconf 92' lang='lat' dir='ltr'><strong>ex</strong></span> <span class='ocrx_word' id='word_1_347' title='bbox 885 4102 1018 4147; x_wconf 90' lang='lat' dir='ltr'><strong>munere</strong></span> <span class='ocrx_word' id='word_1_348' title='bbox 1048 4081 1170 4164; x_wconf 87' lang='lat' dir='ltr'><strong>patrini</strong></span> <span class='ocrx_word' id='word_1_349' title='bbox 1200 4078 1365 4144; x_wconf 83' lang='lat' dir='ltr'><strong>contraxit</strong></span> 
     </span>
    </p>
   </div>
   <div class='ocr_carea' id='block_1_13' title="bbox 66 4167 744 4254">
    <p class='ocr_par' dir='ltr' id='par_1_14' title="bbox 66 4167 744 4254">
     <span class='ocr_line' id='line_1_41' title="bbox 66 4167 744 4254; baseline 0.006 -22"><span class='ocrx_word' id='word_1_350' title='bbox 66 4168 243 4254; x_wconf 66' lang='lat' dir='ltr'><strong>ignatianis</strong></span> <span class='ocrx_word' id='word_1_351' title='bbox 266 4167 445 4252; x_wconf 90' lang='lat' dir='ltr'><strong>spiritualis</strong></span> <span class='ocrx_word' id='word_1_352' title='bbox 468 4169 744 4252; x_wconf 89' lang='lat' dir='ltr'><strong>impedimentum.</strong></span> 
     </span>
    </p>
   </div>
   <div class='ocr_carea' id='block_1_14' title="bbox 66 4283 1368 4727">
    <p class='ocr_par' dir='ltr' id='par_1_15' title="bbox 66 4283 1368 4727">
     <span class='ocr_line' id='line_1_42' title="bbox 127 4283 1365 4369; baseline -0.001 -21"><span class='ocrx_word' id='word_1_353' title='bbox 127 4285 166 4351; x_wconf 86' lang='lat' dir='ltr'><strong>R.</strong></span> <span class='ocrx_word' id='word_1_354' title='bbox 193 4287 222 4349; x_wconf 87' lang='lat'><strong>2.</strong></span> <span class='ocrx_word' id='word_1_355' title='bbox 270 4284 428 4365; x_wconf 84' lang='lat' dir='ltr'><strong>Cognatio</strong></span> <span class='ocrx_word' id='word_1_356' title='bbox 458 4285 514 4350; x_wconf 92' lang='lat' dir='ltr'><strong>illa</strong></span> <span class='ocrx_word' id='word_1_357' title='bbox 543 4286 731 4351; x_wconf 87' lang='lat' dir='ltr'><strong>extenditur</strong></span> <span class='ocrx_word' id='word_1_358' title='bbox 755 4287 796 4351; x_wconf 93' lang='lat' dir='ltr'><strong>ad</strong></span> <span class='ocrx_word' id='word_1_359' title='bbox 826 4286 931 4369; x_wconf 90' lang='lat' dir='ltr'><strong>ipsam</strong></span> <span class='ocrx_word' id='word_1_360' title='bbox 961 4307 1134 4369; x_wconf 88' lang='lat' dir='ltr'><strong>personam</strong></span> <span class='ocrx_word' id='word_1_361' title='bbox 1165 4283 1365 4368; x_wconf 90' lang='lat' dir='ltr'><strong>baptizatam</strong></span> 
     </span>
     <span class='ocr_line' id='line_1_43' title="bbox 66 4372 1365 4458; baseline -0.002 -20"><span class='ocrx_word' id='word_1_362' title='bbox 66 4399 69 4438; x_wconf 63' lang='grc' dir='ltr'>ι</span> <span class='ocrx_word' id='word_1_363' title='bbox 100 4375 143 4441; x_wconf 92' lang='lat' dir='ltr'><strong>ad</strong></span> <span class='ocrx_word' id='word_1_364' title='bbox 174 4374 244 4439; x_wconf 87' lang='lat' dir='ltr'><strong>aius</strong></span> <span class='ocrx_word' id='word_1_365' title='bbox 274 4378 439 4458; x_wconf 88' lang='lat' dir='ltr'><strong>parentes.</strong></span> <span class='ocrx_word' id='word_1_366' title='bbox 492 4374 650 4440; x_wconf 82' lang='lat' dir='ltr'><strong>Attamen</strong></span> <span class='ocrx_word' id='word_1_367' title='bbox 681 4376 714 4440; x_wconf 91' lang='lat' dir='ltr'><strong>in</strong></span> <span class='ocrx_word' id='word_1_368' title='bbox 743 4380 856 4441; x_wconf 89' lang='lat' dir='ltr'><strong>nostro</strong></span> <span class='ocrx_word' id='word_1_369' title='bbox 887 4397 980 4451; x_wconf 87' lang='lat' dir='ltr'><strong>casu,</strong></span> <span class='ocrx_word' id='word_1_370' title='bbox 1016 4397 1088 4440; x_wconf 92' lang='lat' dir='ltr'><strong>cum</strong></span> <span class='ocrx_word' id='word_1_371' title='bbox 1118 4396 1210 4439; x_wconf 90' lang='lat' dir='ltr'><strong>soror</strong></span> <span class='ocrx_word' id='word_1_372' title='bbox 1239 4372 1365 4437; x_wconf 89' lang='lat' dir='ltr'><strong>Mariae</strong></span> 
     </span>
     <span class='ocr_line' id='line_1_44' title="bbox 66 4462 1366 4549; baseline -0.004 -18"><span class='ocrx_word' id='word_1_373' title='bbox 66 4465 273 4549; x_wconf 71' lang='lat' dir='ltr'><strong>rptizaratun</strong></span> <span class='ocrx_word' id='word_1_374' title='bbox 299 4462 367 4528; x_wconf 88' lang='lat' dir='ltr'><strong>aius</strong></span> <span class='ocrx_word' id='word_1_375' title='bbox 390 4467 497 4528; x_wconf 89' lang='lat' dir='ltr'><strong>mater</strong></span> <span class='ocrx_word' id='word_1_376' title='bbox 520 4463 689 4546; x_wconf 90' lang='lat' dir='ltr'><strong>baptizata</strong></span> <span class='ocrx_word' id='word_1_377' title='bbox 712 4465 854 4529; x_wconf 91' lang='lat' dir='ltr'><strong>nondum</strong></span> <span class='ocrx_word' id='word_1_378' title='bbox 878 4472 967 4540; x_wconf 89' lang='lat' dir='ltr'><strong>erat;</strong></span> <span class='ocrx_word' id='word_1_379' title='bbox 992 4485 1071 4547; x_wconf 90' lang='lat' dir='ltr'><strong>argo</strong></span> <span class='ocrx_word' id='word_1_380' title='bbox 1088 4486 1129 4528; x_wconf 83' lang='lat' dir='ltr'><strong>ex</strong></span> <span class='ocrx_word' id='word_1_381' title='bbox 1148 4484 1248 4547; x_wconf 87' lang='lat' dir='ltr'><strong>snpra</strong></span> <span class='ocrx_word' id='word_1_382' title='bbox 1271 4462 1366 4527; x_wconf 88' lang='lat' dir='ltr'><strong>dictis</strong></span> 
     </span>
     <span class='ocr_line' id='line_1_45' title="bbox 66 4552 1367 4635; baseline -0.004 -15"><span class='ocrx_word' id='word_1_383' title='bbox 66 4556 121 4620; x_wconf 89' lang='lat' dir='ltr'><strong>ius</strong></span> <span class='ocrx_word' id='word_1_384' title='bbox 159 4552 216 4618; x_wconf 93' lang='lat' dir='ltr'><strong>ille</strong></span> <span class='ocrx_word' id='word_1_385' title='bbox 253 4573 326 4617; x_wconf 91' lang='lat' dir='ltr'><strong>cum</strong></span> <span class='ocrx_word' id='word_1_386' title='bbox 364 4574 403 4618; x_wconf 90' lang='lat' dir='ltr'><strong>ea</strong></span> <span class='ocrx_word' id='word_1_387' title='bbox 443 4554 670 4635; x_wconf 87' lang='lat' dir='ltr'><strong>cognationem</strong></span> <span class='ocrx_word' id='word_1_388' title='bbox 708 4575 771 4618; x_wconf 90' lang='lat' dir='ltr'><strong>non</strong></span> <span class='ocrx_word' id='word_1_389' title='bbox 811 4554 987 4619; x_wconf 87' lang='lat' dir='ltr'><strong>contraxit.</strong></span> <span class='ocrx_word' id='word_1_390' title='bbox 1040 4554 1087 4620; x_wconf 87' lang='lat' dir='ltr'><strong>At</strong></span> <span class='ocrx_word' id='word_1_391' title='bbox 1119 4552 1222 4617; x_wconf 88' lang='lat' dir='ltr'><strong>videri</strong></span> <span class='ocrx_word' id='word_1_392' title='bbox 1257 4555 1367 4634; x_wconf 90' lang='lat' dir='ltr'><strong>potest</strong></span> 
     </span>
     <span class='ocr_line' id='line_1_46' title="bbox 66 4640 1368 4727; baseline -0.003 -17"><span class='ocrx_word' id='word_1_393' title='bbox 66 4644 128 4711; x_wconf 70' lang='lat' dir='ltr'><strong>ravi</strong></span> <span class='ocrx_word' id='word_1_394' title='bbox 159 4645 253 4727; x_wconf 89' lang='lat' dir='ltr'><strong>post,</strong></span> <span class='ocrx_word' id='word_1_395' title='bbox 286 4663 358 4706; x_wconf 89' lang='lat' dir='ltr'><strong>cnm</strong></span> <span class='ocrx_word' id='word_1_396' title='bbox 381 4648 486 4709; x_wconf 87' lang='lat' dir='ltr'><strong>mater</strong></span> <span class='ocrx_word' id='word_1_397' title='bbox 517 4642 574 4707; x_wconf 91' lang='lat' dir='ltr'><strong>illa</strong></span> <span class='ocrx_word' id='word_1_398' title='bbox 597 4642 668 4727; x_wconf 90' lang='lat' dir='ltr'><strong>ipsa</strong></span> <span class='ocrx_word' id='word_1_399' title='bbox 699 4664 826 4726; x_wconf 92' lang='lat' dir='ltr'><strong>quoque</strong></span> <span class='ocrx_word' id='word_1_400' title='bbox 856 4643 1097 4726; x_wconf 86' lang='lat' dir='ltr'><strong>baptizaretur,</strong></span> <span class='ocrx_word' id='word_1_401' title='bbox 1129 4640 1280 4724; x_wconf 88' lang='lat' dir='ltr'><strong>cognatio</strong></span> <span class='ocrx_word' id='word_1_402' title='bbox 1311 4640 1368 4706; x_wconf 89' lang='lat' dir='ltr'><strong>illa</strong></span> 
     </span>
    </p>
   </div>
   <div class='ocr_carea' id='block_1_15' title="bbox 0 0 1529 5174">
    <p class='ocr_par' dir='ltr' id='par_1_16' title="bbox 0 0 1529 5174">
     <span class='ocr_line' id='line_1_47' title="bbox 0 0 1529 5174; baseline 0 0"><span class='ocrx_word' id='word_1_403' title='bbox 0 0 1529 5174; x_wconf 95' lang='lat' dir='ltr'><strong> </strong></span> 
     </span>
    </p>
   </div>
  </div>
 </body>
</html>
