3044 5174
395 270 544 341 Dispositio
563 271 596 325 ad
615 271 774 325 sumendam
792 285 829 323 ss.
849 267 1050 323 eucharistiam.
1343 275 1383 338 91

61 445 208 512 defectus
225 445 418 512 confessarii
434 447 649 531 competentis
672 468 731 530 per
754 468 850 528 quem
874 447 996 512 directe
1012 469 1032 512 a
1047 447 1191 531 peccatis
1207 446 1385 513 reservatis

60 535 162 619 possit
178 534 324 601 absolvi:
348 535 409 601 nisi
432 536 519 601 forte
542 540 674 620 praeter
696 540 867 619 peccatum
883 558 1050 601 censuram
1066 541 1278 602 contraxerat
1301 556 1385 618 quae

59 646 123 689 non
146 624 295 708 potuerit
318 625 455 703 auferri,
489 647 583 703 nam,
615 625 643 690 si
666 625 714 691 ita
738 631 807 702 est,
841 629 878 689 ut
901 625 1068 690 celebrare
1099 625 1215 702 liceat,
1249 624 1385 708 singulis

59 713 186 778 uicibus
209 713 327 779 adesse
350 714 446 780 debet
471 736 565 780 casus
588 714 805 780 necessitatis,
856 716 912 780 ΤΙι.
936 737 977 780 aa.
1002 714 1042 792 II,
1066 716 1143 779 414.

149 846 203 910 Ao
227 866 419 922 Quaasrruu
442 848 481 911 3¹²⁰
505 846 544 913 R.
570 849 599 914 1.
646 844 681 912 Si
704 846 863 913 Sebaldus
891 847 997 912 solum
1027 867 1138 912 casum
1169 845 1385 929 episcopalem
1398 857 1446 912 161

59 934 247 1014 habuisset,
278 940 369 1002 recte
391 934 499 1019 potuit
522 934 681 1012 iudicare,
706 940 743 1002 ut
766 956 802 1000 re
825 935 898 1019 ipsa
919 935 1093 1002 iudicavit:
1124 935 1186 1001 nisi
1210 938 1321 1001 tamen
1345 935 1387 1000 ab

59 1024 214 1108 episcopo
229 1027 392 1093 statutum
408 1025 452 1090 sit
467 1024 626 1102 similiter,
652 1029 688 1090 ut
710 1046 771 1108 per
786 1024 952 1090 decretum
968 1024 1001 1091 S.
1019 1024 1124 1090 Officii
1149 1025 1179 1090 d.
1197 1024 1228 1092 d.
1246 1024 1387 1089 231unii

61 1115 150 1179 1886
185 1134 246 1197 pro
280 1113 409 1179 casibus
442 1113 631 1197 papalibus,
665 1113 700 1178 in
727 1134 806 1179 casu
837 1113 1045 1180 necessitatis
1079 1134 1175 1197 posse
1211 1112 1388 1195 quemlibet

58 1201 298 1268 confessarium
321 1203 502 1281 absolvere,
526 1203 638 1269 addito
662 1223 760 1268 onere
787 1223 856 1268 rem
879 1207 995 1287 postea
1012 1223 1083 1268 cum
1105 1201 1273 1286 superiore
1299 1222 1387 1267 com·

60 1290 215 1376 ponendi.

150 1395 191 1462 R.
216 1398 246 1463 2.
283 1395 374 1473 Quod
390 1401 501 1463 autem
514 1396 640 1480 reipsa
662 1397 762 1463 habat
778 1397 843 1463 alia
859 1401 996 1482 peccata
1012 1418 1116 1480 eaque
1132 1396 1224 1464 Rom.
1242 1396 1387 1481 pontifici

59 1485 250 1570 specialiter
271 1490 459 1552 reservata:
483 1485 516 1551 id
540 1490 617 1552 ante
641 1486 808 1552 decretum
831 1487 862 1553 S.
881 1486 988 1552 Officii
1010 1487 1105 1552 modo
1128 1486 1299 1553 laudatum
1323 1507 1388 1551 non

59 1580 252 1642 mutaverat
275 1574 496 1641 condicionem
520 1575 660 1654 Sebaldi,
685 1576 743 1640 sed
766 1597 851 1641 nunc
873 1580 990 1642 mutat.

151 1672 186 1739 si
210 1672 297 1738 enim
319 1693 378 1757 pro
401 1675 566 1739 momento
589 1673 809 1738 abstrahimus
833 1695 853 1738 a
876 1695 953 1738 casu
977 1672 1170 1757 episcopali,
1194 1677 1331 1757 peccata
1354 1678 1388 1739 et

60 1782 221 1827 censurae
253 1761 346 1827 Rom.
379 1762 525 1846 pontifici
555 1767 728 1828 reservata
759 1762 885 1828 absolvi
918 1768 1054 1845 possunt
1083 1783 1103 1827 a
1134 1762 1278 1844 quolibet
1311 1782 1388 1826 con·

60 1850 217 1929 fossario,
249 1850 379 1933 quando
402 1850 485 1916 alias
510 1851 689 1935 periculum
713 1851 826 1933 gravis
848 1851 942 1928 mali,
974 1873 1005 1918 v.
1029 1872 1061 1933 g.
1085 1851 1197 1934 gravis
1220 1851 1386 1928 infamiae,

60 1941 158 2006 adest
181 1939 249 2019 (vel
279 1939 429 2006 etiamsi
459 1940 640 2024 paenitenti
670 1940 871 2005 solummodo
902 1960 1005 2021 grave
1028 1945 1080 2007 est
1110 1939 1231 2005 diutius
1254 1961 1387 2005 manere

60 2031 93 2094 in
109 2034 205 2095 statu
227 2029 379 2113 peccati),
403 2028 463 2094 sub
486 2029 560 2111 lege
582 2034 693 2095 tamen
716 2029 915 2095 reincidendi
938 2029 971 2094 in
987 2030 1118 2095 easdem
1136 2049 1300 2105 censuras,
1325 2029 1387 2093 nisi

60 2118 149 2183 infra
164 2138 310 2183 mensem
326 2139 477 2183 recursus
492 2118 601 2184 factus
617 2118 717 2184 fuerit
733 2118 773 2184 ad
791 2119 824 2185 S.
837 2118 953 2184 Sedem
969 2140 1027 2184 sen
1040 2119 1071 2185 S.
1085 2117 1385 2184 Paenitentiamam.

62 2207 163 2273 Hinc
179 2205 235 2289 qui
263 2212 402 2291 peccatu
423 2208 517 2274 Rom.
541 2207 687 2291 pontifici
713 2209 783 2273 sive
807 2229 878 2273 cum
903 2228 1041 2273 censura
1064 2207 1134 2272 sive
1157 2207 1227 2272 sine
1250 2227 1387 2272 censura

61 2299 236 2362 reservate
265 2296 380 2374 habet,
412 2296 442 2361 ei
472 2318 648 2379 numquam
676 2301 811 2380 propter
841 2297 1004 2362 defectum
1035 2295 1173 2379 legitimi
1197 2296 1389 2362 confessarii

64 2385 303 2451 confessionem
331 2385 483 2451 omittere
512 2385 606 2464 licet,
636 2385 794 2469 siquidem
825 2389 935 2469 potest
965 2385 1108 2463 absolvi,
1138 2385 1235 2467 idque
1266 2385 1389 2451 directe

64 2475 126 2541 etsi
160 2495 235 2540 cum
264 2494 364 2539 onere
392 2475 580 2540 recurrendi
613 2475 654 2541 ad
685 2475 717 2540 S.
749 2475 881 2541 Sedem:
915 2475 1043 2540 interea
1076 2479 1202 2552 autem,
1236 2473 1388 2556 quoniam

62 2564 188 2630 directe
219 2562 389 2629 absolutus
416 2568 467 2630 est
496 2569 566 2630 tum
591 2586 611 2629 a
640 2568 776 2647 peccato
806 2567 875 2629 tum
901 2585 921 2629 a
944 2584 1097 2640 censura,
1128 2584 1193 2628 nou
1223 2568 1275 2629 est
1303 2564 1389 2629 ratio

64 2674 121 2718 cur
157 2655 275 2737 postea
308 2673 373 2717 non
406 2653 506 2718 liceat
539 2653 572 2718 in
608 2652 809 2718 celebrandis
844 2652 952 2718 missis
986 2673 1123 2736 pergere
1158 2652 1257 2719 etiam
1292 2656 1390 2718 extra

62 2763 176 2808 omum
208 2740 431 2818 dementati&
463 2762 539 2807 nem
570 2760 667 2807 casus
698 2741 905 2808 necessitatis
934 2742 1162 2824 requirebatur
1193 2745 1323 2807 tantum
1352 2745 1390 2806 ut

63 2829 212 2915 potuerit
234 2830 373 2897 absolvi.

152 2937 193 3004 R.
219 2939 249 3003 3.
288 2937 353 3002 Sed
376 2958 461 3002 nune
484 2936 570 3020 apud
594 2936 768 3003 Sebaldum
799 2936 976 3002 difficultas
999 2935 1124 3001 moveri
1152 2941 1263 3019 potest
1286 2957 1327 3000 ex
1351 2950 1451 3006 e0162

64 3025 150 3109 quod
174 3025 327 3093 habuerit
342 3025 438 3091 simul
462 3031 599 3110 peccata
615 3030 785 3092 reservata
801 3026 1008 3110 episcopalia.
1045 3026 1078 3092 Si
1103 3024 1203 3106 igitur
1219 3025 1390 3109 episcopus

63 3115 259 3182 facultatem
274 3115 309 3180 in
324 3114 522 3182 necessitate
538 3115 728 3180 absolvendi
743 3137 808 3180 non
832 3116 968 3192 dederit,
993 3113 1097 3180 videri
1116 3118 1227 3197 potest
1251 3114 1390 3179 Sebaldo

63 3204 275 3271 nihilominus
305 3204 419 3270 deesse
449 3204 629 3287 legitimum
653 3204 887 3269 confessarium
912 3226 931 3268 a
959 3225 1021 3286 quo
1051 3203 1155 3288 possit
1178 3203 1321 3274 absolvi;
1351 3223 1390 3268 ac

63 3295 160 3379 proin
183 3311 221 3359 se
238 3315 332 3379 posse
355 3293 484 3378 quidem
508 3293 669 3371 confiteri,
694 3298 731 3359 ut
754 3294 795 3358 ab
819 3292 1056 3377 episcopalibus
1081 3292 1209 3358 casibus
1233 3292 1390 3358 indirecte

64 3383 269 3460 absolvatur,
293 3383 351 3448 sed
375 3403 412 3449 se
430 3405 523 3469 posse
548 3386 642 3448 etiam
667 3387 781 3466 utpote
805 3381 952 3464 legitimo
977 3381 1177 3447 confessario
1198 3381 1390 3448 destitutum

65 3473 119 3556 qui
142 3472 268 3540 directe
291 3472 443 3538 absolvat
464 3472 534 3538 sine
558 3471 645 3537 omui
669 3471 871 3537 confessione
893 3475 1028 3555 propter
1051 3492 1163 3536 casum
1184 3471 1391 3538 necessitatis

66 3584 139 3628 cum
163 3561 236 3627 sola
259 3561 454 3628 contritione
478 3561 653 3627 celebrare.

10 3714 12 3741 ÷
156 3658 260 3737 Quam
295 3658 577 3726 ratiocinationem
612 3658 793 3741 legitimam
827 3679 899 3723 esse
933 3678 997 3722 non
1029 3677 1201 3740 negarem,
1237 3656 1264 3720 si
1297 3677 1391 3721 casus

65 3746 214 3834 papales,
237 3768 318 3830 quos
334 3747 492 3815 Sebaldus
508 3748 683 3824 contraxit,
708 3747 778 3813 sine
802 3768 939 3812 censura
962 3751 1072 3812 essent
1094 3745 1265 3813 reservati.
1296 3745 1392 3811 Nunc

66 3858 145 3904 vero
170 3858 244 3903 cnm
267 3837 560 3904 excommunicatio
584 3840 754 3902 contracta
777 3837 821 3901 sit
850 3857 954 3918 neque
985 3836 1083 3902 liceat
1110 3834 1391 3901 excommunicato

67 3926 246 4006 celebrare,
263 3925 325 3992 nisi
340 3925 373 3991 id
389 3926 608 3992 necessarium
624 3925 681 3992 sit:
699 3946 855 4007 quaerere
872 3925 968 3991 debet
980 3924 1138 3991 Sebaldus
1154 3923 1391 3990 absolutionem

67 4039 86 4082 a
108 4015 268 4095 censuris,
292 4015 320 4081 si
344 4015 491 4082 obtinere
514 4019 624 4099 potest
647 4013 758 4095 (aliter
781 4015 866 4080 enim
891 4015 985 4080 abest
1008 4014 1187 4079 necessitas
1207 4013 1392 4079 celebrandi

68 4127 138 4172 cum
172 4106 343 4188 censura);
375 4110 410 4171 at
442 4105 588 4170 obtinere
620 4109 746 4188 potest,
781 4104 808 4168 si
841 4106 1015 4170 confitetur
1046 4107 1183 4187 peccata
1213 4125 1273 4168 sua
1306 4102 1392 4184 apud

67 4195 245 4278 quemlibet
261 4194 506 4261 confessarium.
543 4194 649 4259 Debet
665 4193 774 4276 igitur,
792 4193 819 4257 si
835 4193 934 4258 alium
951 4192 1185 4257 confessarium
1201 4214 1264 4256 non
1281 4191 1391 4268 habet,

67 4285 215 4352 confiteri
237 4305 297 4350 suo
314 4283 446 4350 vicario.
483 4282 709 4367 Episcopalem
725 4303 847 4359 casum,
872 4282 900 4346 si
924 4282 965 4347 ab
981 4303 1019 4347 eo
1036 4281 1226 4347 absolvendi
1249 4280 1392 4345 facultas

67 4374 169 4453 deest,
192 4373 344 4440 confiteri
368 4373 521 4439 convenit
545 4371 685 4454 quidem,
709 4372 825 4438 stricta
849 4371 1006 4454 obligatio
1029 4392 1094 4436 non
1110 4375 1171 4445 est,
1195 4370 1253 4434 sed
1276 4375 1393 4451 postea

68 4464 151 4548 apud
182 4463 369 4548 legitimum
403 4461 638 4528 confessarium
672 4462 723 4526 val
757 4461 955 4543 superiorem
988 4460 1100 4542 quaeri
1137 4458 1233 4523 debet
1268 4458 1393 4523 directa

67 4554 237 4622 absolutio.
290 4553 348 4619 Tb,
371 4574 413 4619 m.
437 4551 479 4623 ΙΙ,
503 4555 578 4617 414.
603 4553 677 4615 415.
