3044 5174
448 270 567 336 Quando,
586 271 693 340 quoties
711 270 843 325 celebrari
863 271 951 325 liceat

424 501 598 568 TEMPUS
622 500 979 568 CELEBRATIONIS.

612 659 723 726 Casus.
744 667 802 736 (70)

123 808 309 868 Philibertus
331 809 436 868 studiis
458 815 487 867 et
509 808 660 868 laboribus
688 808 844 868 litterariis
872 815 1034 887 occupatus
1063 829 1116 885 per
1136 814 1230 868 totum
1252 828 1360 867 annum

82 889 235 959 celebrat,
264 890 394 948 celebrat
416 889 514 966 paullo
543 894 611 965 post
638 889 742 948 horam
764 896 898 966 quartam
928 889 1119 961 matutinam
1148 908 1214 948 cum
1235 889 1266 948 in
1287 888 1361 948 cele·

66 969 202 1028 ationem
224 969 318 1046 ipsam
340 969 391 1028 vix
412 970 531 1042 tertiam
545 970 636 1028 horae
651 975 766 1046 partem
780 969 931 1046 impendit,
952 990 1006 1047 pro
1027 969 1265 1048 praeparatione,
1288 970 1361 1028 cele·

66 1049 182 1120 atione,
204 1049 366 1125 gratiarum
388 1050 505 1109 actione
527 1049 703 1108 coniunctim
720 1049 868 1109 dimidiam
882 1050 985 1110 horam
999 1049 1111 1127 implet,
1133 1051 1190 1121 rel,
1205 1049 1362 1125 siquando

66 1149 111 1201 us,
133 1131 165 1189 id
185 1129 338 1190 recitando
359 1129 533 1189 matutinum
555 1149 620 1188 cum
641 1129 776 1189 laudibus
797 1130 926 1191 insumit.

66 1273 216 1314 canamus
237 1255 267 1312 1⁰
287 1272 345 1330 qua
365 1254 439 1313 hora
459 1253 549 1312 liceat
569 1253 728 1314 celebrare.

239 1353 270 1410 2⁰
290 1356 433 1427 quantum
452 1350 594 1428 temporis
614 1351 744 1427 impendi
765 1351 871 1411 debeat
890 1352 921 1411 in
942 1352 1179 1412 celebrationem.

240 1451 271 1508 3⁰
291 1449 359 1525 quid
381 1449 417 1507 de
438 1448 601 1508 Philiberto
622 1447 811 1508 iudicandum
832 1449 881 1509 sit.

633 1650 770 1719 solutio.

125 1800 181 1866 An
205 1820 397 1876 ooarsmuir
423 1804 459 1864 1¹²²
482 1800 522 1867 R.
549 1804 576 1867 1.
624 1801 765 1884 Tempus
795 1801 994 1868 ordinarium
1024 1806 1076 1868 est
1105 1802 1147 1867 ab
1177 1821 1296 1867 aurora
1319 1800 1423 1869 adata

66 1889 216 1966 eridiem
240 1889 289 1955 ita
310 1894 422 1956 tamen
445 1894 482 1955 ut
512 1890 594 1956 satis
623 1889 668 1956 sit
696 1890 729 1954 in
760 1911 879 1956 aurora
901 1890 985 1955 finiri
1009 1891 1063 1955 vel
1093 1896 1171 1958 ante
1194 1890 1362 1956 meridiem

66 1979 135 2063 cipi
158 1978 303 2044 missam.
351 1978 382 2045 S.
408 1978 522 2062 Alph.
547 1979 604 2056 VI,
630 1982 711 2055 341;
740 1980 796 2047 Th.
820 2004 860 2048 ru.
884 1980 927 2057 ΙΙ,
952 1982 1026 2047 217.

126 2085 166 2151 R.
192 2087 223 2151 2.
269 2084 346 2150 Sine
368 2084 541 2168 privilegio
565 2086 618 2151 vel
650 2107 749 2152 causa
773 2086 979 2154 mediocriter
1008 2085 1103 2169 gravi
1126 2089 1257 2169 tempus
1279 2085 1361 2168 legi·

66 2195 152 2240 mum
184 2174 322 2239 multum
353 2177 564 2240 antevertere
597 2175 650 2241 vel
682 2181 879 2259 postponere
912 2175 1075 2258 (integrae
1106 2174 1207 2241 horae
1239 2174 1360 2258 spatio)

66 2284 141 2330 rave
164 2266 335 2346 peccatum
359 2267 471 2329 oense
473 2285 520 2330 ur
568 2265 599 2330 S.
624 2263 741 2349 Alph.
765 2266 788 2332 l
812 2285 839 2331 c
864 2267 939 2344 346,
969 2266 1024 2332 lb.
1050 2288 1091 2332 m.
1115 2264 1136 2331 1.
1162 2286 1189 2332 c.

126 2368 166 2434 R.
202 2371 232 2436 3.
285 2368 410 2435 Causae
441 2391 482 2435 au
484 2375 551 2437 tem
582 2392 640 2437 cur
671 2370 801 2438 circiter
830 2370 996 2439 horest
961 2371 1060 2439 etiam
1094 2370 1201 2455 spatio
1232 2375 1361 2454 tempus

66 2458 205 2525 rtcverti
227 2458 281 2524 vel
304 2459 454 2542 postponi
479 2459 549 2524 sine
571 2465 707 2544 peccato
728 2460 834 2571 possit
857 2465 950 2527 sunt:

127 2556 162 2638 a)
158 2576 317 2710 prosra
279 2556 498 2635 rationabilis,
530 2562 568 2624 ut
597 2559 736 2642 operarii
768 2558 943 2643 possinte
880 2558 1025 2625 tetiam
1053 2557 1185 2623 hiemali
1214 2531 1361 2641 tempore

66 2667 132 2713 acro
156 2645 190 2710 in
206 2665 332 2721 cresse3

127 2744 163 2826 b)
188 2743 272 2809 ratio
296 2742 422 2809 itineris
445 2744 497 2810 die
519 2744 678 2810 dominico
695 2745 748 2810 vel
772 2744 812 2810 de
834 2751 1011 2830 praecepto
1033 2743 1179 2811 festivo
1170 2747 1236 2810 mst
1221 2743 1361 2811 tituendi

66 2833 125 2899 uod
149 2833 298 2917 postulat
319 2832 404 2899 hanc
427 2832 585 2918 temporis
608 2833 849 2912 extensionem

128 2931 160 3014 c)
184 2951 312 2995 sacmm
335 2930 492 2996 sollemne
516 2931 628 2998 diebus
656 2932 841 3015 praeceptis
870 2931 939 3016 (vel
962 2930 1083 3013 contio)
1107 2930 1163 2998 diu
1192 2935 1267 3015 prot
1252 2934 1362 2998 tracta

66 3025 113 3087 nst
139 3040 223 3102 quae
246 3022 342 3085 solem
358 3019 458 3086 etiam
475 3020 634 3087 celebrari
649 3021 749 3087 missa
764 3021 897 3132 privata
911 3043 970 3106 pro
987 3021 1218 3088 commoditate
1233 3020 1360 3104 populi3

128 3117 164 3199 d)
187 3116 294 3219 minor
316 3117 416 3183 etiam
439 3138 554 3196 causa,
579 3118 707 3201 quando
731 3119 902 3203 episcopus
925 3119 958 3184 in
982 3140 1059 3184 casu
1082 3117 1272 3203 particulari
1295 3117 1361 3183 dis·

66 3209 364 3386 ³mileliliriessitas
387 3304 577 3371 conficiendi
594 3303 715 3384 viatici,
740 3310 778 3372 ut
800 3310 903 3390 patet,
927 3305 1089 3390 permittit
1109 3325 1173 3370 non
1197 3304 1302 3370 solum
1325 3308 1362 3370 ut

66 3415 96 3460 sr
119 3393 222 3459 horae
245 3394 388 3478 spatium
411 3397 541 3479 tempus
563 3392 745 3478 legitimum
769 3396 933 3462 anteverti
959 3394 1080 3480 possit;
1113 3394 1169 3460 sed
1201 3392 1302 3459 etiam
1325 3399 1362 3461 ut

66 3484 159 3550 dtem
182 3482 297 3550 statim
320 3504 341 3549 a
363 3483 470 3550 media
493 3487 590 3549 nocte
613 3483 713 3550 liceat
737 3485 912 3551 celebrare.

128 3597 169 3665 R.
193 3601 224 3665 4.
257 3599 410 3681 Alioquin
425 3599 602 3666 habitualis
618 3600 828 3684 dispensatio,
852 3601 907 3666 vel
922 3597 1121 3684 dispensatio
1144 3598 1232 3664 ultra
1246 3596 1361 3663 horam

66 3687 185 3754 artinet
208 3688 249 3752 ad
273 3688 305 3754 S.
330 3688 446 3754 Sedem
477 3710 561 3772 quae
585 3710 627 3754 ex
658 3709 757 3754 causa
780 3688 968 3756 rationabili
997 3686 1203 3771 regularibus
1225 3708 1290 3753 non
1314 3687 1361 3754 ita

66 3777 216 3843 lfficulter
238 3777 400 3862 permittit
423 3782 461 3844 ut
487 3780 518 3860 1)
541 3778 640 3845 liceat
663 3799 729 3844 una
744 3778 824 3845 hora
840 3779 893 3844 vel
909 3778 1009 3845 etiam
1033 3778 1157 3843 duabus
1173 3777 1262 3843 horis
1285 3782 1362 3845 ante

66 3887 191 3933 ironam
216 3867 269 3933 vel
292 3872 367 3951 post
390 3866 557 3933 meridiem
581 3868 761 3944 celebrare;
793 3868 847 3934 vel
877 3867 911 3951 2)
935 3867 1079 3950 quolibet
1108 3866 1185 3933 anni
1214 3871 1362 3950 tempore

66 3957 166 4023 iabus
188 3955 277 4022 horis
299 3961 375 4040 post
397 3957 538 4023 mediam
560 3962 700 4024 noctem.

128 4062 168 4128 R.
194 4065 224 4129 5.
271 4063 305 4129 Si
327 4063 535 4147 privilegium
566 4063 662 4130 datur
686 4070 778 4132 certa
800 4065 881 4130 hora
904 4063 948 4143 (u.
974 4084 1005 4146 g.
1030 4062 1173 4128 secunda
1195 4065 1271 4144 post
1293 4081 1362 4125 me·

66 4153 127 4217 {am
158 4153 301 4235 noctem)
334 4153 534 4229 celebrandi,
567 4153 678 4220 licebit
707 4154 740 4220 in
770 4154 1016 4221 determinanda
1046 4152 1153 4217 media
1186 4155 1282 4216 nocte
1313 4150 1360 4216 uti

66 4261 190 4324 empore
213 4240 284 4306 sive
306 4262 385 4306 vero
407 4242 478 4308 sive
501 4242 640 4326 publico,
666 4245 728 4310 etsi
751 4265 772 4310 a
794 4264 873 4309 vero
896 4244 1035 4309 multum
1059 4241 1231 4323 discrepet.

130 4356 169 4422 R.
196 4360 226 4423 6.
258 4355 295 4421 In
319 4377 446 4423 summa
469 4362 608 4437 aestate,
634 4358 762 4440 quando
785 4359 817 4423 in
841 4359 1028 4441 regionibus
1052 4354 1362 4442 septentrionalibus

66 4468 160 4512 rrora
180 4449 290 4511 cessat
305 4467 362 4511 seu
379 4447 600 4530 vespertinum
616 4449 841 4531 crepusculum
856 4450 888 4513 in
905 4449 1102 4515 matutinum
1125 4445 1254 4522 transit,
1279 4447 1362 4509 decet

66 4558 102 4602 m
133 4539 213 4602 ante
242 4533 356 4600 horam
386 4537 561 4602 secundam
594 4538 778 4614 celebrare,
812 4559 884 4602 cum
915 4543 992 4604 ante
1023 4536 1084 4601 hoc
1115 4540 1245 4618 tempus
1276 4534 1361 4598 cele·

66 4626 154 4692 randi
177 4644 254 4691 raro
278 4624 422 4690 facultas
445 4624 550 4703 detur,
576 4627 675 4692 stiam
698 4627 732 4692 vi
754 4626 926 4711 privilegii.
