3044 5174
316 1088 746 1174 SAORAMENTUM
777 1089 1139 1177 MATRIMONII.

584 1285 866 1361 SPONSALIA.

231 1464 510 1532 SPONSALIUM
533 1464 824 1531 CONDICIONES
847 1464 1150 1532 Nncnssnnlna
1175 1469 1227 1549 (l.

624 1633 732 1700 dasus.
755 1641 831 1711 (239)

151 1774 281 1837 Drusius
300 1774 377 1852 petit
396 1774 573 1835 Ludmillam
594 1795 612 1834 a
633 1775 806 1851 parentibus
828 1774 857 1834 in
872 1774 1100 1836 matrimonium.
1129 1775 1212 1845 Quod
1233 1777 1284 1847 illi,
1307 1798 1391 1854 prae·

58 1861 148 1917 sente
170 1855 224 1914 aed
250 1860 371 1915 tacente
391 1855 550 1928 Ludmilla,
580 1862 714 1915 annuunt
741 1859 830 1932 atque
859 1855 894 1915 de
923 1855 991 1914 dote
1020 1856 1172 1934 cumipse
1201 1859 1389 1919 conveniunt.

61 1935 211 1997 Ludmilla
232 1955 306 1995 ausa
327 1955 386 1994 non
408 1941 456 1995 est
470 1935 682 2008 contradicere,
704 1936 757 1995 sed
773 1935 924 2010 cogitabat
939 1935 1074 1995 monialis
1089 1936 1161 2009 fieri,
1184 1937 1270 2012 idque
1286 1938 1389 1997 exiens

58 2038 78 2076 e
100 2015 253 2087 cubiculo,
282 2015 350 2075 dom
371 2016 407 2074 de
429 2016 496 2076 dote
518 2021 682 2086 tractatur,
705 2015 822 2074 ancillis
844 2016 983 2075 continuo
1004 2021 1116 2077 narrat.
1158 2017 1301 2089 Drusius‚
1324 2037 1389 2077 eum

59 2103 169 2175 postea
189 2096 220 2155 id
241 2095 333 2168 audit,
354 2095 524 2172 indignatur
545 2115 635 2171 seque
655 2096 778 2155 liberum
801 2101 884 2156 ratus
906 2096 994 2154 aliam
1015 2098 1142 2173 puellam
1165 2099 1280 2173 quaerit
1300 2104 1389 2173 atqua

57 2196 129 2237 cunr
150 2196 188 2236 ea
208 2175 315 2236 ditiore
335 2195 414 2235 nova
431 2177 583 2252 sponsalia
602 2177 767 2235 formaliter
787 2176 851 2236 init.
885 2177 1008 2235 Interim
1030 2178 1176 2237 Ludmilla
1197 2199 1215 2237 a
1236 2178 1389 2255 proposito

58 2257 224 2333 religiosae
243 2256 325 2317 vitae
346 2256 518 2327 declinans,
548 2258 682 2333 queritur
703 2257 738 2315 de
759 2257 816 2316 fido
837 2257 1013 2333 sponsalitia
1034 2258 1131 2317 fracta
1152 2259 1269 2334 etipsa
1290 2259 1390 2318 matri·

57 2339 192 2398 monium
214 2354 281 2396 cum
301 2337 411 2397 Drusio
431 2343 527 2412 urget.

58 2451 243 2522 Quamnam
265 2454 294 2512 1ο
314 2451 383 2528 quid
404 2451 572 2527 requiratur
592 2452 629 2509 ad
651 2451 804 2528 sponsalia
826 2451 1043 2512 constituenda.

266 2551 297 2610 2⁰
316 2550 460 2627 quomodo
482 2550 634 2627 sponsalia
655 2550 755 2609 valida
776 2549 984 2609 dissolvantur.

266 2652 296 2709 3⁰
316 2655 384 2709 utra
406 2649 564 2708 conventio
585 2648 615 2707 in
638 2667 710 2706 casu
732 2649 905 2724 praevalere
927 2647 1040 2708 debeat.

659 2848 794 2916 Salutio.

154 2990 208 3055 Aa
230 3009 423 3065 oonasrnuu
448 2993 485 3053 1·
507 2989 546 3054 R.
575 2992 601 3054 l.
649 2988 739 3065 Quae
770 2987 981 3070 requirantur
1011 2990 1052 3054 ad
1079 2989 1244 3072 sponsalia
1268 2989 1452 3062 consti-818

59 3079 188 3147 tuenda
211 3077 394 3160 generatim
417 3099 460 3144 ex
475 3079 547 3143 sola
562 3083 682 3143 natura
696 3078 745 3143 rei
761 3078 1021 3144 determinantur
1044 3099 1102 3143 seu
1126 3099 1168 3143 ex
1190 3079 1390 3162 sponsalium

63 3167 266 3234 definitione.
296 3167 386 3233 Raro
410 3167 496 3233 enim
519 3168 573 3233 lex
597 3167 651 3233 vel
675 3168 875 3233 consuetudo
899 3167 1012 3232 localis
1029 3169 1117 3232 ultra
1131 3167 1164 3232 id
1181 3173 1289 3233 certas
1313 3189 1390 3234 uon·

60 3259 209 3324 diciones
232 3257 286 3322 vel
309 3257 433 3322 formos
456 3257 659 3340 praescribit.
705 3256 911 3322 Deficiuntur
934 3261 1043 3321 autern
1068 3257 1234 3339 sponsalia
1257 3260 1294 3322 ut
1321 3257 1391 3335 „fu-

60 3347 131 3414 turi
154 3346 354 3412 matrimonii
376 3344 719 3433 mutuapromissio“.
762 3345 980 3410 Nihilominus
1004 3350 1055 3411 est
1077 3345 1230 3428 specialis
1253 3346 1307 3410 lex
1330 3367 1390 3431 pro

63 3435 243 3520 Hispania,
267 3440 304 3501 ut
327 3439 490 3521 sponsalia
513 3459 576 3501 non
599 3438 741 3512 valeant,
765 3434 827 3499 nisi
851 3438 1022 3500 contracta
1045 3434 1112 3500 sint
1135 3435 1264 3518 publica
1288 3437 1391 3519 scrip·

62 3531 151 3592 tura.
184 3523 231 3592 cf.
253 3525 309 3590 Th.
328 3547 367 3590 m.
388 3525 429 3603 ΙΙ,
455 3526 518 3590 660
535 3529 602 3589 not.
635 3523 725 3600 Quae
740 3523 794 3589 lex
810 3545 895 3589 nunc
918 3529 1056 3590 extensa
1072 3527 1123 3589 est
1146 3525 1188 3590 ad
1204 3525 1391 3590 Americam

61 3614 300 3786 {rapppmtn
333 3616 414 3679 Aeto
447 3597 485 3679 et*
505 3615 627 3679 decreto
660 3635 743 3678 corre.
773 3618 856 3698 plen.
888 3616 1057 3679 Americoe
1087 3615 1160 3680 Lot.
1193 3615 1270 3680 anni
1305 3616 1390 3680 1899

196 3723 264 3770 no.

155 3818 195 3885 R.
220 3821 250 3885 2.
296 3817 393 3884 Unde
416 3818 579 3901 sequitur:
611 3817 787 3883 Promissio
811 3817 909 3884 debet
933 3839 1005 3883 esse
1031 3817 1062 3900 l)
1087 3839 1183 3897 vera,
1208 3839 1272 3885 non
1296 3820 1389 3896 ficta3

64 3910 101 3992 2)
117 3909 231 3986 libera,
248 3929 312 3973 non
329 3912 418 3973 metu
435 3912 584 3983 extorta3
610 3907 644 3989 3)
660 3912 773 3972 mutuo
789 3907 975 3989 significata
990 3913 1024 3974 et
1040 3912 1228 3991 acceptata:
1254 3908 1288 3988 4)
1305 3905 1392 3972 circa

65 3996 309 4064 matrimonium
333 4001 367 4062 et
390 3997 525 4080 physice
549 4001 583 4062 et
606 3995 774 4061 moraliter
796 3996 961 4079 possibile.
1133 3994 1137 4001 ’

156 4104 195 4170 R.
220 4107 250 4169 3.
282 4102 469 4182 Promissio‚
494 4125 578 4187 quae
598 4108 734 4170 externe
750 4124 786 4168 se
802 4124 865 4168 non
883 4102 992 4186 prodit
1008 4107 1044 4169 ut
1059 4105 1147 4181 ficta,
1171 4100 1392 4187 praesumitur

64 4215 141 4260 esse
163 4214 260 4259 vero:
285 4197 484 4276 quapropter
506 4193 540 4257 in
564 4192 635 4257 foro
660 4197 797 4258 externo
821 4214 863 4257 ex
885 4194 947 4257 hac
969 4196 1064 4276 parte
1087 4192 1228 4256 tamdiu
1251 4192 1392 4257 habetur

63 4303 230 4368 provere
254 4285 288 4346 et
311 4281 436 4362 valida,
469 4283 544 4347 dum
568 4282 655 4347 fictio
679 4283 843 4365 probetur.
891 4281 928 4345 ln
951 4281 1023 4345 foro
1046 4285 1156 4346 autern
1180 4281 1308 4345 interno
1332 4300 1390 4346 seu

63 4370 287 4438 conscientiae
316 4372 539 4455 praesumptio
569 4371 686 4435 cedere
709 4371 807 4436 debet
829 4369 979 4444 veritati3
1011 4369 1099 4434 fictio
1130 4373 1239 4435 autern
1271 4369 1391 4436 iniuste

62 4461 214 4528 adhibita
229 4460 271 4526 od
287 4460 440 4526 damnum
459 4460 555 4526 alteri
571 4463 741 4525 causatum
758 4458 975 4542 reparandum
993 4459 1127 4540 obligat.
1159 4458 1207 4523 Of.
1224 4458 1391 4538 Rossot,

62 4553 115 4619 De
137 4559 336 4617 sacramento
359 4553 555 4615 nautrimonii
578 4550 619 4628 H,
645 4552 719 4615 826.

1286 4784 1397 4816 —a
