3044 5174
136 280 197 346 128
439 265 448 289 ’
649 275 689 331 De
707 292 745 332 ss.
764 272 938 329 eucharistia.

133 474 253 519 annum
276 453 453 519 satisfieret
476 452 720 518 fundationibus
743 451 929 530 missarum,
954 451 983 517 si
1005 451 1231 536 praeviderat,
1256 456 1293 519 ut
1316 474 1353 519 re
1377 475 1429 519 ver

133 543 311 627 praevidit,
342 563 379 608 se
401 562 465 607 non
489 561 585 625 posse
607 541 713 625 ipsum
743 541 945 607 satisfacere.
991 541 1037 608 Et
1058 541 1119 607 uisi
1149 562 1235 607 nunc
1258 542 1351 608 brevi
1375 548 1429 610 ten

134 653 212 716 pore
236 631 428 698 satisfacere
451 635 561 716 potest
583 652 642 714 per
665 651 700 696 se
723 630 777 695 vel
800 650 860 714 per
882 630 980 708 alios,
1013 651 1053 696 ea
1076 650 1160 713 quae
1181 635 1311 698 restant
1334 653 1377 696 ex
1400 632 1429 697 dv

134 726 223 787 creto
249 720 440 807 ,Vipstanw
467 720 639 786 Ordinario
662 719 887 787 transmittere
910 719 1016 786 debet.

223 835 261 902 R.
287 837 318 900 2.
362 834 476 911 Quoad
498 833 616 900 missas
639 855 681 899 ex
704 832 874 917 stipendiis
897 833 1102 898 manualibus
1125 834 1370 918 persolvendas,
1395 835 1428 900 ni

134 944 325 990 consensum
342 923 488 990 dantium
505 925 730 1006 eleemosynas
747 922 943 1000 obtinuerat,
966 923 1114 1005 graviter
1135 923 1286 1006 peccavit
1302 923 1429 990 differet

134 1012 385 1079 celebrationem
408 1013 450 1078 ad
473 1033 534 1077 sex
556 1033 694 1078 menses.

222 1128 261 1195 R.
286 1130 316 1192 3.
362 1127 437 1192 Non
462 1129 512 1191 est
535 1126 673 1192 vetitum
705 1124 956 1191 celebrationem
980 1125 1151 1191 missarum
1182 1125 1428 1192 fundatarumi

133 1215 357 1283 sacerdotibus
390 1215 594 1281 committere
625 1214 679 1297 qui
711 1215 783 1280 loco
815 1214 968 1299 stipendii
1001 1214 1134 1298 cupiunt
1163 1214 1263 1280 libros
1293 1215 1347 1280 vel
1379 1215 1429 1281 fol}

134 1304 297 1387 periodica
321 1326 341 1370 a
364 1303 551 1388 Callopodio
581 1303 743 1387 recipere3
775 1323 850 1368 nam
880 1304 913 1368 in
944 1325 981 1368 eo
1013 1324 1090 1369 casu
1114 1305 1203 1369 nulla
1232 1303 1374 1369 habetur
1398 1311 1430 1371 st

135 1393 323 1476 pendiorum
347 1396 496 1475 collectio,
528 1392 585 1458 sed
609 1393 713 1458 solum
738 1413 849 1457 earum
872 1393 1045 1458 missarum
1070 1413 1151 1475 quas
1175 1414 1215 1457 ex
1239 1413 1375 1458 munere
1399 1416 1429 1459 st

134 1483 198 1548 iam
223 1504 336 1548 curare
361 1482 458 1548 debet
482 1481 694 1547 celebrandas
719 1481 909 1547 distributio,
942 1481 975 1547 Si
998 1481 1099 1564 igitur
1119 1482 1179 1547 hoc
1195 1482 1291 1547 modo
1317 1483 1429 1548 celerer

134 1571 388 1655 persolutionem
404 1570 577 1636 missarum
594 1570 740 1635 obtinere
757 1574 876 1654 potest,
893 1575 967 1637 tuta
980 1569 1180 1636 conscicntia
1198 1570 1232 1635 id
1250 1592 1350 1655 agere
1370 1572 1429 1638 lice

223 1685 261 1751 R.
287 1688 317 1750 4.
364 1684 520 1752 Similiter
543 1706 607 1750 non
630 1685 761 1750 videtur
783 1684 990 1768 Callopodius
1021 1684 1201 1769 impingere
1231 1685 1264 1750 in
1289 1686 1429 1751 decretu:

136 1774 340 1860 ,Vipilcnti“,
365 1774 392 1839 si
416 1795 459 1839 ex
481 1794 616 1839 numero
639 1775 802 1857 superfluo
818 1773 991 1839 missarum
1007 1794 1049 1839 ex
1065 1773 1236 1858 stipendiis
1252 1775 1429 1841 manualibi

134 1864 190 1941 iis,
222 1863 277 1946 qui
300 1864 434 1946 cupiunt
463 1863 563 1928 libros
587 1864 640 1928 vel
670 1862 749 1928 folia
772 1862 917 1946 publica,
948 1863 1065 1928 missas
1089 1865 1252 1945 assignat,
1286 1865 1429 1947 stipendi

134 1953 271 2020 retentis
294 1949 353 2037 pro
377 1952 482 2037 pretio
505 1952 671 2029 librorum,
694 1951 840 2017 simodo
866 1952 966 2017 debito
989 1961 1125 2036 ternpore
1148 1951 1267 2019 missae
1290 1954 1429 2019 celebrer

133 2047 196 2108 tur.
229 2041 378 2126 Spatium
395 2041 548 2108 videlicet
565 2041 700 2106 duorum
716 2040 885 2116 mensium,
901 2041 989 2106 intra
1005 2041 1091 2123 quod
1107 2041 1226 2107 missae
1242 2041 1429 2108 celebranda

134 2136 226 2209 sunt,
258 2131 342 2196 sumi
372 2130 469 2196 debet
499 2151 564 2195 non
594 2152 613 2196 a
644 2135 791 2213 tempore
822 2150 884 2212 quo
913 2129 969 2194 alii
999 2130 1188 2197 sacerdotes
1218 2152 1238 2196 a
1268 2130 1429 2215 Callopod:

135 2220 251 2285 missas
274 2219 487 2285 celebrandas
510 2218 706 2303 acceperint,
731 2218 787 2284 sed
811 2239 832 2284 a
853 2223 1000 2301 tempore
1024 2240 1087 2301 quo
1110 2220 1179 2303 ipse
1202 2241 1222 2285 a
1246 2220 1429 2286 donatorib1

135 2308 296 2392 stipendia
331 2308 467 2392 accepit.
521 2307 640 2384 Quodsi
676 2308 756 2373 haec
793 2308 857 2374 rite
891 2312 1084 2387 servantur,
1119 2331 1219 2394 raeque
1251 2308 1429 2393 Gallopodir

136 2400 310 2484 quidquam
338 2397 435 2480 fucit,
466 2402 504 2463 ut
532 2402 668 2481 propter
697 2396 914 2480 divulgandus
943 2397 1042 2462 libros
1072 2397 1297 2481 periodicosve
1329 2399 1429 2463 libell«

135 2487 229 2570 plura
252 2486 414 2570 stipendia
437 2485 499 2551 sibi
522 2486 702 2553 offerantur
725 2492 759 2553 et
782 2507 802 2551 a
825 2507 860 2551 se
884 2488 1008 2551 collecta
1038 2487 1235 2551 habeantur:
1264 2486 1345 2551 nihil
1370 2509 1429 2553 con

135 2574 277 2642 mittitur
298 2575 456 2641 illicitum.

73 2691 125 2744 224
222 2681 306 2747 Dein
336 2683 381 2746 ed
410 2682 583 2747 aecundum
612 2703 720 2746 cesum
744 2681 782 2746 R.
811 2685 838 2748 1.
885 2680 1067 2762 ansgarius
1089 2682 1175 2746 male
1199 2681 1268 2764 egit
1297 2683 1429 2749 reduee1

135 2770 266 2855 propria
290 2770 488 2837 auctoritate
511 2790 679 2836 numerum
697 2769 886 2845 missarum;
910 2770 1009 2835 immo
1025 2769 1163 2835 omissas
1178 2771 1331 2854 supplere
1347 2772 1429 2838 debe

135 2860 194 2925 nisi
229 2859 405 2926 obtinuerit
435 2859 705 2925 condonationem
729 2880 749 2924 a
773 2859 804 2926 S.
830 2858 922 2925 Sede.
970 2860 1061 2924 Haec
1091 2879 1134 2923 ex
1163 2859 1203 2923 iis
1227 2880 1311 2941 quae
1334 2861 1429 2926 iamt

134 2948 296 3033 prioribus
318 2949 448 3015 casibus
471 2948 558 3014 dicta
581 2953 658 3013 sunt
680 2953 805 3031 patent.

223 3063 261 3130 R.
280 3065 310 3128 2.
342 3062 376 3129 Si
399 3062 548 3128 fundatio
564 3083 628 3126 non
645 3062 759 3129 haeret
774 3060 861 3128 infra
877 3062 1016 3146 pretium
1036 3064 1051 3126 1
1070 3083 1211 3139 marcae,
1235 3084 1294 3146 pro
1318 3064 1427 3147 singul

132 3152 305 3217 missarum
323 3151 493 3234 stipendiis
513 3151 755 3234 computatione
771 3149 870 3229 facta,
894 3151 1003 3235 potuit
1025 3151 1188 3234 stipendia
1206 3154 1221 3215 1
1241 3172 1374 3218 marcae
1391 3155 1429 3218 ali

134 3241 370 3318 transmittere,
394 3240 449 3305 ubi
472 3240 554 3306 haec
577 3246 629 3307 est
651 3244 733 3306 taxa
756 3240 929 3318 ordinaria,
954 3240 1001 3306 ita
1017 3241 1145 3318 saltem,
1170 3241 1299 3322 quando
1316 3263 1358 3306 ex
1382 3243 1429 3308 fni

134 3331 265 3396 datione
280 3350 385 3411 neque
401 3329 489 3395 ultra
508 3332 523 3394 1
541 3350 685 3395 marcam
704 3330 901 3413 stipendium
916 3350 975 3413 pro
999 3329 1136 3412 singulis
1158 3330 1266 3395 missis
1290 3332 1429 3396 ascendit

134 3418 227 3495 alias,
251 3419 280 3483 si
303 3418 380 3500 quid
403 3423 545 3484 restaret
568 3440 611 3484 ex
635 3418 824 3483 fundatione
840 3419 986 3500 adeoque
1003 3419 1184 3500 Ansgarius
1200 3421 1429 3487 transmittend

133 3507 250 3572 missas
279 3508 405 3573 lucrum
433 3507 574 3582 faceret,
606 3507 788 3573 consultum
818 3512 907 3572 esset
935 3528 1003 3572 rem
1035 3529 1106 3571 cum
1137 3507 1300 3574 ordinario
1324 3515 1359 3575 et
1383 3533 1429 3576 em

134 3597 165 3661 S.
191 3596 274 3662 Sede
297 3617 499 3680 componere.
547 3596 674 3677 Regula
698 3596 783 3660 enim
806 3597 985 3662 communis
1009 3601 1075 3672 est,
1107 3602 1144 3663 nt
1167 3618 1226 3680 pro
1249 3599 1358 3663 missis
1382 3601 1428 3664 fur

134 3685 220 3751 datis
250 3685 392 3751 sufficiat
422 3685 550 3767 quidem
580 3686 777 3769 stipendium
801 3688 1005 3751 ordinarium
1034 3687 1276 3765 transmittere,
1309 3693 1345 3754 at
1369 3691 1427 3754 ord

133 3775 227 3840 naria
248 3779 330 3840 taxa
352 3774 396 3840 sit
418 3779 500 3840 taxa
522 3775 585 3840 loci
609 3774 693 3839 unde
717 3775 878 3859 stipendia
902 3774 1084 3842 mittantur.

222 3890 260 3956 R.
286 3893 315 3956 3.
362 3890 485 3955 Verum
509 3891 593 3971 quod
616 3890 799 3972 Ansgarius
828 3890 991 3975 stipendia
1021 3890 1133 3957 mittat
1163 3892 1203 3957 ad
1234 3891 1429 3977 bibliopolan

134 3979 188 4061 qui
211 3979 251 4044 iis
274 3980 378 4046 utitur
401 3980 442 4045 ad
466 3979 654 4044 vendendos
677 3979 777 4044 libros
798 4001 875 4045 suos
897 3980 971 4044 aliis
994 3980 1227 4058 sacerdotibus,
1251 3981 1284 4047 id
1307 3984 1429 4064 gravit

132 4068 331 4153 prohibitum
347 4073 407 4138 est.
424 4068 486 4133 nisi
501 4067 588 4135 forte
604 4068 745 4151 speciale
760 4069 966 4152 privilegium
979 4090 999 4134 a
1011 4069 1043 4134 S.
1057 4070 1140 4134 Sede
1156 4069 1256 4135 fuerit
1272 4077 1429 4156 accepturi

134 4159 167 4223 Si
191 4180 269 4240 ergo
294 4158 416 4239 absque
440 4157 600 4223 facultate
624 4158 655 4225 S.
681 4158 773 4224 Sedis
803 4160 851 4224 ita
881 4163 990 4225 actum
1015 4163 1081 4236 est,
1112 4159 1295 4242 Ansgarius
1318 4160 1429 4227 incurr

134 4248 376 4332 suspensionem
408 4268 427 4311 a
451 4247 568 4312 divinis
592 4248 623 4313 S.
650 4247 724 4312 Sedi
747 4253 966 4322 reservatam,
997 4247 1173 4330 bibliopola
1197 4247 1300 4313 laicus
1324 4273 1428 4316 eroon

134 4337 384 4402 manicationem
409 4337 560 4420 episcopo
584 4342 797 4403 reservatam.
846 4338 892 4403 Cf.
924 4339 978 4402 Ta.
999 4360 1038 4404 m.
1060 4337 1100 4415 ss,
1127 4340 1200 4403 971.

222 4452 260 4516 R.
285 4454 315 4516 4.
362 4451 490 4514 Donum
520 4449 599 4514 illud
629 4451 826 4532 gratuitum,
859 4452 885 4515 si
911 4452 1051 4532 alioquin
1076 4473 1129 4516 res
1160 4452 1200 4516 de
1223 4453 1333 4519 missis
1357 4456 1429 4522 fuer

135 4539 312 4623 composita
343 4560 446 4620 neque
476 4560 630 4603 numerus
659 4541 831 4605 missarum
860 4541 1052 4618 diminutus,
1085 4563 1127 4606 ex
1158 4563 1193 4606 se
1217 4541 1369 4610 illicitum
1392 4569 1429 4611 no

135 4635 200 4703 est;
225 4629 312 4711 sapit
335 4635 444 4694 tamen
469 4628 590 4709 aliquid
613 4628 775 4696 indecens.
