3044 5174
148 291 212 354 516
625 288 829 343 Sacramentum
850 288 1020 343 matrimonii.

147 485 284 530 manens
307 484 378 530 eam
403 462 570 541 reiecerit,
594 462 710 528 iudicis
733 463 949 530 ecclesiastici
972 468 1024 531 est
1047 466 1216 532 declarare
1240 488 1320 532 num
1342 467 1473 550 repulsa

146 553 228 620 haec
251 553 336 620 tanti
360 553 405 618 ait
426 553 596 637 pensanda
618 557 656 617 ιιι
677 552 808 635 coniugi
831 553 918 618 fideli
942 555 1068 621 tribuat
1090 555 1142 619 ius
1161 556 1314 639 perpetui
1330 556 1472 632 divortii,

146 642 246 709 etiam
276 663 336 727 pro
367 663 446 708 caan
476 642 563 725 quod
594 640 734 707 infidelia
763 645 881 725 postea
909 663 946 708 se
973 643 1175 710 converterit
1204 645 1344 711 necdum
1369 646 1474 713 altera

145 753 223 817 pars
247 736 371 799 statum
396 731 485 798 vitae
509 752 582 796 oum
606 730 769 813 coniugali
794 731 958 798 consortio
982 738 1222 816 repugnantem
1245 734 1472 818 assumpserit.

84 867 136 923 891
235 855 288 920 Αι)
311 874 503 931 ourasnruu
526 857 565 918 4¹·
589 854 627 919 R..
655 858 682 918 l.
723 853 849 920 Solutio
872 854 1074 936 quaestionis
1097 876 1182 939 quae
1203 856 1257 921 hio
1280 858 1474 941 proponitur

145 945 267 1030 pendet
282 944 420 1009 multum
437 945 478 1009 ab
495 944 602 1008 altera
618 942 818 1025 quaestione,
840 942 994 1009 videlicet
1009 949 1119 1010 utrum
1135 945 1342 1029 privilegium
1360 948 1472 1012 Pouli-

145 1056 224 1101 aum
240 1031 281 1099 de
297 1054 361 1115 quo
375 1054 476 1116 supra
491 1054 522 1097 n.
540 1034 605 1097 889
622 1051 693 1115 sqq.
711 1030 788 1113 (quo
812 1032 1053 1098 matrimonium
1078 1033 1266 1112 infidelium,
1292 1056 1367 1101 cum
1391 1057 1472 1101 unus

146 1123 321 1205 coniugum
337 1122 379 1188 ad
394 1121 490 1187 fidem
507 1141 580 1186 sese
596 1120 807 1199 converterit,
830 1121 916 1187 alter
931 1121 1013 1188 nolit
1029 1142 1103 1187 oum
1126 1144 1286 1189 conversa
1301 1129 1401 1209 parte
1417 1146 1472 1209 pa·

146 1212 236 1279 cifice
252 1210 442 1278 cohabitare
465 1247 509 1256 —-
526 1210 579 1276 vel
602 1211 711 1288 immo,
735 1231 809 1275 cum
831 1210 1042 1294 interpellata
1064 1212 1148 1277 nolit
1164 1218 1359 1280 convertere
1376 1253 1430 1281 -.
1454 1235 1472 1279 a

145 1300 283 1383 coniuge
299 1320 458 1365 converso
470 1301 548 1365 colei
559 1301 672 1402 potent)
689 1299 733 1364 ait
747 1298 829 1364 iuris
845 1298 946 1364 divini
961 1299 1131 1367 immediat
1116 1305 1160 1378 t,e
1178 1322 1220 1366 an
1236 1302 1383 1369 mediate
1400 1310 1472 1370 tan·

145 1394 227 1470 tum,
251 1379 437 1455 immediate
454 1409 533 1454 vero
557 1387 637 1453 iuris
659 1387 832 1472 apostolici
848 1393 882 1454 et
897 1387 1121 1457 ecclesiastici.
1153 1389 1366 1456 Nimirum
1338 1392 1472 1476 suprius

146 1440 281 1557 obtiiret,
305 1500 371 1544 non
385 1477 458 1543 ilico
475 1477 604 1560 quidem
620 1476 768 1547 concludi
783 1480 894 1562 potest
909 1499 1069 1543 summum
1092 1479 1279 1563 pontificem
1295 1501 1362 1546 non
1378 1502 1472 1566 posse

145 1567 261 1634 banc
252 1589 285 1632 ιιι
308 1566 455 1633 favorem
479 1565 555 1632 fidei
579 1566 690 1632 datam
714 1566 956 1632 concessionem
980 1571 1038 1633 ext
1024 1568 1158 1634 tendere
1174 1572 1275 1651 atque
1290 1569 1334 1635 ad
1350 1570 1472 1636 similes

146 1678 241 1723 casus
270 1656 452 1740 applicare;
483 1659 519 1722 at
542 1677 585 1720 ex
607 1655 664 1720 illo
694 1655 844 1721 textus
870 1656 978 1739 Soript
979 1677 1059 1722 urae
1089 1660 1103 1721 1
1129 1658 1201 1725 Cor.
1226 1660 1257 1738 7,
1282 1660 1417 1724 12-15
1440 1664 1470 1725 et

146 1767 188 1811 ex
223 1746 301 1813 dala
335 1745 392 1810 illa
427 1744 628 1810 dissolvendi
661 1744 859 1809 matrimonii
894 1744 1096 1811 facultate
1087 1768 1120 1811 ιιι
1155 1747 1217 1812 hac
1251 1748 1471 1832 explicatione

144 1857 255 1901 eruere
277 1854 342 1899 non
364 1854 537 1918 possumus
560 1841 675 1899 calam
700 1832 862 1917 pontificis
885 1838 1094 1916 potestatem.
1141 1836 1206 1902 Sed
1228 1836 1256 1901 ai
1278 1842 1397 1904 textus
1420 1839 1471 1903 ille

145 1926 249 1990 refert
271 1922 478 2008 privilegium
502 1922 643 1988 mediate
667 1922 810 1987 divinum
834 1927 979 2001 tantum,
1012 1924 1158 2006 legitime
1187 1946 1229 1990 ex
1259 1946 1298 1990 eo
1325 1927 1398 1992 solo
1422 1949 1470 1992 ae·

144 2013 256 2096 quitur
278 2012 427 2079 favorem
449 2011 539 2078 illum
563 2011 638 2076 fidei
663 2011 817 2079 tinnitus
841 2032 1029 2078 conoessum
1060 2037 1080 2078 ο
1104 2015 1143 2081 R.
1168 2016 1317 2100 pontifice
1347 2018 1469 2082 deorum

145 2103 421 2168 determinandam
452 2105 552 2183 atque
581 2100 623 2166 ad
653 2104 762 2167 certos
792 2121 888 2166 casus
913 2124 976 2186 pro
1003 2124 1059 2168 ano
1082 2103 1217 2168 arbitrio
1241 2107 1468 2190 applicandum

145 2213 233 2270 esse,
264 2191 312 2257 ita
341 2196 379 2257 ut
408 2212 472 2256 non
503 2190 606 2255 solum
631 2189 760 2272 coniugi
784 2211 940 2255 converso
968 2191 1159 2257 facultatem
1183 2192 1263 2258 dare
1285 2195 1394 2277 possit
1417 2215 1472 2278 per

144 2301 264 2345 novum
280 2279 523 2346 matrimonium
539 2279 629 2363 prius
644 2279 887 2345 matrimonium
903 2278 1111 2355 dissolvendi,
1135 2282 1192 2346 aed
1216 2284 1253 2347 ut
1275 2281 1348 2366 ipse
1372 2284 1470 2350 etiam

144 2391 203 2453 pro
233 2369 409 2453 potestatis
438 2389 517 2434 suae
547 2367 748 2451 plenitudine
772 2367 935 2433 vinculum
968 2369 1086 2452 prioris
1116 2369 1315 2436 matrimonii
1342 2373 1471 2438 solvere

145 2480 187 2525 ex
210 2459 306 2542 gravi
329 2478 429 2524 causa
451 2456 572 2541 possit,
603 2457 673 2522 sive
703 2478 780 2541 para
811 2478 969 2522 conversa
998 2479 1118 2524 novum
1143 2458 1224 2525 velit
1249 2460 1333 2526 inire
1356 2462 1470 2528 matri-

143 2548 285 2613 monium
314 2549 385 2613 sive
408 2567 489 2624 non,
521 2550 620 2628 atque
649 2550 687 2612 ιιι
713 2546 794 2611 haec
824 2545 1022 2612 matrimonii
1051 2547 1171 2614 solutio
1197 2569 1240 2614 ex
1269 2551 1470 2632 apostolicae

145 2636 320 2720 potestatis
350 2635 551 2720 plenitudine
580 2635 672 2702 facta
701 2656 767 2700 non
795 2635 964 2702 subiaceat
993 2635 1059 2701 illis
1088 2637 1331 2704 condicionibus
1354 2640 1470 2721 quibua

144 2725 292 2791 subiacet
307 2725 426 2792 solutio
439 2724 593 2809 privatim
605 2744 665 2808 per
675 2745 794 2789 novum
808 2724 1050 2791 matrimonium
1062 2726 1166 2809 partis
1178 2748 1358 2793 conversae
1370 2729 1469 2796 facta.

82 2844 135 2899 898
231 2832 270 2899 R.
296 2835 326 2899 2.
373 2832 465 2897 Haeo
487 2835 601 2897 textus
628 2834 640 2895 1
670 2831 742 2896 Cor.
767 2834 785 2896 7
814 2830 1045 2914 interpretatio
1082 2837 1171 2898 certe
1199 2835 1378 2917 probabilis
1410 2842 1468 2902 est.

143 2921 206 2987 Sed
229 2942 270 2987 ne
293 2922 326 2986 in
351 2921 421 2986 sola
444 2919 677 3003 probabilitate
704 2919 906 2997 haereamus,
939 2921 1071 2985 aliunde
1093 2931 1175 2988 certo
1198 2924 1328 3006 probari
1360 2931 1469 3008 potest

142 3011 280 3076 Romani
303 3009 464 3095 pontificis
488 3013 637 3093 potestas
667 3029 731 3091 qua
755 3009 842 3074 ultra
873 3009 993 3075 limites
1017 3010 1143 3076 Paulini
1174 3012 1338 3095 privilegii
1362 3015 1397 3079 in
1420 3015 1469 3079 fa-

142 3121 253 3165 vorem
278 3100 353 3165 fidei
376 3098 618 3165 matrimonium
636 3097 812 3163 infidelium
829 3103 904 3181 post
920 3120 1112 3164 conversam
1129 3105 1256 3183 partem
1274 3103 1468 3170 alterutram

142 3190 195 3254 vel
218 3194 391 3271 utramque
415 3188 544 3253 solvere
566 3187 680 3270 possit,
704 3187 801 3269 idque
825 3187 983 3270 probatur
999 3211 1040 3253 ex
1056 3189 1127 3273 ipso
1151 3190 1277 3255 exercit
1277 3191 1310 3255 io
1334 3196 1369 3258 et
1354 3193 1469 3259 tdoc·

142 3278 230 3344 trina
252 3298 450 3343 summorum
474 3275 673 3360 pontificum.

232 3384 263 3450 S.
288 3383 439 3448 PiusV
470 3382 601 3450 constit.
634 3384 773 3447 Romani
799 3384 958 3467 porrlificis
989 3383 1018 3449 d.
1051 3384 1081 3451 d.
1107 3321 1235 3467 2Aug.
1263 3388 1346 3451 1571
1381 3389 1469 3453 Indis

143 3471 221 3538 fecit
243 3473 451 3549 facultatem,
488 3477 543 3548 „ut
566 3471 723 3555 baptizati
752 3470 849 3536 etin
876 3470 927 3537 fut
912 3476 1022 3537 turum
1047 3473 1232 3557 baptizandi
1257 3496 1329 3540 cum
1354 3499 1468 3544 rmore

142 3582 226 3644 quae
250 3583 321 3625 cum
342 3561 421 3645 ipsis
444 3561 533 3644 bapt
525 3565 590 3626 rzat
593 3581 612 3625 a
575 3560 778 3626 tfueritet
763 3561 873 3643 ttbap
874 3561 987 3636 inetur,
1012 3583 1181 3627 remanere
1204 3564 1399 3640 habeant,t
1402 3588 1469 3632 ann-

142 3671 238 3732 quam
264 3671 336 3714 eum
359 3649 507 3732 legitima
531 3670 643 3723 uxore,
669 3648 741 3714 aliis
765 3649 938 3714 dimissis“
978 3650 1095 3734 Neque
1110 3657 1220 3717 tamen
1245 3659 1372 3721 certum
1397 3662 1469 3722 erat

141 3741 226 3805 hano
249 3737 351 3803 fuisse
374 3759 510 3804 uxorem
527 3738 708 3819 legitimam
725 3742 803 3804 ante
819 3739 1033 3821 baptismum:
1058 3762 1144 3817 narn,
1168 3747 1206 3805 ut
1221 3741 1306 3806 idem
1324 3765 1470 3810 summus

142 3828 292 3912 pontifex
316 3827 372 3903 ait,
402 3848 653 3911 ,saepenumero
684 3828 846 3910 contingit
869 3829 959 3893 illam
985 3849 1049 3893 non
1072 3850 1144 3894 esse
1161 3831 1339 3913 primam&
1364 3854 1470 3917 neque

142 3923 236 3984 const
221 3918 317 3984 ttaba
302 3917 477 4000 tprimam
501 3917 587 3981 nolle
611 3916 759 3982 oonverti
782 3917 834 3981 vel
859 3918 1000 3983 nondum
1028 3939 1100 3984 esse
1131 3939 1342 3998 conversam,
1375 3944 1467 3988 nam:

145 4006 388 4084 ,difficillimum
419 4006 506 4071 foret
537 4005 674 4088 primam
707 4005 875 4088 coniugem
910 4007 1084 4089 reperire&
1140 4009 1229 4092 Ergo
1262 3972 1469 4094 privilegium

142 4097 312 4161 Paulinum
336 4099 405 4161 auia
427 4093 584 4160 limitibus
607 4095 887 4179 circumscriptum
912 4096 1165 4179 applicationem
1193 4119 1256 4164 non
1280 4100 1398 4167 habet:
1431 4124 1469 4168 ac

141 4185 234 4268 proin
257 4185 337 4249 nihil
361 4188 467 4250 restat
470 4183 564 4261 ,nisi
587 4187 624 4249 ut
646 4204 792 4249 summus
816 4184 965 4286 pontifex
989 4207 1048 4251 sua
1065 4192 1161 4271 apost
1147 4187 1245 4252 tolica
1270 4191 1469 4257 auctoritate

141 4275 182 4340 ad
213 4274 404 4339 sulcandum
435 4273 677 4340 matrimonium
708 4295 779 4339 cum
811 4275 919 4357 priore
950 4275 1086 4356 coniuge
1110 4276 1333 4344 nerisimiliter
1362 4281 1469 4345 adbuc

141 4363 325 4428 consistens
349 4367 470 4429 utatur.

231 4468 388 4534 Similiter
412 4469 528 4551 Greg.
554 4469 630 4533 XllI
656 4472 696 4533 25
722 4469 789 4534 Ian.
818 4472 901 4534 1585
927 4470 966 4534 de
990 4470 1069 4553 ipsis
1092 4471 1157 4535 illis
1180 4472 1399 4539 matrimoniis
1422 4475 1468 4539 in·

141 4558 282 4623 fidelium
301 4558 394 4623 dicit:
424 4557 512 4634 ,Nos
536 4558 745 4624 attendentes
759 4558 942 4623 huiusmodi
960 4559 1096 4624 conubia
1118 4559 1205 4627 inter
1227 4560 1375 4628 infideles
1393 4586 1468 4629 oon-

141 4652 249 4714 tracta
273 4668 353 4712 vera
376 4646 516 4728 quidem,
542 4669 603 4712 non
628 4651 739 4714 tamen
764 4648 845 4713 adeo
869 4652 943 4713 rata
967 4648 1092 4713 censeri
1115 4654 1151 4715 ut
1170 4651 1370 4718 necessitate
1394 4675 1468 4719 sua·
