3044 5174
467 251 670 306 Matrimonium
688 252 893 321 praecedentia:
912 282 949 292 -
968 253 1071 308 Banna.
1363 256 1428 321 499

188 428 244 492 Au
274 448 466 504 6611611611
498 430 538 493 3““
568 427 606 493 R.
664 427 837 494 Difficilius
867 428 966 495 611616
997 433 1086 496 66661
1121 430 1298 514 parochum
1331 451 1431 494 excu-

95 537 191 594 sare,
223 516 253 582 si
282 537 417 582 recursu
439 516 504 582 iarn
528 517 641 583 habito
664 518 706 582 ad
734 517 969 583 ordinariatum
998 519 1197 602 dispensatio
1222 523 1308 583 esset
1332 520 1432 584 dene·

96 611 190 689 gata.
246 605 335 671 Nam
366 605 531 672 inferioris
563 628 627 672 non
663 611 715 672 est
748 607 928 673 reformare
963 607 1117 673 iudicium
1152 608 1337 691 superioris.
1393 607 1432 673 Id

96 695 205 761 solum
230 694 364 761 concedi
387 698 514 780 potest,
545 695 573 760 61
603 696 733 777 quando
764 697 924 780 parochus
951 697 1122 779 detegeret
1144 718 1264 762 novam
1288 697 1431 780 aliquam

97 784 394 863 circumstantiam,
419 805 503 867 quae
525 786 712 866 graviorem
735 784 863 851 faceret
886 785 1045 851 rationem
1071 786 1279 870 dispensandi
1298 791 1431 869 atquae

96 875 140 940 ab
166 873 370 940 ordinariatu
394 874 550 958 perpendi
574 895 638 938 non
662 878 803 957 poterat,
827 875 860 939 in
885 875 1042 941 eiusmodi
1059 876 1282 959 suppositione
1298 896 1431 941 causam

97 963 209 1030 redire
233 964 276 1029 ad
298 963 384 1028 idem
409 964 507 1046 plane
531 963 617 1046 quod
641 963 764 1028 dictum
788 972 840 1030 est
863 964 905 1029 ad
929 963 964 1040 Q.
991 967 1029 1028 2¹¹¹
1054 964 1092 1029 R.
1118 968 1148 1030 3.

453 1173 742 1240 DISPENSATIO
766 1175 797 1240 A
819 1173 985 1240 BANNIS
1009 1175 1078 1255 (II).

662 1339 773 1405 dasne.
794 1347 870 1415 (254)

191 1479 343 1540 Drusillus
363 1479 451 1538 homo
481 1477 589 1538 nobilis
610 1479 807 1554 provectioris
835 1479 892 1538 iam
921 1480 1029 1539 aetatis
1056 1481 1193 1557 apuella
1224 1485 1260 1540 16
1289 1501 1433 1541 annorum

98 1559 287 1622 condicionis
315 1559 464 1618 inferioris
492 1562 646 1635 peccatum
675 1565 842 1618 extorserat
864 1560 1060 1636 promissione
1093 1562 1281 1620 matrimonii.
1330 1562 1456 1622 Puella'

101 1641 240 1718 concepit
260 1644 405 1716 urgetque
425 1638 644 1698 matrimonium
664 1639 833 1699 ineundum.
874 1640 948 1699 Post
968 1642 1077 1701 multas
1098 1642 1364 1717 tergiversationes
1386 1643 1433 1701 dc·

99 1742 178 1781 1116111
209 1720 359 1780 consentit
378 1720 528 1779 Drusillus
557 1721 611 1779 sub
640 1720 812 1779 condicione
846 1721 874 1793 1)
903 1721 1130 1781 emittendorum
1158 1723 1431 1798 proclamationum,

100 1803 132 1875 2)
154 1801 278 1861 ineundi
299 1800 479 1859 matrimonii
500 1801 615 1859 occulte
637 1806 667 1859 et
688 1801 725 1859 ad
747 1801 864 1859 laevam
886 1820 1012 1870 manum,
1035 1809 1068 1860 ut
1082 1802 1182 1873 aiunt;
1204 1803 1280 1861 alias
1302 1803 1378 1861 enim
1400 1823 1433 1862 se

100 1882 230 1942 ludibrio
252 1881 369 1958 exponi

101 1995 282 2067 Quansrrua
302 1997 381 2056 sitne
402 1995 478 2055 ratio
500 1995 575 2054 11666
597 1995 779 2055 admittendi.

703 2187 839 2254 Solutio.

194 2329 234 2396 R.
254 2333 283 2396 1.
315 2329 368 2395 Ex
391 2333 486 2413 parte
509 2330 638 2413 puellae
661 2330 731 2394 sine
755 2330 851 2394 dubio
875 2334 926 2395 est
949 2328 1128 2395 iustissima
1151 2351 1250 2394 causa
1274 2330 1435 2412 petendae
1444 2345 1497 2400 867

102 2418 359 2503 dispensationis
382 2423 417 2484 et
448 2418 618 2486 facultatis
643 2418 856 2493 matrimonii;
889 2418 1010 2500 alioqui
1040 2419 1186 2484 manebit
1215 2418 1248 2483 in
1276 2419 1435 2484 dedecore

104 2513 140 2576 et
162 2509 252 2574 forte
275 2507 346 2573 sine
368 2507 491 2573 auxilio
515 2529 573 2592 per
596 2511 702 2573 totum
727 2507 816 2574 vitae
841 2508 1021 2573 decursum.

195 2597 304 2674 Quare
326 2596 355 2662 si
378 2597 540 2662 Drusillus
564 2598 683 2662 seriam
707 2597 1308 2663 661661111616111616161666611666
1327 2597 1436 2681 puella

102 2688 171 2754 ista
193 2686 393 2753 matrimonii
415 2707 521 2769 neque
544 2687 700 2768 graviora
723 2687 811 2752 mala
834 2708 876 2751 ex
900 2708 939 2752 eo
955 2686 1081 2752 oritura
1097 2708 1169 2752 esse
1185 2685 1433 2769 praevidentur:

104 2775 186 2841 nihil
210 2780 278 2854 est,
309 2776 395 2859 quod
418 2780 603 2860 opponatur
626 2781 660 2840 61
683 2797 740 2840 661
767 2797 832 2840 666
856 2776 952 2841 166116
977 2781 1010 2841 61
1033 2776 1148 2842 6161161
1171 2776 1371 2840 coucedatur
1394 2776 1435 2840 ab

103 2866 259 2950 episcopo
282 2864 425 2931 facultas
447 2865 519 2930 sine
541 2865 855 2948 proclamationibus
879 2865 1045 2948 negotium
1069 2864 1269 2929 absolvendi.

197 2972 235 3040 11.
261 2974 291 3038 2.
337 2971 426 3037 Num
449 2992 529 3036 vero
554 2971 716 3035 Drusillus
739 2971 863 3037 invitus
895 2971 1003 3053 urgeri
1035 2971 1087 3034 vel
1116 2970 1188 3052 cogi
1219 2969 1338 3052 possit,
1370 2990 1434 3034 non

104 3065 158 3127 est
187 3061 236 3127 ita
269 3061 402 3128 clarum.
455 3059 542 3126 Nam
574 3060 729 3126 adiuncta
753 3061 906 3126 videntur
938 3080 1011 3124 esse
1042 3080 1081 3124 ea
1111 3066 1148 3125 ut
1179 3058 1349 3142 promissio
1378 3059 1435 3124 1116

105 3150 306 3217 matrimonii
330 3171 395 3215 non
417 3150 562 3234 potuerit
585 3150 825 3216 rationabiliter
848 3150 960 3214 haberi
977 3169 1035 3231 pro
1053 3169 1132 3213 vera
1155 3152 1189 3213 et
1212 3147 1308 3213 seria.
1344 3147 1434 3224 Quod

104 3240 134 3306 si
157 3239 207 3305 ita
230 3244 292 3316 est,
316 3239 510 3320 obligandus
534 3239 663 3320 quidem
680 3245 732 3304 661
748 3239 910 3303 Drusillus
928 3242 964 3303 ut
980 3237 1043 3303 alio
1060 3237 1166 3313 modo,
1191 3242 1349 3317 quantum
1366 3237 1434 3303 11611

105 3329 228 3413 possit,
260 3329 413 3394 damnum
443 3334 477 3394 et
508 3328 731 3411 deceptionem
762 3349 859 3409 quam
890 3328 1000 3411 puella
1030 3348 1072 3391 ex
1102 3326 1313 3409 simplicitate
1337 3348 1436 3411 passa

103 3418 207 3484 fuerit
229 3422 378 3502 reparet:
404 3416 445 3483 ad
469 3417 711 3482 matrimonium
736 3421 846 3481 autem
871 3416 941 3498 cogi
967 3437 1030 3480 non
1054 3420 1175 3499 potest.
1215 3415 1318 3481 Immo
1342 3417 1369 3480 61
1394 3438 1437 3482 ex

104 3529 172 3573 una
195 3511 291 3592 parts
315 3505 415 3571 nimia
437 3512 488 3572 661
512 3506 731 3590 disproportio
746 3507 832 3570 inter
850 3505 1026 3570 Drusillam
1044 3508 1078 3570 et
1093 3505 1246 3588 puellam,
1272 3506 1437 3572 exaltare

105 3601 203 3681 parte
226 3596 300 3661 huic
323 3617 382 3680 pro
405 3616 466 3661 sua
489 3596 676 3661 condicione
700 3596 769 3660 fere
793 3595 897 3678 possit
919 3595 990 3660 fieri
1008 3593 1191 3678 reparatio:
1216 3617 1259 3660 ex
1282 3596 1354 3660 aliis
1379 3596 1437 3660 ad·

105 3685 227 3752 iunctis
258 3683 395 3751 iudicari
425 3684 538 3762 debet,
570 3685 654 3750 sitne
686 3684 927 3750 matrimonium
959 3683 1047 3749 istud
1077 3684 1277 3749 suadendum
1305 3707 1345 3750 an
1371 3685 1436 3748 dis·

106 3775 320 3843 suadendum.
367 3774 401 3840 Si
425 3773 693 3851 dissuadendum,
717 3773 895 3857 superioris
918 3794 983 3838 non
1008 3778 1059 3839 est
1082 3773 1162 3838 illud
1185 3795 1244 3856 per
1268 3773 1436 3857 dispensa·

105 3865 231 3932 tionem
254 3886 275 3930 a
298 3863 610 3948 proclamationibus
634 3864 812 3929 efficaciter
835 3863 1059 3946 promovendi.

199 3971 234 4037 Si
244 3970 446 4036 suadendum
459 3974 510 4035 est
523 3970 774 4047 matrimonium,
791 3969 969 4053 superioris
986 3970 1098 4051 utique
1111 3973 1162 4034 est
1175 3973 1436 4033 momentaneam

107 4060 242 4128 Drusilli
259 4060 465 4126 voluntatem
480 4080 539 4143 per
555 4059 830 4143 dispensationem
848 4057 1437 4141 6161661666161166616611116166616

107 4150 286 4228 efficacem,
311 4153 489 4232 antequam
512 4148 581 4231 ipse
606 4170 677 4213 eam
702 4149 890 4213 mutaverit.

198 4256 237 4323 R.
255 4259 286 4326 3.
325 4255 417 4333 Quod
440 4255 682 4321 matrimonium
706 4255 837 4320 ineatur
861 4255 1119 4337 morganatioum
1145 4253 1370 4328 61666611661,
1395 4274 1437 4317 ex

105 4368 144 4414 se
168 4345 297 4429 quidem
320 4345 470 4411 illicitum
493 4366 557 4409 non
582 4350 648 4412 est:
675 4349 821 4410 attamen
846 4343 1009 4427 provideri
1032 4343 1128 4407 debet
1145 4342 1436 4406 6661161616666-

106 4437 228 4514 dalum,
253 4435 345 4518 quasi
370 4434 525 4516 coniuges
548 4434 594 4499 illi
620 4434 735 4499 vivant
752 4433 783 4497 in
801 4433 1028 4498 concubinatu.
1060 4430 1150 4507 Quod
1174 4430 1201 4494 si
1225 4429 1303 4495 talis
1327 4453 1438 4496 rumor

103 4527 240 4610 taleque
262 4524 453 4590 scandalum
477 4523 656 4589 timendum
674 4529 734 4601 est,
759 4523 908 4605 legitima
925 4519 1121 4586 matrimonii
1139 4519 1321 4584 coniunctio
1341 4520 1439 4586 debet

105 4616 200 4684 reddi
223 4613 363 4700 publica.
1175 4712 1229 4764 32*
