3044 5174
310 271 455 327 Extremae
474 271 610 328 unctionis
628 272 816 344 suscipiendae
835 271 953 327 facultas
971 274 998 326 et
1016 271 1155 340 obligatio.
1328 277 1392 340 385

76 448 244 516 uoluntate
259 448 485 532 suscipiendae
501 450 555 514 vel
570 470 635 513 non
651 449 875 533 suscipiendae
891 449 1054 516 unctionis
1069 471 1176 516 sermo
1188 471 1261 516 esee
1272 455 1391 534 potest,

76 538 124 604 dle
146 544 201 604 est
224 539 258 603 in
281 560 319 603 ec
342 543 434 605 statu
457 559 561 621 saque
585 538 773 605 condicione
796 544 833 606 ut
856 539 966 605 unctio
998 560 1062 604 non
1095 540 1139 605 sit
1170 542 1309 606 mediam
1338 562 1392 605 sa·

76 625 148 694 lutis
172 626 409 702 necessarium
433 648 540 710 neque
563 627 604 692 de
627 628 824 695 necessitate
842 631 1006 714 praecepti
1026 631 1137 713 procia
1155 634 1295 706 constat,
1319 651 1391 694 cum

76 721 222 782 extrema
244 716 355 782 unctio
371 716 413 782 cd
429 717 584 782 maiorem
601 716 778 782 utilitatem
794 721 923 783 tantum
940 717 1116 795 ordinetur,
1140 717 1287 800 adeoque
1302 723 1394 784 recta

76 805 235 871 ordinatio
257 806 300 871 ad
324 805 472 871 ultimum
495 806 591 871 finem
615 805 686 871 sine
709 827 749 872 ea
770 806 950 873 subsistere
973 806 1086 889 possit.
1118 807 1166 872 el.
1183 807 1302 872 Elbel
1326 808 1347 875 l.
1365 829 1391 873 c.

76 917 103 960 n.
135 896 220 970 220;
256 894 288 960 S.
319 894 530 978 Alphcns.
561 894 626 973 VI,
662 896 725 961 733
762 900 797 962 et
832 899 916 962 sent.
954 895 1051 978 longe
1087 896 1287 961 communior
1321 918 1392 961 cum

76 981 552 1066 salomonicae
579 986 607 1062 l,
632 1004 661 1050 a.
689 987 717 1062 l,
743 990 824 1066 qstc.
850 986 870 1049 3
894 984 936 1050 ad
963 987 990 1050 l.

160 1089 201 1154 R.
226 1091 256 1155 2.
295 1087 476 1170 Neglectus
506 1088 601 1154 huius
629 1090 827 1157 sacramenti
854 1110 958 1172 grave
987 1093 1158 1174 peccatum
1186 1090 1258 1155 fieri
1284 1095 1394 1174 polest

76 1199 114 1244 ex
137 1181 329 1261 contemptu
351 1179 405 1243 vel
429 1199 470 1243 ex
493 1178 649 1244 scandalo
668 1183 812 1247 causato.
846 1179 983 1256 Elbel,
1008 1178 1039 1244 S.
1056 1178 1253 1263 Alphcna.
1271 1186 1333 1246 etc.
1350 1182 1392 1246 ib.

76 1305 115 1315 -
138 1266 242 1332 lmmc
266 1266 429 1333 venialem
452 1266 729 1334 deordinaticnem
754 1290 884 1352 semper
907 1269 1042 1335 denotat
1071 1268 1167 1334 huius
1195 1268 1392 1335 sacrament

76 1356 259 1438 neglectus,
291 1357 419 1438 quando
450 1356 618 1421 commode
647 1355 747 1440 recipi
778 1361 905 1441 potest,
935 1357 1094 1440 siquidem
1124 1357 1395 1423 irrationabiliter

76 1446 168 1511 homo
191 1466 228 1510 se
250 1444 362 1530 privat
383 1447 478 1510 tanto
501 1445 654 1523 remedio,
679 1446 765 1528 quod
788 1446 937 1512 Christus
959 1445 1148 1530 specialiter
1170 1468 1228 1530 pro
1245 1453 1393 1514 extremo

76 1533 280 1601 morientium
303 1533 446 1599 subsidio
470 1533 503 1599 ia
527 1533 642 1599 ultima
665 1556 774 1618 pugna
798 1538 833 1600 et
855 1535 1038 1602 tentatione
1059 1535 1211 1602 inst‘tuit.

161 1652 215 1717 Ac
238 1672 430 1729 qususrrcu
454 1656 493 1717 2¹²
515 1652 553 1720 R.
582 1655 609 1719 1.
650 1653 768 1719 Gravis
792 1656 844 1719 est
866 1653 1023 1735 obligatio
1047 1659 1271 1735 cognatorum,
1294 1655 1455 1720 immotae

76 1741 280 1824 gravissima,
297 1743 521 1824 procurandae
537 1746 706 1808 extremae
722 1742 884 1808 unctionis
900 1742 947 1807 illi
963 1746 1100 1825 aegroto
1116 1743 1167 1808 cui
1184 1744 1270 1808 forte
1286 1744 1394 1821 aliter,

76 1831 91 1896 i.
116 1852 146 1896 e.
171 1852 230 1915 per
253 1830 319 1897 alia
341 1836 559 1910 sacramenta,
584 1830 632 1897 ita
654 1836 728 1899 tuto
751 1831 915 1915 pmvideri
938 1853 1003 1896 non
1021 1831 1135 1916 possit.
1172 1831 1261 1897 Idem
1278 1853 1394 1897 censeo

76 1939 146 1985 esse
168 1921 202 1985 in
225 1940 305 1985 casu
328 1941 392 2002 quo
421 1925 577 2002 aegrotus
608 1920 678 2004 ipse
709 1920 874 1986 instanter
902 1920 987 2004 petit
1015 1941 1120 2004 neque
1150 1922 1231 1986 adeo
1261 1921 1394 1987 difficile

76 2009 117 2075 sit
140 2008 336 2074 desiderium
359 2009 504 2092 implere.

162 2114 201 2180 R.
226 2117 256 2183 2.
296 2112 389 2180 Alias
412 2135 492 2179 sane
514 2136 578 2180 non
603 2118 655 2180 est
677 2115 781 2180 maior
811 2114 967 2198 obligatio
999 2115 1071 2181 aliis
1101 2114 1393 2181 administrationis

76 2203 299 2287 procurandae
322 2225 419 2286 quam
443 2209 580 2286 aegroto
604 2203 801 2269 sacramenti
825 2204 1030 2288 suscipiendi.
1072 2205 1135 2272 list
1156 2210 1267 2270 tamen
1291 2204 1395 2271 maior

76 2291 231 2375 obligatio
254 2295 405 2358 monendi
428 2295 547 2377 ceprcti
571 2295 610 2358 de
624 2296 766 2378 pericaic
781 2293 814 2358 in
831 2315 894 2376 quo
910 2294 1016 2359 soleat
1032 2297 1180 2360 extrema
1197 2293 1305 2359 unctio
1322 2315 1394 2358 sus-

76 2381 149 2465 cipi.
198 2381 269 2446 Hcc
293 2382 376 2445 euim
402 2382 579 2464 periculum
604 2387 759 2464 aegrotus
781 2403 857 2448 raro
881 2382 1046 2465 agnoscit,
1080 2382 1140 2448 sibi
1163 2382 1311 2461 illudere,
1340 2404 1394 2448 cc·

76 2474 241 2553 gnoscunt
262 2470 359 2553 longe
383 2469 511 2535 facilius
535 2471 705 2537 adstantes
728 2477 763 2538 et
785 2473 927 2555 cognati.

162 2575 202 2641 R.
227 2578 257 2642 3.
293 2576 406 2658 Longe
428 2576 615 2657 graviorem
639 2578 871 2661 obligationem
890 2580 1052 2664 parcebas
1073 2577 1174 2644 habet
1197 2578 1331 2643 curandi
1353 2589 1455 2644 aetii

76 2685 119 2730 ex
143 2685 205 2729 sua
228 2664 324 2748 culpa
347 2686 405 2730 seu
428 2665 554 2730 incuria
576 2667 765 2749 parochiani
781 2669 842 2734 hoc
856 2671 1064 2734 sacramento
1080 2667 1259 2752 priventur.
1288 2666 1395 2743 Quare

76 2754 191 2836 gravis
203 2753 273 2818 eius
286 2758 338 2821 eet
352 2753 510 2835 obligatio
531 2759 699 2822 extremae
714 2757 876 2822 unctionis
892 2756 1170 2821 administrandae
1186 2762 1322 2838 aegroto
1337 2778 1394 2840 pe-

76 2844 158 2910 tenti
182 2843 235 2907 vel
258 2843 510 2926 interpretativa
524 2844 677 2927 petitura,
703 2849 859 2928 quantum
874 2848 1001 2929 potest;
1024 2844 1220 2927 gravissima
1237 2845 1393 2925 obligatio

76 2932 216 2997 camilli
242 2931 490 2998 administrandi
513 2933 564 2997 cui
594 2932 680 2999 forte
710 2933 837 2999 unicum
871 2933 971 3001 fuerit
1002 2932 1142 2998 medium
1174 2933 1391 2998 necessarium

76 3021 203 3097 salutis,
226 3021 246 3087 i.
264 3042 291 3087 e.
309 3022 458 3086 sensibus
481 3021 640 3088 destituto
663 3021 718 3104 qui
741 3023 805 3088 alic
828 3026 1035 3089 sacramento
1058 3043 1162 3105 aeque
1185 3026 1258 3088 tuto
1277 3023 1394 3087 muniri

76 3131 139 3175 non
162 3109 270 3193 potuit
291 3131 352 3175 nec
375 3115 494 3194 potest.

164 3199 270 3288 Quare
294 3198 393 3265 etiam
416 3202 549 3265 tenetur
570 3199 732 3282 parochus
755 3201 912 3265 moralem
936 3198 1138 3281 diligentiam
1162 3198 1332 3277 adhibere,
1356 3204 1394 3266 ut

76 3287 291 3371 parochianus
323 3288 472 3370 graviter
503 3292 681 3369 aegrotans
714 3288 754 3354 de
786 3289 930 3372 periculo
962 3294 1133 3354 moneatur
1161 3291 1196 3353 et
1219 3290 1394 3355 inducatur

76 3379 120 3442 ad
151 3377 382 3441 admittendam
411 3381 591 3442 extremam
616 3377 818 3455 unctionem,
848 3378 876 3443 si
899 3377 985 3443 forte
1006 3377 1143 3462 primum
1167 3378 1320 3444 ostendat
1341 3399 1394 3443 re·

76 3465 277 3531 iactantiam.
324 3465 410 3531 Nam
434 3467 515 3530 haec
538 3466 734 3532 reluctantia
764 3487 862 3549 saepe
885 3466 989 3533 oritur
1011 3488 1053 3532 ex
1080 3486 1190 3531 errore
1214 3487 1319 3548 neque
1343 3472 1395 3534 est

76 3555 225 3621 absoluta
247 3553 399 3620 voluntas
422 3555 614 3637 neglegendi
646 3554 741 3620 huius
770 3555 983 3632 sacramenti,
1014 3555 1071 3620 sed
1094 3554 1202 3639 potius
1226 3554 1394 3621 differendi

76 3665 147 3708 cum
171 3663 230 3727 spe
254 3643 326 3708 fore
349 3643 442 3709 utin
472 3643 628 3709 extremis
659 3643 865 3709 nihilominus
894 3643 955 3709 sibi
984 3643 1046 3709 hoc
1072 3648 1312 3710 sacramentum
1336 3645 1394 3711 ad·

76 3732 287 3798 ministretur.

164 3821 269 3887 Debet
291 3819 391 3886 etiam
415 3819 574 3904 parochus
599 3821 756 3887 dedocere
779 3822 899 3887 stultas
914 3822 989 3887 illas
1005 3821 1288 3904 apprehensiones,
1313 3843 1393 3904 quas

76 3911 174 3993 aliqui
197 3910 327 3988 habent,
353 3911 444 3992 quasi
462 3910 501 3974 de
517 3909 586 3974 eius
603 3911 657 3992 qui
673 3916 853 3976 extremam
871 3910 1054 3976 unctionem
1071 3911 1251 3994 susceperit
1266 3910 1335 3976 vita
1350 3911 1394 3976 sit

76 4004 200 4075 actum,
232 4019 303 4064 cum
334 3999 442 4083 potius
472 3998 621 4065 conferat
649 3999 692 4064 ad
721 3999 976 4084 recuperandam
1000 3999 1185 4065 sanitatem.
1231 3999 1331 4081 quue
1355 4020 1392 4064 ec

76 4088 179 4170 magis
202 4089 364 4171 parochus
387 4089 495 4153 facere
517 4088 631 4163 debet,
662 4088 791 4170 quando
815 4094 969 4171 aegrotus
992 4109 1051 4153 sua
1075 4087 1293 4153 obstinatione
1322 4088 1393 4153 aliis

76 4178 262 4242 scandalum
286 4177 446 4260 praebens
469 4178 521 4242 vel
545 4197 687 4241 errorem
710 4177 745 4240 in
768 4178 831 4243 lide
853 4178 1017 4244 sustinens
1040 4177 1187 4260 graviter
1210 4182 1326 4260 peccat
1341 4177 1391 4241 vel

76 4266 106 4330 in
130 4265 274 4350 periculo
297 4266 445 4346 graviter
466 4266 622 4349 peccandi
647 4270 809 4332 versatur.

163 4356 313 4421 (laterum
337 4355 521 4432 reluctanti,
546 4355 599 4437 qui
624 4356 655 4418 in
680 4356 766 4420 bona
790 4356 851 4420 lide
874 4361 926 4421 est
949 4376 1053 4435 neque
1077 4352 1173 4418 facile
1192 4357 1301 4434 potest
1317 4375 1393 4419 con-

76 4443 177 4522 vinci,
208 4444 353 4509 severius
378 4466 441 4509 non
464 4448 515 4509 est
538 4443 733 4526 loquendum
765 4444 804 4509 de
834 4442 1032 4526 obligatione
1062 4442 1286 4524 suscipiendae
1317 4465 1393 4508 unc-

76 4533 191 4610 tionis,
216 4533 256 4598 de
280 4555 344 4616 qua
366 4554 432 4598 non
454 4536 599 4604 constat:
625 4554 726 4615 quare
749 4538 819 4600 tum
843 4533 965 4598 sufficit
988 4553 1062 4597 eum
1085 4531 1158 4596 aliis
1181 4533 1394 4599 sacramentis

76 4643 209 4688 munire.

124 4730 291 4780 Lehmkuhl,
305 4730 377 4773 Casus
391 4731 550 4774 conscientiae.
567 4730 595 4772 11.
1154 4723 1188 4778 25
