3044 5174
353 294 479 348 Minister
498 295 597 364 paenit.
616 324 648 332 —
670 296 820 351 iurisdictio
837 295 866 348 in
884 291 1024 347 moniales.
1287 291 1352 355 269

70 491 114 536 sa
145 469 181 535 in
212 469 360 534 favorem
390 470 512 535 ordinis
542 471 676 554 eiusque
705 470 925 554 superiorum;
959 472 1058 550 atque
1087 467 1174 534 ultro
1205 465 1279 530 dedi
1310 486 1352 530 ex

70 579 186 624 rsensu
216 559 418 642 superiorum
451 559 592 626 novitios
624 580 721 644 posse
753 559 862 625 valide
897 562 931 624 et
965 558 1053 623 licite
1085 556 1233 621 confiteri
1266 555 1352 638 apud

70 648 244 714 rfessarios
267 650 462 716 saeculares.
502 649 614 726 Quoad
639 649 782 716 novitias
803 669 881 714 vero
899 647 1085 713 monialium
1103 644 1351 729 superiorissam

70 761 84 803 u
108 757 299 821 repugnare
323 736 400 819 quin
424 739 584 803 confessio
608 740 667 805 liat
689 739 722 802 in
739 737 993 803 circumstantiis
1008 734 1119 802 allatis
1135 735 1221 818 apud
1240 754 1352 816 quem-

70 831 101 894 st
127 827 375 904 confessarium,
400 848 465 891 non
488 833 539 895 est
563 829 648 907 quod
672 828 869 894 addubitem.

113 1038 381 1105 ruursnrcrro
406 1037 455 1103 m
478 1036 704 1103 mouimus
728 1073 772 1084 -
794 1035 1080 1102 comessamur
1102 1033 1269 1100 arran-

537 1159 769 1227 oaomlmr
794 1161 846 1243 (Ι).

591 1327 702 1393 dauns.
722 1335 798 1403 (135)

113 1469 282 1545 Episcopus
304 1487 404 1527 euram
426 1467 591 1527 advocandi
612 1467 658 1526 bis
672 1468 721 1526 vel
742 1473 788 1525 ter
809 1468 839 1526 in
861 1487 938 1526 anno
960 1467 1175 1526 confessarium
1190 1467 1352 1526 extraordi-

70 1549 141 1608 rium
159 1549 280 1624 reliquit
301 1548 515 1626 superiorissis,
537 1549 701 1622 designatis
723 1549 837 1607 duobus
853 1547 1066 1612 sacerdotibus,
1089 1547 1247 1622 exquibus
1268 1566 1354 1622 quem

70 1630 139 1688 lent
158 1634 310 1687 vocarent.
340 1628 509 1700 ldeltrudis,
530 1628 727 1705 superiorissa
742 1648 874 1687 sororum
897 1629 1041 1698 caritatis,
1064 1647 1138 1702 quae
1153 1628 1228 1686 alias
1250 1635 1354 1702 quater

76 1728 157 1768 auno
178 1709 447 1767 extraordinarium
469 1708 684 1768 confessarium
706 1709 922 1779 accersiverat,
952 1715 1021 1785 post
1042 1708 1192 1766 decretum
1214 1709 1353 1779 Queruud·

70 1792 152 1867 duum,
174 1809 231 1864 quo
253 1789 379 1864 singulis
399 1790 481 1848 facta
503 1789 543 1848 sit
563 1790 693 1848 facultas
713 1789 899 1865 postulandi,
921 1788 951 1846 id
972 1808 1025 1865 per
1045 1789 1194 1847 biennium
1215 1807 1274 1846 non
1295 1808 1353 1847 am·

70 1889 102 1928 us
125 1869 259 1928 curavit:
282 1870 317 1927 de
339 1889 397 1946 qua
418 1889 449 1928 re
472 1869 587 1945 aliquae
609 1889 727 1928 sorores
748 1875 897 1945 tamquam
919 1868 955 1928 de
976 1869 1110 1927 novitate
1125 1875 1353 1944 conqueruntur.

70 2003 203 2043 neamus
225 1986 255 2042 1ο
275 1984 381 2060 quibus
402 1990 432 2043 et
453 1984 568 2060 quoties
596 1984 704 2043 debeat
734 1983 833 2042 offerri
861 1983 1061 2042 confessarius
1091 1982 1353 2043 extraordinarius.

227 2084 258 2139 2ο
278 2082 481 2140 cessaveritne
502 2081 576 2140 haee
597 2081 792 2158 praescriptio
813 2101 867 2158 per
888 2081 1037 2140 decretum
1059 2083 1313 2154 Quemadmodum.

227 2181 258 2239 3⁰
279 2179 348 2256 quid
369 2180 405 2239 ad
427 2200 527 2239 casum
550 2179 704 2238 dicendum
725 2179 772 2239 sit.

626 2374 761 2442 Salutio.

114 2520 169 2584 An
185 2539 377 2595 ouessmuu
397 2522 432 2583 lm
449 2518 487 2585 R.
508 2521 535 2585 1.
576 2519 612 2583 In
635 2519 920 2585 constitutionibus
943 2539 1141 2583 summorum
1165 2518 1414 2601 pontificumlll

70 2630 126 2691 pra
156 2607 332 2675 laudatis.
359 2660 365 2674 .
391 2661 398 2674 .
424 2607 469 2687 (n.
494 2607 573 2688 468)
601 2613 636 2674 et
665 2631 747 2674 cour.
781 2609 871 2672 Trid.
902 2628 982 2673 sess.
1008 2610 1067 2684 25,
1098 2628 1125 2674 c.
1153 2609 1193 2672 10
1225 2609 1264 2672 de
1293 2610 1352 2692 ref.

70 2720 89 2770 l·
114 2697 367 2780 praescribitur,
392 2702 429 2763 ut
451 2697 501 2761 bis
525 2697 577 2762 vel
601 2701 653 2762 ter
675 2697 709 2762 in
733 2718 818 2762 anno
841 2695 1036 2761 monialibus
1060 2696 1254 2763 exhibeatur
1277 2719 1354 2763 con·

70 2786 185 2851 sarius
218 2786 499 2852 extraordinarius
530 2786 581 2851 cui
612 2807 724 2851 omnes
757 2786 884 2867 quidem
917 2789 1129 2869 praesentare
1158 2806 1194 2850 se
1224 2786 1353 2863 debent,

70 2876 175 2940 nfiteri
197 2897 262 2940 non
285 2880 440 2941 tenentur
463 2875 537 2954 (Tu.
555 2898 596 2941 m.
620 2874 661 2948 ll,
687 2875 775 2954 399).
815 2873 876 2951 Qui
899 2874 1029 2956 quidem
1053 2874 1271 2940 confessarius
1294 2897 1354 2959 pro

70 2964 239 3043 ›nialibus,
270 2985 354 3047 quae
383 2964 587 3046 regularibus
617 2964 668 3029 sui
699 2963 820 3028 ordinis
843 2969 920 3030 sunt
942 2963 1125 3040 subiectae,
1156 2986 1220 3029 non
1244 2969 1356 3048 potest

70 3075 157 3137 uper
180 3074 252 3118 esse
276 3075 318 3118 ex
341 3053 412 3137 ipso
436 3054 491 3119 illo
516 3053 638 3130 ordine,
663 3053 720 3119 sed
744 3053 845 3118 semel
868 3053 986 3118 saltem
1009 3053 1042 3117 in
1059 3073 1145 3119 anno
1162 3054 1259 3119 debet
1281 3075 1354 3119 esse

70 3145 77 3208 l
102 3143 268 3225 regularis
292 3142 427 3208 alterius
450 3142 572 3207 ordinis
595 3143 648 3207 vel
672 3141 861 3209 saecularis.
913 3143 967 3208 Tu.
992 3165 1033 3207 m.
1058 3142 1099 3218 Il,
1125 3145 1200 3210 401.

115 3250 156 3315 R.
182 3252 212 3316 2.
259 3248 415 3325 Quamvis
445 3249 695 3315 constitutiones
725 3270 824 3332 supra
849 3247 956 3313 dictae
978 3248 1174 3330 intellegant
1196 3248 1355 3315 moniales

70 3338 143 3404 icte
174 3337 295 3414 dictae,
327 3337 534 3403 nihilominus
563 3339 721 3403 moniales
746 3359 810 3402 non
835 3338 1044 3415 claustrales,
1076 3338 1103 3403 si
1134 3339 1282 3405 confiteri
1313 3360 1355 3405 ex

70 3426 172 3510 iscopi
195 3427 331 3492 statutis
354 3433 520 3509 nequeunt
543 3427 604 3491 nisi
629 3427 837 3492 confessariis
857 3429 1034 3511 specialiter
1049 3428 1239 3510 approbatis
1256 3428 1354 3493 adeo·

70 3539 88 3583 e
125 3517 249 3581 habent
282 3537 376 3580 suum
411 3525 528 3581 certum
561 3516 791 3599 confessarium
824 3517 1036 3600 ordinarium,
1070 3518 1140 3582 iure
1174 3539 1233 3582 suo
1267 3517 1354 3582 idem

70 3610 165 3672 esunt
187 3606 365 3690 postulare,
391 3626 463 3670 cum
487 3625 645 3688 responsa
667 3605 699 3672 S.
725 3605 818 3670 Sedis
840 3605 880 3670 iis
903 3605 989 3669 idem
1011 3606 1062 3671 ius
1081 3606 1214 3685 faciant,
1240 3608 1354 3672 eadem

70 3696 209 3761 sistente
231 3694 369 3760 ratione.

115 3783 338 3849 communiter
361 3787 471 3849 autem
495 3804 531 3847 re
554 3783 626 3866 ipsa
649 3784 697 3848 ita
718 3783 759 3847 iis
788 3783 980 3866 providetur
1010 3788 1047 3849 ut
1077 3784 1220 3868 episcopi
1243 3794 1355 3870 quatu

80 3894 169 3939 anno
186 3872 484 3939 extraordinarium
502 3872 737 3938 confessarium
757 3872 791 3936 in
807 3873 953 3954 singulos
970 3880 1150 3940 conventus
1167 3874 1352 3940 monialium

70 3963 224 4030 ttondum
248 3966 373 4028 curent.

118 4069 157 4135 R.
176 4073 206 4136 3.
246 4069 405 4145 Quamdiu
422 4069 702 4134 extraordinarius
718 4068 936 4133 confessarius
958 4089 1015 4132 suo
1040 4091 1173 4134 munere
1196 4071 1352 4152 fungitur,

70 4159 229 4224 nfessario
260 4159 423 4223 ordinario
453 4158 662 4224 interdictum
693 4163 745 4224 est
774 4158 944 4239 quominus
974 4159 1016 4223 ad
1041 4159 1273 4225 monasterium
1299 4182 1353 4223 ac·

70 4249 133 4314 lat.
175 4250 207 4314 S.
226 4249 259 4314 C.
277 4250 360 4333 Epp.
387 4256 414 4313 et
430 4250 505 4333 lieu.
522 4248 590 4313 Ian.
612 4251 695 4313 1749
714 4270 745 4315 v,
762 4248 1066 4315 Bellen-Palm.
1084 4249 1104 4314 l.
1123 4271 1149 4314 c.
1167 4271 1198 4313 n.
1218 4251 1291 4325 643,
1311 4255 1351 4315 5⁰.

117 4380 170 4444 Ao
194 4401 384 4456 ouausrruu
411 4384 449 4443 2¹¹²
473 4382 511 4447 R.
561 4383 726 4446 Decretum
758 4383 1028 4462 Qrueruudmodruu
1059 4403 1122 4445 non
1154 4383 1258 4446 solum
1289 4389 1415 4446 nonita

70 4471 174 4535 olevit
197 4470 403 4552 praescripta
426 4493 507 4534 conc.
531 4471 619 4535 Tm'd.
645 4476 679 4537 et
703 4470 849 4534 Bened.
870 4470 957 4545 XIV,
982 4470 1039 4533 sed
1064 4491 1219 4553 expresse
1242 4476 1354 4537 monet

89 4560 156 4623 vim
174 4580 266 4623 suam
283 4560 441 4624 retinere:
470 4559 595 4635 ,Firmo
610 4563 800 4623 remanente
817 4560 923 4641 quoad
940 4559 1155 4623 confessarios
1173 4561 1353 4626 ordinarios

93 4648 374 4714 extraordinarios
405 4649 672 4714 communitatum
703 4648 788 4729 quod
819 4669 840 4712 a
864 4652 1073 4714 sacrosancto
1104 4649 1240 4714 concilio
1264 4650 1351 4715 Trid.
