3044 5174
323 295 449 350 Minister
468 296 568 366 paenit.
588 324 621 334 -
641 296 700 350 eius
719 296 878 366 approbatio
897 300 925 350 et
943 296 1100 351 iurisdictio.
1309 299 1372 363 257

41 473 232 533 solummodo
262 479 344 532 certo
372 473 570 549 superiorem,
599 473 624 529 si
655 478 825 548 rogaretur,
856 472 991 532 daturum
1020 492 1086 531 esse
1108 473 1233 533 veniam.
1276 473 1374 542 Quare

41 567 106 612 turn
137 554 258 692 indhoe
287 561 348 611 tum
383 553 414 611 in
448 554 544 629 priore
579 573 651 612 casu
681 553 822 611 audacter
856 553 954 628 pergit
984 553 1014 610 in
1049 572 1169 612 munere
1200 551 1375 611 confessarii

43 653 176 693 exercen
198 654 224 693 ο.

45 740 229 811 Quaaarrua
251 740 280 797 1⁰
301 739 369 815 quid
391 739 430 797 sit
452 739 549 810 dubia,
571 740 640 815 quid
661 739 823 816 probabilis
845 738 1019 798 iurisdictio.

252 830 283 886 2ο
303 828 431 886 liceatne
453 847 518 887 cum
540 847 575 886 ea
597 829 800 887 consessiones
822 828 924 886 audire
945 834 975 886 et
996 828 1210 887 absolutionem
1232 829 1312 888 dare.

253 919 283 976 3⁰
303 917 372 994 quid
393 917 425 976 in
446 918 565 976 casibus
587 918 728 978 Durandi.

646 1101 782 1168 Salutio.

139 1242 195 1307 An
218 1243 467 1318 tarantasiensi]m
482 1240 569 1306 R.l.
603 1241 783 1306 Probabilis
805 1241 963 1307 iurisdiet'
939 1245 1041 1320 11ο,11
1021 1245 1106 1308 utri
1097 1241 1222 1309 'tedist
1207 1241 1440 1325 tinguaturltt

48 1330 213 1407 adubia,
244 1330 448 1412 intellegitur
474 1351 530 1406 ea,
562 1349 620 1413 pro
651 1330 741 1394 cuins
772 1331 942 1398 exsistent'
919 1337 966 1398 tra
995 1330 1095 1397 habet
1080 1336 1135 1397 tur
1164 1331 1379 1415 probabilius

49 1421 142 1486 iuris.
191 1379 330 1496 tinae
305 1440 333 1484 01
356 1419 469 1494 adest,
500 1426 612 1484 manet
636 1418 765 1500 quidem
789 1420 933 1484 babiti
865 1423 933 1485 tuci
936 1423 962 1485 is
985 1420 1206 1486 facultast
1152 1425 1206 1485 act
1208 1442 1262 1484 um
1285 1428 1379 1488 ante·

50 1509 172 1575 cedens
196 1508 228 1572 in
252 1529 312 1573 sua
336 1507 582 1592 probabilitate,
613 1506 633 1572 i.
658 1528 686 1574 e.
711 1512 824 1574 manet
846 1508 973 1574 incerta
996 1514 1030 1575 et
1060 1509 1121 1573 hoc
1144 1531 1241 1574 sensu
1266 1510 1378 1585 dubia;

50 1619 169 1664 verum
192 1596 445 1663 usnsetvalor
468 1596 564 1660 huius
587 1596 757 1663 facultatis
773 1598 919 1663 incertae
936 1606 1157 1683 consequenter
1181 1600 1225 1663 od
1249 1621 1379 1664 carosam

50 1695 230 1774 susceptam
254 1708 308 1752 seu
332 1694 437 1750 actum
461 1687 692 1750 inicediotionis
717 1687 897 1752 inchoatum
927 1687 1039 1752 evadit
1068 1687 1200 1752 moralit
1186 1693 1238 1751 ter
1261 1693 1380 1767 certus,

50 1798 89 1842 eo
106 1775 195 1859 quod
212 1775 360 1840 Ecclesia
376 1774 507 1840 moralit
493 1779 545 1839 ter
561 1780 650 1840 certo
667 1775 797 1859 supplet
812 1797 871 1859 pro
888 1776 1071 1859 hypothesi,
1096 1776 1123 1841 si
1139 1797 1175 1841 re
1192 1796 1272 1841 vera
1288 1782 1382 1843 ante-

51 1863 483 1932 cedenterfacultasfuerit
495 1863 593 1930 nulla.
618 1864 814 1948 szupran
829 1868 904 1931 431.
930 1827 1084 1949 salpi.
1099 1864 1155 1943 VI,
1173 1867 1288 1931 57301
1274 1869 1380 1934 t.be

141 1962 183 2029 R
200 1960 837 2044 2.Ηο0001010111111111101101οε1101110
860 1961 1021 2028 exsistere
1043 1985 1084 2046 po
1088 1967 1154 2028 test
1139 1963 1216 2028 tde
1232 1962 1382 2029 iurisdic-

50 2053 142 2119 tione
155 2050 334 2116 universim
346 2055 487 2133 sumpta,
505 2072 580 2115 num
593 2050 718 2116 scilicet
735 2057 805 2118 cert
790 2051 951 2118 thomeus
969 2056 1143 2134 utcumque
1159 2051 1382 2117 iurisdictione

51 2140 338 2226 potiatur3potest
347 2139 457 2217 etiam,
468 2139 564 2222 idque
572 2139 785 2221 frequentius,
796 2141 956 2206 exsistere
967 2142 1006 2206 de
1017 2141 1140 2207 ambitu
1150 2141 1383 2207 iurisdictionis

52 2229 163 2313 quoad
180 2249 297 2293 causas
314 2227 546 2306 diiudicandae,
564 2228 766 2312 potissimum
787 2229 827 2295 de
844 2251 892 2307 eo,
913 2251 989 2294 num
1007 2231 1093 2294 adsit
1109 2235 1257 2314 potestas
1274 2231 1382 2295 absol-

51 2319 152 2385 vendi
171 2339 191 2383 a
207 2317 385 2382 reservatis
402 2324 464 2383 etc.
496 2317 565 2394 Quo
582 2317 696 2384 ultimo
714 2339 792 2383 casu
808 2319 907 2385 etiam
924 2319 1094 2401 graviores
1109 2320 1256 2385 rationes
1272 2318 1383 2385 afferri

52 2414 203 2493 possunt,
228 2428 285 2472 cnr
308 2427 350 2471 ex
374 2406 442 2471 eius
465 2428 525 2471 usu
548 2407 719 2489 paenitens
741 2408 856 2473 morali
878 2408 1022 2491 periculo
1046 2430 1110 2473 non
1134 2413 1328 2492 exponatur.

145 2505 184 2571 R.
203 2507 233 2570 3.
266 2505 375 2570 Dubio
398 2503 578 2569 iurisdictio
602 2526 715 2587 presse
738 2510 871 2590 sumpta
894 2527 934 2571 ea
949 2511 1097 2585 vocatur,
1123 2506 1262 2588 quaein
1286 2505 1383 2572 dnbio

52 2595 137 2661 facti
160 2593 294 2671 nititur,
325 2597 359 2658 et
382 2592 473 2657 cuius
496 2593 594 2658 etiam
620 2616 714 2671 usus,
748 2615 806 2659 seu
829 2596 924 2660 valor
946 2599 1184 2678 consequenter
1214 2596 1255 2661 ad
1279 2617 1383 2673 usum,

53 2689 170 2750 manet
193 2683 308 2747 dubius
331 2687 366 2748 et
388 2682 540 2748 incertus.

147 2807 200 2873 An
223 2827 415 2883 qunasmuu
440 2809 479 2871 2¹²
502 2806 541 2874 R.
568 2809 595 2872 1.
631 2807 794 2873 Probabili
819 2807 1041 2873 iurisdictione
1065 2807 1113 2874 uti
1136 2813 1174 2874 ut
1196 2808 1304 2886 liceat,
1329 2808 1447 2874 0111448

54 2897 189 2981 quidem
212 2898 398 2979 graviorem
423 2895 566 2978 aliquam
590 2917 722 2961 causam
746 2897 917 2978 requirunt
940 2896 986 2978 (S.
1004 2896 1121 2981 Alph.
1146 2898 1283 2979 requirit
1308 2919 1385 2963 cau·

54 3008 128 3054 sam
149 2986 316 3069 ,graviter
331 2984 590 3064 rationabilem“,
615 2986 656 3051 of.
675 2986 785 3050 Marc
802 3009 832 3050 n.
853 2987 968 3067 1755);
993 2990 1140 3050 attamen
1162 2986 1227 3062 alii,
1251 2987 1385 3068 quiade

54 3077 129 3142 sola
158 3075 305 3140 liceitate
337 3074 486 3156 quaestio
517 3079 583 3151 est,
612 3075 788 3157 specialem
819 3075 979 3140 rationem
1010 3096 1073 3139 non
1104 3074 1257 3157 exigunt,
1288 3075 1386 3158 idque

54 3164 182 3249 regulis
206 3163 427 3248 probabilismi
451 3163 617 3228 conforme
641 3170 702 3230 est.

148 3261 188 3327 R.
214 3264 244 3330 2.
290 3262 401 3326 Dubio
423 3259 644 3326 iurisdictione
668 3261 729 3336 uti,
754 3261 845 3325 cuius
868 3282 946 3326 usus
969 3265 1102 3327 maneat
1125 3260 1250 3337 dubius,
1274 3261 1387 3328 licebit

57 3351 237 3418 secundum
261 3372 318 3416 eas
341 3350 473 3432 regulas
496 3371 538 3415 ex
562 3350 677 3432 quibus
705 3350 804 3415 liceat
826 3356 1034 3416 sacramenta
1057 3350 1152 3414 dubie
1176 3351 1286 3417 valida
1310 3373 1386 3416 con·

56 3442 157 3508 ferre.
187 3439 349 3505 Nimirum
371 3460 413 3504 ex
430 3459 495 3503 una
508 3443 604 3523 parte
627 3439 724 3506 debet
745 3440 860 3504 abesse
881 3439 996 3504 modus
1018 3460 1080 3520 qno
1103 3444 1193 3506 certa
1210 3443 1268 3507 fiat
1290 3440 1387 3506 iuris·

57 3529 160 3597 dictio
176 3533 211 3595 et
226 3528 397 3606 absolutio,
423 3549 465 3594 ex
481 3529 587 3594 altera
602 3532 697 3612 parte
714 3529 811 3594 debet
830 3528 946 3593 adesse
961 3528 1073 3610 gravis
1089 3530 1174 3594 ratio
1197 3550 1255 3594 cur
1270 3530 1385 3595 melius

57 3621 103 3686 sit
126 3618 267 3701 aliquem
286 3618 338 3683 hic
354 3622 388 3683 et
403 3639 488 3682 nuno
504 3617 600 3683 dubie
616 3619 787 3683 absolvere
804 3639 900 3700 quarn
923 3621 1013 3683 certo
1030 3639 1094 3682 non
1110 3618 1291 3685 absolvere.
1323 3620 1388 3685 Per

58 3730 94 3775 se
119 3713 231 3774 autern
254 3707 310 3772 ille
334 3707 387 3789 qni
411 3707 459 3772 ita
483 3707 577 3772 dubie
602 3707 783 3772 absolvitur
813 3707 991 3772 monendus
1015 3712 1083 3783 est,
1115 3728 1156 3772 ne
1187 3714 1276 3774 certo
1306 3708 1388 3774 fidat

58 3797 258 3865 absolutioni
281 3800 449 3880 receptae:
474 3796 522 3861 ita
545 3795 674 3877 quidem
698 3796 759 3861 nisi
783 3796 882 3862 timor
904 3797 1036 3861 nraioris
1059 3796 1138 3861 mali
1161 3797 1279 3864 obstet.

151 3894 189 3960 R.
215 3897 245 3960 3.
292 3894 330 3959 In
359 3892 467 3977 specie
497 3899 729 3959 enumerantur
755 3899 929 3976 sequentes
953 3915 1072 3959 causae
1096 3915 1137 3959 ex
1162 3895 1277 3976 quibus
1301 3917 1388 3960 conr·

58 3984 205 4050 muniter
228 3983 347 4049 docent
369 3984 467 4047 licere
491 3983 654 4048 sacerdoti
679 3986 779 4048 (labia
802 3984 1024 4050 iurisdictione
1048 3983 1095 4048 nti
1115 3983 1147 4047 in
1164 3984 1294 4049 defectu
1312 4007 1388 4049 con-

60 4071 553 4140 1000011100110101101110110110
583 4073 722 4155 praediti
747 4073 792 4152 (S.
818 4073 935 4156 Alph.
960 4073 1022 4149 VI,
1056 4073 1151 4154 571):
1187 4073 1217 4152 1)
1242 4075 1267 4137 si
1293 4080 1389 4154 urget

59 4165 273 4249 praeceptum
297 4182 424 4226 annuae
448 4161 676 4232 confessionis:
710 4164 743 4243 2)
767 4161 795 4226 si
818 4163 988 4245 paenitens
1019 4162 1115 4227 debet
1146 4162 1311 4226 celebrare
1336 4163 1389 4226 vel

59 4250 317 4326 communicare,
345 4251 406 4315 nisi
430 4251 511 4316 velit
534 4250 687 4315 infamiae
712 4257 824 4317 notam
847 4252 1028 4330 incur·rere;
1061 4253 1094 4332 3)
1118 4251 1146 4314 si
1170 4252 1323 4315 sacerdos
1347 4273 1388 4316 ex

60 4340 264 4424 obligatione
287 4341 384 4405 debet
408 4341 590 4405 celebrare:
615 4341 656 4406 cf.
682 4340 795 4405 Marc
819 4362 849 4406 11.
877 4343 972 4405 1756.

151 4465 206 4530 An
229 4468 484 4539 Qunas1suu3¹¹¹
508 4464 602 4530 R.1.
649 4464 686 4528 In
667 4468 818 4548 nprimo
846 4484 923 4528 casn
948 4463 1079 4528 dubium
1104 4462 1143 4524 de
1166 4462 1452 4530 iurisdictionetaa

59 4556 179 4623 nititur
208 4553 242 4617 in
272 4552 368 4618 dubio
398 4553 488 4618 facti.
539 4517 745 4635 Quapropter
775 4553 964 4629 Durandus,
997 4574 1069 4617 curn
1100 4551 1230 4616 dubium
1262 4554 1391 4618 solvere

59 4667 127 4711 non
158 4647 286 4728 posset,
318 4642 457 4707 debebat
487 4642 793 4708 aconfessionibus
823 4603 991 4706 audiendis
1016 4639 1117 4706 desist
1104 4647 1190 4714 1010
1222 4642 1248 4706 01
1279 4647 1390 4708 10111011

114 4753 285 4801 LehmkulrL
300 4753 372 4794 casus
385 4752 545 4794 conscientiae.
563 4753 591 4793 11.
1150 4745 1182 4798 17
