3044 5174
395 254 484 309 Onera
503 273 538 308 ex
557 254 645 309 officio
664 258 820 325 assumpta:
840 284 872 292 —
893 254 984 309 officia
1002 253 1120 325 parochi.
1353 259 1417 323 469

85 432 252 497 benaein
276 452 373 509 casu,
405 452 468 514 quo
491 431 659 497 moraliter
688 431 887 514 impossibile
911 430 1012 496 fuerit
1039 435 1214 512 utrumqne
1238 434 1417 513 praestare,

87 522 120 586 in
150 522 374 606 oblique-ionem
406 524 453 586 rei
481 524 571 605 ionpe
599 523 740 586 melioria
769 524 887 604 sponte
917 524 1128 586 commutare.
1175 521 1287 585 Vooeot
1316 519 1418 601 igitur

87 611 239 692 sequenti
264 611 316 675 die
339 610 507 675 celebrare
530 608 678 687 missam,
711 614 745 675 et
768 631 841 674 mea
864 608 1014 692 opinione
1045 630 1118 674 eam
1141 629 1200 691 pro
1224 608 1417 674 recitatione

86 699 244 765 horarum
268 699 301 764 in
326 703 438 766 nostro
462 720 540 764 casu
564 699 763 767 substituere
786 702 912 781 potest:
938 697 1066 780 quando
1091 698 1184 764 deest
1207 697 1334 763 occasio
1359 697 1417 762 ha·

87 789 215 854 bendae
238 787 501 873 dispensationis.
549 787 602 855 Ita
624 789 680 853 ille
703 788 759 871 qui
781 789 1018 872 inculpabiliter
1040 787 1139 852 horas
1163 786 1300 853 distulit.

175 894 217 960 R.
244 896 275 961 7.
329 892 549 960 Nihilominus
581 894 727 978 practice
760 893 817 958 vix
850 914 931 977 opus
965 893 1029 959 erit
1061 893 1104 959 ad
1135 892 1196 958 hoc
1228 893 1414 975 confugere.

87 983 207 1049 Nonne
230 983 356 1068 poterit
379 982 500 1049 habere
524 983 612 1049 cibos
636 1004 717 1065 quos
740 983 884 1066 potando
900 981 1094 1048 brevissimo
1116 986 1264 1066 tempore
1288 1002 1416 1048 sumere

88 1073 202 1157 possit,
227 1073 278 1138 ita
303 1079 340 1138 ut
362 1071 570 1138 nihilominus
594 1078 724 1157 tempus
747 1076 903 1156 suppetat
926 1071 1216 1156 persolvendarum
1239 1072 1415 1139 horarum?

553 1262 747 1329 PAROCHI
770 1261 950 1329 OFFICIA.

646 1420 757 1486 Casus.
776 1426 852 1496 (aaa)

175 1559 329 1620 Satellius
349 1559 498 1637 parochus
518 1558 604 1618 initio
625 1557 672 1618 aui
692 1558 823 1617 muneris
845 1563 965 1616 suenus
979 1558 1143 1619 inculcavit
1163 1559 1352 1635 parochianis
1373 1564 1415 1631 ut,

88 1641 202 1716 siquis
224 1639 303 1699 sorio
332 1639 547 1714 aegrotaverit,
577 1639 679 1697 statim
700 1658 733 1699 se
753 1639 918 1698 vocandum
948 1645 1050 1709 curet;
1080 1639 1132 1697 sed
1160 1657 1226 1698 cum
1254 1640 1337 1699 multi
1358 1639 1414 1700 eibi

87 1722 182 1781 nolint
203 1720 294 1779 latori
315 1738 348 1778 se
369 1720 447 1778 serio
469 1724 639 1794 aegrotare,
661 1738 721 1778 non
741 1739 810 1778 raro
831 1719 927 1778 serius
948 1719 1122 1778 admonetur
1143 1719 1299 1794 Sabellius,
1320 1739 1415 1797 neque

86 1802 174 1879 pauci
196 1802 262 1860 sine
292 1799 488 1859 sacramentis
508 1799 601 1858 vitam
622 1799 737 1860 finiunt.
778 1800 825 1858 Ad
847 1800 1017 1868 contiones,
1046 1819 1112 1858 cum
1139 1799 1198 1858 iam
1224 1799 1343 1874 longam
1364 1800 1414 1858 ha·

86 1884 157 1941 beat
178 1879 440 1951 consuetudinem,
468 1899 527 1939 nou
549 1880 626 1939 solet
652 1881 732 1938 ultra
760 1880 952 1955 quadrantem
981 1899 1013 1937 se
1040 1898 1235 1956 praepararc;
1264 1880 1293 1937 in
1322 1880 1414 1938 missa

86 1968 187 2022 autem
208 1960 370 2021 binationis
390 1979 477 2036 quam
499 1959 596 2019 dicere
618 1959 720 2027 debet,
752 1978 818 2018 cum
839 1959 869 2018 in
891 1959 1114 2018 ecclesiamt
1069 1963 1114 2018 tot
1116 1979 1151 2018 us
1180 1961 1305 2036 populus
1327 1959 1414 2018 simul

87 2040 250 2102 convenire
269 2044 407 2116 nequeat,
429 2040 538 2100 omittit
551 2059 650 2133 saepe
664 2041 756 2098 verba
776 2041 886 2109 lacere,
908 2058 1082 2115 quamquam
1098 2041 1134 2098 ab
1154 2039 1303 2099 ordinario
1318 2059 1414 2099 sermo

85 2122 124 2181 ad
148 2123 186 2181 10
207 2121 270 2180 iere
292 2119 406 2179 minuta
426 2119 630 2198 praescriptus
652 2119 693 2178 sit
714 2122 768 2178 sub
790 2139 886 2197 poena
907 2119 1085 2179 amittendi'
1077 2139 1142 2196 rpso
1163 2120 1244 2178 facto
1264 2121 1414 2197 privilegii

85 2201 226 2272 binandi;
249 2200 352 2260 binare
372 2200 486 2278 pergit,
508 2201 551 2259 ita
572 2219 673 2259 secum
693 2206 854 2277 reputans:
877 2199 904 2259 si
924 2200 1022 2259 minus
1043 2219 1081 2258 ex
1101 2200 1274 2276 privilegio,
1295 2201 1354 2259 iam
1376 2220 1414 2259 ex

84 2283 154 2358 lege
181 2281 364 2342 binationem
391 2280 509 2340 faciam.
559 2280 624 2339 lnst
612 2279 788 2341 tractionem
819 2299 975 2357 puerorum
1003 2285 1035 2338 et
1063 2280 1228 2357 puellarum
1257 2280 1414 2341 committit

85 2362 241 2423 sororibus
262 2361 439 2431 scholarum,
461 2360 519 2420 sibi
540 2380 699 2420 reservans
721 2381 845 2419 examen
867 2361 976 2420 anteiit
998 2360 1061 2420 dies
1082 2360 1194 2437 primae
1216 2361 1413 2422 communioni

84 2443 235 2520 praevios,
257 2441 307 2501 ubi
328 2441 493 2517 generatim
513 2460 622 2517 pueros
644 2442 717 2500 bene
738 2441 900 2501 instructos
921 2441 1040 2517 reperit.

85 2556 267 2628 Quaamrus
289 2558 318 2616 1ο
338 2575 483 2634 quaenam
505 2555 567 2616 sint
586 2554 746 2634 praecipua
768 2557 866 2616 officia
887 2557 1017 2633 parochi.

288 2655 319 2714 2⁰
339 2655 408 2732 quid
429 2655 464 2714 de
486 2653 615 2713 Sabellio
637 2653 676 2714 sit
696 2654 892 2716 iudicandum.

683 2837 818 2905 Solutio.

176 2980 231 3046 Au
270 2999 462 3056 qusnsrruu
499 2983 535 3045 1¹⁰
570 2979 609 3046 R.
664 2978 802 3045 Parocbi
841 2983 879 3045 ut
912 2977 1093 3063 spiritualis
1128 2978 1232 3063 patris
1268 2977 1472 3047 familiaeelt

83 3070 147 3136 sibi
171 3068 318 3137 creditae
342 3072 394 3134 est
416 3067 590 3153 imprimis:
622 3071 651 3135 1.
677 3069 778 3134 vitam
802 3067 1007 3151 spiritualem
1031 3068 1270 3133 communicare
1293 3067 1333 3132 iis
1356 3068 1410 3149 qui

82 3158 231 3227 familiae
255 3162 461 3236 accrescant,

176 3250 208 3315 2.
233 3247 334 3313 vitam
359 3246 563 3331 spiritualem
587 3267 720 3312 suorum
745 3243 952 3324 conservare,
976 3245 1162 3327 restituere,
1188 3265 1326 3328 augere3

175 3339 206 3404 3.
230 3335 334 3402 vitam
358 3335 561 3420 spiritualem
586 3334 619 3400 in
643 3335 734 3400 exitu
757 3336 791 3400 in
815 3339 887 3402 tuto
912 3334 1081 3400 collocare.

173 3434 227 3501 Ad
253 3437 303 3499 1⁰²¹
326 3433 428 3516 igitur
450 3433 547 3499 debet
570 3454 685 3498 curare
709 3438 746 3498 ut
768 3433 949 3500 infantibus
977 3437 1105 3498 mature
1129 3431 1311 3516 baptismus
1334 3454 1411 3497 con·

82 3523 222 3600 feratur,
247 3526 346 3605 atque
369 3522 564 3590 obstetrices
588 3527 622 3590 et
645 3526 769 3588 matres
792 3523 900 3588 sciant
922 3522 956 3588 in
971 3520 1115 3605 periculo
1131 3521 1328 3607 baptismum
1354 3543 1410 3587 ne-

82 3611 259 3688 cessitatis,
284 3633 422 3694 eumque
445 3611 546 3679 etiam
569 3611 711 3677 foetibus
735 3612 904 3688 abortivis,
929 3610 1089 3678 conferre.

174 3709 226 3775 Ad
251 3712 312 3776 2²¹³.
358 3709 466 3776 Debet
489 3709 650 3793 parochus
674 3710 708 3792 a)
732 3730 791 3792 pro
814 3709 934 3792 populo
959 3730 1054 3775 orare
1079 3713 1112 3774 et
1136 3708 1269 3775 missam
1293 3711 1410 3774 offerre

81 3799 152 3866 auis
182 3799 312 3874 diebus3
344 3799 379 3881 b)
403 3798 501 3865 debet
531 3798 676 3882 pericula
699 3803 734 3865 et
756 3799 913 3863 scandala
945 3799 1125 3864 auferenda
1157 3819 1282 3877 curare,
1307 3819 1410 3880 quan·

80 3894 153 3955 tum
186 3891 312 3972 potest:
345 3886 376 3969 c)
408 3887 506 3953 debet
531 3887 706 3971 impigrum
733 3908 768 3952 se
802 3887 975 3953 ostendere
1005 3889 1045 3953 ad
1075 3887 1272 3953 conferenda
1299 3907 1409 3951 sacra·

81 3981 204 4053 menta,
229 3976 371 4042 maxime
394 3977 617 4059 paenitentiae
641 3981 676 4042 ct
691 3976 918 4056 eucharistiae,
943 3982 977 4044 et
993 3997 1125 4043 monere
1149 3982 1185 4043 ut
1201 3975 1408 4042 matrimonia

81 4067 260 4133 christiane
283 4066 452 4141 ineantur:
484 4066 518 4148 d)
542 4067 639 4132 debet
662 4066 814 4150 populum
840 4065 1002 4133 instruere
1027 4065 1249 4142 contionibus,
1273 4085 1407 4148 pueros-

79 4177 144 4239 que
168 4154 349 4223 doctrinam
374 4155 586 4222 christianam
610 4156 726 4222 doccre
749 4156 804 4220 vel
828 4156 990 4221 docendos
1015 4176 1140 4230 curare,
1164 4154 1235 4219 sive
1255 4154 1287 4218 in
1304 4152 1408 4219 eccle·

79 4246 164 4312 siam
188 4244 420 4310 convenientes
443 4245 514 4310 sive
537 4245 623 4309 domi
646 4246 800 4312 reclusos.

170 4344 223 4409 Ad
246 4346 308 4409 3²⁰².
345 4343 452 4408 Debet
475 4348 683 4424 aegrotorum
709 4364 820 4407 curam
843 4342 965 4408 habere
988 4341 1196 4425 praecipuam
1220 4346 1320 4421 atque
1343 4361 1407 4404 non

79 4433 186 4499 solum
210 4431 425 4499 sacramentis
448 4432 713 4497 moribundorum
744 4453 800 4496 eos
823 4431 965 4507 munire,
996 4431 1055 4497 sed
1084 4429 1184 4497 etiam
1215 4430 1408 4495 studerent

79 4523 113 4588 in
137 4523 210 4606 ipsa
233 4520 354 4603 agonia
378 4528 413 4587 et
435 4526 540 4587 morte
564 4521 618 4586 vel
641 4522 711 4604 ipse
735 4521 872 4586 assistat
896 4521 947 4585 vel
972 4519 1038 4585 alia
1061 4539 1201 4603 persona
1224 4519 1297 4602 pia,
1322 4539 1406 4600 quae

79 4614 165 4677 bene
195 4611 333 4689 calleat,
367 4611 527 4693 quomodo
558 4610 768 4676 moribundus
797 4609 928 4676 iuvetur
952 4609 1053 4675 variis
1083 4608 1243 4675 virtutum
1267 4608 1403 4686 actibus,
