3044 5174
146 275 209 339 114
657 275 698 328 De
716 290 753 328 ss.
773 274 945 330 eucharistia.

143 469 185 512 ex
208 469 244 514 se
267 449 419 526 oriunda;
444 450 517 516 aliis
541 450 722 517 dicentibus
745 453 864 518 saltem
887 456 940 518 ter
955 456 1114 535 quaterve
1135 451 1169 516 in
1186 471 1271 517 anno
1295 449 1464 515 celebran-

143 537 219 603 dum
242 559 333 618 esse,
358 560 399 604 ne
422 543 575 623 peccetur
597 541 759 623 graviter3
791 541 823 605 id
846 562 959 606 omnes
981 541 1130 608 fatentur
1152 561 1211 623 per
1233 537 1386 605 accidens
1410 560 1464 604 ra-

142 627 231 693 tione
262 628 408 693 scandali
437 649 496 712 per
525 629 711 695 diuturnum
741 630 970 697 celebrationis
999 630 1184 711 neglectum
1215 629 1365 711 graviter
1388 649 1464 711 pec·

142 716 210 782 cari
234 738 339 801 posse.
386 717 434 783 cf.
464 719 519 784 Ta.
546 742 585 784 m.
611 718 651 796 ΙΙ,
679 722 740 785 191
758 740 824 801 sq.;
850 719 881 786 S.
907 719 1023 804 Alph.
1047 718 1104 798 VI,
1129 720 1211 796 3133
1236 717 1464 783 Ballerini-

142 805 265 872 Palm.
290 814 381 871 tract.
405 807 445 884 X,
469 816 539 872 sect.
564 807 621 886 IV,
645 830 676 874 n.
702 810 776 875 243.

79 935 132 992 203
229 928 283 993 Au
306 948 496 1004 quaasmua
521 931 560 992 2¹²¹
583 930 621 995 R.
649 934 676 995 1.
709 929 795 996 Sane
817 930 1001 995 laudandus
1023 951 1088 995 non
1111 931 1163 994 est
1185 928 1362 1006 Oeniadas,
1389 948 1463 993 cum

141 1017 223 1083 nolit
245 1022 374 1083 tantum
390 1018 547 1101 temporis
563 1040 583 1084 a
598 1018 716 1085 studiis
731 1018 980 1101 litterarumque
996 1018 1261 1103 occupationibus
1277 1016 1462 1093 detrahere,

140 1112 177 1173 ut
206 1106 409 1188 frequentius
438 1128 496 1172 seu
526 1128 585 1192 per
614 1108 849 1176 hebdomadam
873 1107 972 1175 etiam
1003 1107 1156 1175 celebret.
1203 1105 1359 1173 Graviter
1382 1127 1463 1170 sane

139 1215 199 1279 per
228 1217 264 1261 se
287 1217 351 1261 non
375 1200 491 1280 peccat
520 1196 599 1262 solis
622 1196 798 1262 Dominicis
828 1201 863 1263 et
892 1196 987 1262 festis
1011 1197 1123 1262 diebrm
1147 1194 1189 1261 ad
1212 1194 1462 1262 sacrificandum

140 1285 313 1361 accedens;
338 1285 435 1351 facile
458 1289 569 1358 tamen
591 1285 674 1352 levis
696 1285 823 1369 peccati
846 1286 980 1351 acediae
1002 1307 1078 1351 reus
1101 1285 1173 1351 erit.

228 1382 267 1447 R.
292 1385 321 1448 2.
361 1382 393 1447 Si
417 1388 527 1449 autem
549 1383 688 1467 populus
710 1383 743 1448 id
766 1383 800 1448 in
823 1384 941 1449 malam
965 1388 1091 1467 partem
1115 1382 1352 1466 interpretetur
1375 1382 1462 1464 quod

140 1491 315 1553 numquam
338 1470 450 1537 videat
473 1472 655 1537 Conradum
679 1472 915 1549 celebrantem,
947 1472 1025 1538 oriri
1054 1475 1165 1555 potest
1195 1470 1352 1553 obligatio
1383 1471 1462 1536 edo·

18 1639 20 1643 Α
140 1560 233 1625 cendi
256 1558 385 1645 populi:
410 1581 496 1639 nam,
520 1561 549 1625 si
572 1559 760 1644 divulgetur
783 1562 965 1627 Conradum
989 1560 1142 1645 privatim
1167 1559 1349 1638 celebrare,
1373 1559 1462 1627 iusta

139 1669 239 1714 causa
261 1648 374 1731 gravis
397 1649 622 1716 admirationis
645 1650 700 1718 vel
722 1650 868 1716 scandali
891 1672 955 1716 non
978 1650 1116 1734 amplius
1140 1649 1244 1717 adest.

228 1747 266 1813 R.
292 1749 322 1813 3.
369 1746 403 1813 Si
426 1767 462 1812 re
486 1768 566 1813 vera
588 1747 755 1814 Conradus
778 1748 859 1813 adeo
883 1747 1044 1832 scrupulis
1068 1751 1225 1824 vexatur,
1250 1746 1404 1813 existimo
1427 1747 1461 1813 id

138 1837 242 1901 solum
266 1857 338 1902 eum
363 1856 384 1901 a
406 1835 501 1918 gravi
524 1841 660 1920 peccato
688 1837 863 1902 immunem
893 1838 1045 1914 reddere,
1076 1836 1139 1903 etsi
1168 1835 1265 1921 plane
1295 1836 1462 1903 abstineat

138 1946 159 1990 a
183 1924 411 1991 celebratione.
459 1924 660 2008 Quamquam
691 1947 756 1991 non
779 1926 820 1992 ab
844 1926 931 1991 omni
960 1929 1095 2011 peccato
1119 1924 1240 1990 veniali
1264 1930 1459 1993 excusatur:

137 2035 214 2080 nam
246 2019 382 2080 eatenus
414 2014 532 2080 saltem
565 2015 721 2097 obligatio
753 2019 805 2082 est
836 2020 950 2081 contra
981 2014 1150 2099 scrupulos
1179 2013 1308 2096 agendi.
1355 2014 1460 2080 Immo

139 2104 238 2170 etiam
261 2103 295 2168 in
317 2104 379 2169 hoc
403 2124 481 2169 casu
504 2107 542 2169 ut
564 2104 754 2170 scandalum
778 2105 904 2189 populi,
936 2104 963 2169 si
987 2105 1072 2187 quod
1095 2104 1275 2170 timendum
1298 2108 1369 2182 est,
1401 2125 1459 2170 an·

138 2193 280 2270 feratur,
313 2192 423 2276 aliqua
453 2192 537 2259 ratio
560 2193 737 2277 probabilis
761 2192 880 2277 populo
904 2193 1011 2258 danda
1034 2197 1102 2259 est:
1135 2213 1233 2275 quam
1256 2197 1369 2258 tamen
1393 2192 1458 2258 iam

138 2281 220 2347 satis
251 2282 366 2347 adesse
396 2281 601 2359 iudicabunt,
634 2281 661 2347 si
691 2304 723 2349 v,
748 2303 779 2363 g.
804 2282 987 2347 Conradum
1017 2282 1149 2366 saepius
1178 2303 1269 2348 more
1299 2282 1458 2348 laieorum

137 2393 163 2436 s.
190 2370 445 2436 communionem
469 2371 612 2437 viderint
634 2371 878 2455 percipientem.

251 2561 483 2628 OBLIGATIO
507 2563 699 2629 PAROCHI
723 2563 806 2630 PRO
832 2560 1053 2628 PAROCHIA
1076 2560 1353 2628 APPLICANDI.

715 2728 826 2794 Casus.
845 2735 903 2804 (57)

228 2866 367 2925 Camillus
382 2867 529 2942 parochus
543 2887 595 2944 per
610 2867 683 2926 duos
697 2887 814 2927 menses
825 2865 914 2925 animi
928 2865 1082 2925 relaxandi
1098 2884 1188 2924 causa
1197 2866 1275 2924 solet
1290 2866 1460 2942 aparcchia

138 2949 251 3006 abesse.
295 2945 357 3015 Quo
378 2953 509 3023 tempore
530 2954 651 3024 propter
671 2947 780 3006 itinera
801 2967 860 3006 non
881 2967 949 3005 raro
971 2946 1073 3004 diebus
1094 2945 1258 3004 Dominicis
1280 2952 1311 3004 et
1331 2946 1419 3005 festis
1442 2966 1459 3004 a

137 3045 223 3084 sacro
252 3026 375 3086 dicendo
402 3032 500 3086 vacat.
542 3027 754 3103 composuerat
783 3047 843 3086 rem
874 3027 916 3086 ita
945 3045 1010 3084 cum
1040 3026 1169 3102 parocho
1198 3026 1313 3096 vicino,
1344 3032 1378 3084 ut
1408 3027 1458 3085 ille

137 3107 259 3165 duarum
280 3107 487 3183 parochiarum
509 3127 609 3166 curam
632 3113 734 3183 ageret
748 3112 779 3166 et
793 3107 896 3166 diebus
911 3107 947 3164 de
961 3112 1120 3183 praecepto
1143 3105 1327 3166 celebrandis
1348 3107 1457 3183 utrobi·

136 3206 191 3262 que
213 3187 333 3246 missam
354 3187 480 3258 diceret;
502 3207 556 3264 pro
571 3189 673 3247 diebus
688 3193 786 3246 autem
801 3188 886 3246 festis
909 3185 1062 3261 abrogatis
1078 3186 1218 3245 Camillus
1231 3186 1317 3245 modo
1339 3187 1458 3263 supplet

137 3267 312 3343 applicando
333 3287 387 3344 pro
408 3269 550 3343 parochia
571 3269 705 3344 sequenti
727 3268 825 3344 aliquo
847 3267 902 3337 die,
924 3267 1010 3325 modo
1031 3267 1119 3343 plane
1140 3267 1257 3325 omittit.

136 3381 312 3451 Quasmroa
334 3383 363 3441 1⁰
384 3400 459 3457 quae
481 3383 520 3440 sit
540 3382 662 3459 parochi
682 3383 823 3457 obligatio
845 3381 1012 3459 applicandi
1033 3400 1086 3457 pro
1107 3382 1225 3458 populo.

331 3481 361 3538 2ο
382 3480 521 3539 Camillus
542 3486 659 3539 rectene
681 3480 775 3556 egerit
804 3499 842 3538 an
864 3479 1043 3554 obligatione
1064 3479 1159 3537 adhuc
1180 3484 1318 3538 teneatur
1339 3484 1371 3537 et
1392 3499 1455 3556 qua.

727 3670 861 3738 Salutio.

73 3825 126 3880 204
224 3815 276 3879 An
300 3835 491 3890 quassmnn
517 3817 553 3879 1¹²¹
577 3814 615 3880 R.
644 3817 671 3879 1.
719 3814 771 3877 Ex
801 3816 975 3897 praecepto
1000 3813 1109 3877 divino
1140 3816 1271 3878 tenetur
1294 3814 1455 3896 parochus

134 3903 306 3985 aliquoties
329 3926 387 3988 pro
410 3904 529 3988 populo
553 3903 614 3967 sibi
639 3903 809 3967 commisso
833 3901 1025 3967 sacrificium
1048 3902 1168 3967 missae
1191 3902 1318 3967 offerre.
1367 3902 1454 3979 Quae

134 3993 290 4075 obligatio
311 3993 458 4075 sequitur
482 4013 523 4057 ex
546 4013 680 4057 munere
703 3991 889 4075 parochiali,
915 4012 978 4073 quo
1002 4013 1043 4057 ex
1067 3991 1271 4058 institutione
1287 3991 1455 4057 Ecclesiae

134 4082 313 4166 spiritualis
337 4103 415 4147 cura
438 4086 549 4146 certae
572 4081 677 4165 partis
700 4079 961 4146 Christifidelium
985 4081 1128 4164 parocho
1153 4080 1389 4157 committitur3
1414 4081 1453 4146 ad

134 4193 231 4253 quam
255 4192 366 4236 curam
382 4170 583 4255 spiritualem
600 4170 633 4235 in
650 4170 690 4237 N.
722 4170 810 4252 Lege
826 4171 969 4253 pertinet
985 4172 1102 4236 offerre
1125 4169 1319 4235 sacrificium
1336 4170 1454 4235 eucha-

135 4261 290 4326 risticum.
329 4260 425 4336 „Cum
448 4265 624 4344 praecepto
649 4259 757 4325 divino
781 4260 969 4324 mandatum
994 4259 1037 4325 sit
1061 4259 1218 4336 omnibus
1244 4259 1361 4340 quibus
1385 4260 1453 4325 ani-

134 4371 260 4415 marum
284 4371 361 4415 cura
386 4349 558 4414 commissa
581 4354 647 4426 est,
679 4370 757 4414 oves
780 4371 857 4414 snas
881 4369 1075 4430 agnoscere,
1105 4372 1165 4433 pro
1188 4350 1238 4412 bis
1262 4351 1454 4433 sacrificium

133 4440 257 4521 offerre.
276 4492 282 4505 .
303 4443 329 4505 .“
361 4440 451 4505 Tria.
476 4459 555 4504 sess
582 4441 623 4502 23
648 4440 687 4503 de
711 4439 769 4520 ref.
794 4459 864 4521 cap.
892 4441 919 4503 1.

222 4537 260 4603 R.
287 4540 316 4604 2.
363 4535 600 4602 Determinatio
624 4540 733 4601 autem
757 4536 799 4600 ad
823 4540 930 4601 certos
959 4535 1027 4599 dies
1051 4535 1140 4599 facta
1164 4541 1214 4601 est
1238 4557 1279 4601 ex
1303 4536 1377 4617 lege
1402 4557 1453 4601 ec·

135 4626 334 4703 clesiastica,
367 4646 450 4708 quae
481 4625 564 4689 hanc
588 4625 819 4708 obligationem
850 4624 949 4690 latius
974 4623 1150 4689 extendere
1181 4625 1233 4689 vel
1257 4625 1453 4691 arctioribus
