3044 5174
153 289 219 354 880
554 282 759 337 Sacramentum
777 285 916 338 extremae
934 281 1077 338 unctionis.

153 463 259 527 minus
282 466 376 528 actus
400 461 577 538 virtutum,
601 461 760 545 imprimis
784 460 905 526 doloris
929 461 969 527 de
992 460 1153 544 peccatis,
1187 482 1260 526 cum
1284 481 1387 544 puero
1412 481 1480 525 mo·

152 552 289 617 ribundo
321 551 439 616 elicere
473 550 600 625 debuit;
642 551 739 632 idque
770 551 870 616 etiam
899 549 933 614 in
966 550 1063 616 dubio
1096 550 1137 615 de
1168 549 1348 616 sufficienti
1387 550 1494 634 pueri'

153 640 359 707 discretione.
406 639 526 716 Quodsi
550 638 639 717 fecit,
664 646 763 721 atque
787 660 868 723 puer
891 662 927 704 re
949 660 1028 705 vera
1052 639 1189 706 rationis
1212 660 1320 723 capax
1344 639 1480 715 eratis

153 735 335 795 extremam
360 730 545 795 unctionem
570 734 604 795 et
626 729 735 793 valide
759 733 793 794 et
815 728 982 794 fructuose
1005 729 1160 812 suscepit.
1201 729 1323 793 Verum
1348 729 1377 793 si
1402 749 1480 811 puer

153 841 195 884 ex
220 839 284 883 una
306 824 402 901 parte
425 823 535 884 actum
560 817 680 883 doloris
704 818 850 900 aliosque
873 821 967 883 actus
991 817 1045 899 qui
1062 818 1104 883 ad
1121 817 1407 902 supernaturalem
1424 817 1480 883 do-

152 909 255 973 lorem
278 907 455 972 necessarii
478 913 555 972 sunt
578 928 641 971 non
665 906 785 980 elicuit,
811 926 853 971 ex
876 908 983 972 altera
1006 913 1116 973 autern
1131 911 1226 991 parte
1242 912 1381 989 peccato
1397 927 1480 971 mor·

152 997 213 1062 tali
236 1017 272 1061 re
295 996 367 1080 ipsa
391 996 549 1061 obnoxius
573 1001 661 1073 erat,
687 995 793 1061 valide
817 996 963 1077 quidem,
988 995 1047 1060 sed
1069 995 1271 1061 infructuose
1294 1000 1480 1062 extremam

152 1085 336 1152 unctionem
361 1084 514 1168 suscepit.

242 1175 338 1241 Unde
353 1175 391 1239 fit
407 1179 444 1239 ut
458 1173 631 1257 parochus,
648 1173 677 1237 si
693 1177 770 1239 ante
786 1173 973 1238 unctionem
989 1172 1023 1238 id
1039 1172 1196 1256 neglexit,
1220 1193 1328 1255 neque
1342 1193 1480 1256 puerum

153 1265 195 1330 ad
219 1263 486 1346 supernaturales
509 1268 604 1328 actus
632 1261 807 1327 eliciendos
836 1261 995 1329 instruxit
1025 1268 1059 1329 et
1089 1262 1231 1341 adiuvit,
1263 1261 1365 1328 etiam
1397 1283 1480 1327 nunc

152 1353 301 1434 graviter
324 1352 489 1435 obligatus
512 1352 556 1418 sit
579 1352 620 1415 ad
644 1351 705 1416 hoc
729 1351 923 1428 faciendum,
947 1372 989 1416 ne
1013 1351 1099 1419 forte
1122 1355 1256 1417 maneat
1278 1350 1312 1417 in
1336 1350 1479 1434 periculo

153 1442 245 1526 pueri
275 1442 365 1508 salus
388 1446 535 1507 aeterna.
582 1440 759 1506 Praeterea
783 1440 884 1506 etiarn
907 1444 982 1523 post
1005 1441 1191 1507 unctionem
1214 1441 1396 1506 curandum
1421 1444 1479 1517 est,

152 1535 190 1596 ut
212 1552 294 1616 puer
316 1530 512 1597 admittatur
535 1530 576 1595 ad
600 1529 835 1595 confessionem
860 1534 893 1595 et
916 1529 1163 1596 absolutionem.

242 1638 280 1703 R.
295 1639 326 1704 4.
354 1636 470 1718 Neque
480 1643 601 1714 tamen,
619 1635 647 1700 si
659 1657 741 1719 puer
757 1638 926 1718 peccatum
943 1637 1083 1703 mortale
1098 1636 1241 1701 nondum
1258 1634 1478 1713 commiserat,

153 1726 180 1790 si
204 1728 300 1791 modo
323 1725 461 1792 rationis
484 1746 591 1809 capax
617 1724 755 1806 ideoque
785 1725 886 1790 etiam
915 1724 1070 1808 peccandi
1102 1746 1208 1808 capax
1237 1728 1271 1790 et
1302 1729 1395 1790 certe
1425 1745 1478 1790 ve·

153 1816 249 1882 nialis
265 1817 383 1881 saltem
399 1815 536 1880 alicuius
552 1814 679 1898 peccati
695 1834 770 1878 reus
786 1813 896 1891 fuerit,
913 1819 1064 1879 extrema
1078 1813 1188 1880 unctio
1200 1812 1327 1879 inutilis
1339 1834 1400 1879 seu
1413 1813 1477 1879 sine

152 1905 262 1969 fructu
285 1909 346 1971 est.
394 1904 481 1969 Nam
504 1903 658 1986 reliquias
682 1907 908 1986 peccatorum,
943 1903 1043 1969 etiam
1072 1902 1266 1980 venialium,
1297 1903 1477 1984 abstergat,

152 1995 304 2060 fiduciam
317 1999 418 2074 auget
434 1997 534 2075 atque
551 1997 666 2058 contra
682 1992 858 2058 diabolicas
874 1992 1076 2058 tentationes
1091 2013 1212 2057 novum
1229 1991 1361 2059 confert
1373 1993 1476 2057 robur.

316 2183 559 2251 EXTREMAE
583 2182 819 2250 UNCTIONIS
843 2181 1045 2249 MATERIA
1068 2183 1124 2248 ET
1148 2181 1312 2251 FORMA.

714 2340 825 2408 dasne.
843 2347 920 2417 (194)

243 2482 416 2552 Gisbertus,
438 2481 475 2539 ad
496 2481 699 2540 moribundum
720 2487 862 2551 vocatus,
891 2481 1073 2557 permutavit
1093 2480 1189 2539 oleum
1208 2481 1396 2541 infirmorum
1417 2501 1473 2541 com

154 2564 219 2623 oleo
241 2563 533 2631 catechumenorum,
563 2581 657 2638 neque
679 2561 889 2620 animadvertit
916 2580 1045 2620 errorem
1073 2560 1131 2619 nisi
1160 2580 1225 2620 curn
1253 2563 1314 2620 iam
1344 2563 1473 2622 unxisset

155 2645 272 2712 oculos;
301 2642 326 2701 si
349 2642 425 2701 redit
447 2642 483 2700 ad
515 2643 671 2701 ecclesiam
699 2643 784 2701 leuca
813 2641 988 2712 distantem,
1016 2640 1179 2717 periculum
1207 2647 1254 2701 est
1280 2661 1320 2701 ne
1341 2648 1472 2718 aegrotus

154 2724 272 2783 interim
293 2724 449 2782 moriatur:
472 2729 650 2799 quapropter
672 2722 768 2798 pergit
789 2721 819 2780 in
839 2721 985 2796 ungendis
1006 2721 1152 2780 sensibus.

243 2802 312 2862 Alia
333 2802 399 2861 vice
420 2803 520 2863 omisit
539 2808 659 2880 praeter
680 2802 848 2860 unctionem
875 2820 977 2859 renum
999 2801 1089 2859 etiam
1110 2801 1216 2878 pedum
1237 2801 1413 2873 unctiones,
1432 2802 1472 2860 rel

153 2885 309 2943 unctiones
331 2903 477 2951 manuum,
500 2883 530 2940 in
552 2884 688 2958 ungendo
705 2901 754 2940 ore
775 2881 873 2940 omisit
887 2881 1039 2940 verbulum
1065 2881 1289 2953 ,locutionem“,
1312 2882 1471 2960 incepitque

154 2965 338 3034 unctionem,
368 2983 433 3022 cum
455 2963 539 3020 finita
560 2963 618 3023 ianr
647 2963 773 3021 formula
802 2961 913 3020 diceret
937 2961 1067 3033 ,Amen‘
1091 2961 1134 3020 ita
1161 2966 1196 3020 ut
1216 2962 1349 3024 secunda
1372 2961 1471 3038 gemini

153 3065 260 3104 sensus
281 3044 381 3103 unctio
403 3045 487 3102 fieret
507 3045 562 3102 sub
590 3043 724 3101 silentio:
753 3042 828 3117 quod
856 3061 921 3099 eum
943 3041 1024 3100 videt
1051 3041 1127 3100 alter
1155 3042 1295 3102 sacerdos
1324 3043 1470 3108 assistens,

153 3125 221 3185 ilico
250 3125 400 3199 intingens
427 3123 564 3200 pollicem
596 3122 626 3180 in
654 3142 709 3181 vas
737 3142 760 3181 s.
790 3121 862 3192 olei,
895 3121 950 3179 has
977 3121 1133 3180 unctiones
1162 3141 1227 3181 cum
1255 3123 1319 3182 suis
1347 3122 1470 3183 formulis

153 3207 269 3283 repetit.

154 3320 331 3390 Quianrrua
353 3321 382 3377 1ο
403 3339 478 3394 quae
499 3318 540 3376 sit
560 3316 686 3376 materia
708 3321 738 3375 et
758 3316 853 3375 forma
875 3321 1026 3375 extremae
1048 3315 1204 3376 unctionis.

355 3421 384 3474 2ο
406 3416 473 3491 quid
496 3417 531 3474 de
553 3415 671 3474 casibus
693 3414 824 3474 Gisberti
846 3414 1034 3473 iudicandum
1057 3415 1105 3474 sit.

751 3597 885 3665 Solutio.

92 3765 144 3819 657
244 3740 297 3805 An
321 3759 512 3813 qunasrrun
545 3741 582 3801 1¹²¹
611 3737 650 3805 R.
686 3742 713 3804 1.
753 3738 894 3803 Materia
924 3741 1052 3803 remota
1084 3742 1136 3803 est
1168 3739 1274 3803 oleum
1309 3739 1470 3813 olivarum,

156 3828 289 3913 speciali
312 3826 536 3892 benedictione
561 3826 624 3891 olei
639 3827 839 3892 infirmorum
856 3827 1078 3892 benedictum:
1104 3827 1217 3908 quodsi
1234 3828 1360 3894 habeas
1377 3831 1471 3895 oleum

157 3917 381 3983 benedictione
406 3917 468 3981 olei
491 3916 795 3981 catechumenorum
821 3916 874 3980 vel
898 3916 1084 3982 chrismatis
1108 3917 1358 3983 consecratione
1388 3921 1472 3985 hene

156 4008 288 4083 dictum,
313 4007 452 4072 materia
476 4005 573 4070 dubia
596 4009 656 4070 est.

245 4096 356 4174 Quoad
393 4097 498 4160 oleum
532 4095 733 4158 infirmorum
768 4098 893 4159 certum
928 4093 1055 4175 quidem
1092 4099 1159 4170 est,
1197 4115 1239 4159 ex
1274 4095 1474 4178 delegatione

156 4186 278 4252 Summi
296 4185 461 4250 Pontificis
485 4184 689 4249 sacerdotem
709 4183 741 4247 in
758 4183 870 4248 ordine
887 4187 1015 4249 tantum
1032 4182 1248 4266 presbyterali
1265 4186 1473 4252 constitutum

119 4311 121 4314 ⁴
155 4275 233 4340 illud
259 4275 321 4341 rite
346 4274 537 4339 benedicere
560 4294 656 4356 posse
679 4309 723 4317 —
746 4279 846 4354 atque
874 4295 908 4336 re
939 4293 1035 4349 vera,
1066 4272 1214 4337 Ecclesia
1244 4276 1473 4349 consentiente,

156 4365 189 4429 in
213 4365 365 4428 orientali
389 4365 453 4428 ritu
477 4365 558 4428 haec
582 4361 764 4428 benedictio
788 4362 859 4427 fieri
881 4362 966 4428 solet
990 4384 1010 4427 a
1033 4363 1226 4445 presbytero
1250 4362 1284 4427 in
1308 4363 1383 4447 ipso
1408 4369 1474 4431 actu
1511 4363 1514 4369 ’

156 4454 352 4518 sacramenti
385 4451 635 4517 administrandi
670 4477 727 4527 —;
768 4472 882 4515 verum
917 4451 986 4516 sine
1018 4451 1076 4516 illa
1108 4450 1240 4534 speciali
1274 4452 1474 4536 delegatione

156 4543 338 4608 benedictio
363 4544 463 4606 solius
488 4541 672 4625 presbyteri
696 4562 736 4605 ne
761 4541 856 4606 dubie
874 4540 1002 4622 quidem
1021 4540 1163 4605 validam
1180 4539 1282 4606 efficit
1298 4545 1473 4618 materiam,
1510 4542 1513 4584 ἶ

156 4633 214 4697 sed
244 4632 399 4713 relinquit
429 4653 500 4696 eam
532 4640 612 4696 certo
645 4632 829 4696 ina-olidam.
878 4630 963 4694 Nam
992 4633 1030 4694 13
1056 4630 1124 4695 lan.
1152 4632 1235 4694 1611
1266 4635 1302 4696 et
1328 4636 1371 4699 14
1395 4634 1472 4716 Sept.
1508 4648 1512 4705 ,’
