3044 5174
491 293 606 347 Fructus
625 296 653 347 et
671 291 816 362 applicatio
835 291 943 346 missae.
1314 294 1377 358 113

60 462 171 527 missas
195 465 258 528 etc.
277 513 311 528 ..
336 468 458 530 totum:
492 463 554 527 100
578 461 695 526 missas
712 513 719 526 .
739 513 771 527 ..
804 460 1078 544 (detrahunturt
1108 459 1306 526 intentiones
1337 459 1378 523 li·

60 554 161 628 berae,
188 553 208 614 2
233 572 293 634 pro
316 551 454 628 fundat,
479 553 500 616 4
523 571 582 634 pro
607 549 737 631 benet).
770 551 854 614 Hinc
878 550 906 614 si
928 570 987 634 per
1010 569 1154 614 mensem
1179 551 1244 614 500
1260 549 1378 613 missas

58 639 209 706 ostiarius
233 640 397 723 acceperit
420 639 648 715 celebrandae,
679 643 807 704 restant
830 642 895 704 400
918 638 1036 703 missae
1060 660 1142 720 quas
1166 637 1378 702 celebrandas

10 739 14 760 '
58 728 232 795 committit
254 729 403 812 superior
425 729 526 794 variis
549 728 784 806 sacerdotibus,
809 728 886 810 quin
910 729 949 792 de
969 727 1203 793 intentionibus
1219 726 1258 791 iis
1274 727 1378 792 mani·

57 817 217 884 laetandis
241 822 342 883 curet.
361 871 367 884 .
387 871 419 886 ..

142 915 297 981 Iamvero
328 915 450 981 oratori
480 937 546 980 non
575 914 707 979 videtur
736 935 773 980 00
804 914 898 979 modo
928 913 1067 980 intentio
1091 914 1286 980 celebrantis
1310 913 1379 977 suf·

56 1004 204 1071 101000θο
237 1005 470 1081 determinata,
503 1004 588 1086 quod
611 1003 749 1086 singulis
773 1003 885 1069 diebus
915 1004 1036 1068 mensis
1059 1003 1167 1068 nullus
1191 1003 1379 1086 capellanus

55 1097 166 1177 potest
202 1092 310 1159 dicere
343 1117 436 1180 quam
471 1093 604 1158 missam
639 1092 801 1176 applicet;
839 1112 900 1158 neo
932 1093 1002 1176 ipse
1032 1092 1180 1176 superior
1208 1090 1241 1156 id
1271 1091 1379 1158 dicere

56 1183 161 1260 00100,
195 1203 269 1247 cum
299 1182 425 1249 nesciat
455 1202 519 1264 qua
542 1182 623 1248 hora
645 1182 781 1264 quisque
805 1181 993 1265 capellanus
1017 1181 1176 1260 celebret,
1208 1200 1313 1262 neque
1337 1202 1379 1247 an

44 1281 110 1355 'pro
134 1270 402 1338 benefactoribus
425 1277 483 1337 aut
500 1271 541 1336 ad
561 1271 773 1337 intentionem
790 1269 851 1335 sibi
868 1271 1014 1337 relictam
1041 1270 1102 1336 hac
1127 1270 1179 1336 die
1203 1270 1255 1335 vel
1281 1274 1380 1337 antea

57 1361 105 1426 rel
130 1365 250 1444 postea
275 1360 440 1426 celebrare
462 1360 636 1428 lutendat.
656 1413 662 1426 .
681 1364 706 1426 .“

143 1459 180 1522 S.
205 1458 462 1523 Pacoritcntiamo
486 1456 667 1524 (11071)οο.
694 1458 779 1523 1892
801 1456 970 1541 respondit
993 1477 1029 1522 re
1053 1460 1180 1523 mature
1204 1477 1379 1540 perpensa:

60 1546 264 1623 ,Dummodo
287 1546 394 1612 missis
416 1547 545 1629 integre
568 1547 710 1612 satisfiat
726 1546 813 1613 intra
829 1551 958 1630 tempus
980 1547 1022 1612 ab
1039 1545 1261 1612 ecclesiastica
1284 1547 1379 1629 praxi

57 1635 282 1720 praefinitum,
312 1657 372 1701 nec
401 1635 520 1701 missae
550 1635 760 1701 retardentur
789 1656 872 1717 quae
903 1635 944 1700 ad
975 1639 1098 1700 certam
1129 1634 1212 1699 diem
1245 1636 1297 1700 vel
1321 1656 1379 1719 pro

58 1725 189 1808 urgenti
212 1746 313 1791 causa
336 1726 526 1802 offeruntur,
551 1733 660 1790 orator
683 1726 888 1811 acquiescat.“
938 1727 1034 1790 Arioi.
1061 1726 1129 1790 eccl.
1154 1723 1195 1800 ll,
1220 1726 1272 1790 33.

143 1831 185 1898 R.
213 1834 243 1897 2.
280 1830 391 1907 Quoad
416 1834 550 1896 alterum
573 1853 682 1896 coeam
706 1852 747 1895 ex
772 1830 867 1895 dictis
898 1834 991 1914 patet
1018 1830 1147 1896 solutio.
1195 1829 1441 1896 81000010-201

10 1918 13 1969 i
60 1941 117 1986 nus
141 1924 225 1986 ante
247 1919 423 1985 secundam
440 1921 718 1987 consecrationem
737 1918 957 1985 essentialiter
971 1919 1152 2003 perfectam
1167 1918 1381 1985 intentionem

59 2008 246 2093 applicandi
278 2009 434 2088 mutavit,
466 2008 547 2074 haec
580 2008 696 2075 ultima
725 2008 863 2074 intentio
893 2008 1004 2075 valida
1035 2013 1108 2075 erat
1137 2008 1245 2091 quoad
1275 2008 1380 2092 appli-

59 2098 221 2164 cationem
256 2096 382 2165 fructus
417 2097 648 2164 ministerialis.
703 2097 853 2163 Ceterum
889 2097 917 2162 si
955 2098 1083 2179 quando
1114 2118 1157 2162 ex
1191 2096 1292 2162 variis
1324 2118 1380 2162 ra·

60 2186 201 2253 tionibus
236 2186 368 2252 dubium
405 2187 579 2264 manserit,
616 2191 691 2253 utra
724 2208 766 2252 ex
801 2187 925 2252 duabus
960 2187 1195 2253 intentionibus
1227 2187 1379 2264 valuerit,

59 2276 153 2342 100110
184 2296 240 2341 000
269 2275 317 2341 ita
347 2275 539 2359 expedietur
571 2280 608 2342 ut
636 2276 786 2358 sequenti
810 2276 861 2341 die
891 2276 1044 2341 sacerdos
1075 2276 1218 2359 00011000
1241 2296 1300 2359 pro
1324 2275 1381 2341 illa

59 2387 97 2430 ex
120 2366 251 2431 duabus
273 2364 524 2442 intentionibus,
549 2386 608 2448 pro
632 2386 696 2448 qua
720 2367 807 2430 Deus
831 2365 915 2430 sciat
942 2386 978 2430 se
1002 2365 1143 2430 nondum
1166 2363 1379 2431 satisfecisse.

59 2454 135 2520 Cum
161 2454 249 2520 enim
273 2474 332 2539 pro
356 2455 517 2520 alterutra
540 2460 628 2521 certe
652 2454 716 2518 iam
741 2454 952 2530 satisfecerit,
976 2453 1072 2536 idque
1096 2455 1165 2519 Deo
1189 2459 1302 2520 notum
1325 2453 1379 2532 sit,

10 2533 15 2553 '
59 2544 118 2610 etsi
143 2543 295 2626 ignotum
325 2542 370 2608 sit
399 2541 595 2620 celebranti,
626 2548 702 2626 post
734 2544 934 2609 celebratum
965 2543 1104 2608 alterum
1135 2563 1265 2608 sacrum
1288 2547 1379 2609 certo

58 2633 188 2715 utrique
213 2631 386 2699 intentioni
411 2636 509 2715 atque
533 2632 662 2714 utrique
686 2632 877 2714 obligationi
901 2632 1107 2698 satisfactum
1132 2631 1204 2698 erit.

391 2886 394 2894 .
448 2831 728 2898 CELEBRANDI
751 2833 997 2903 OBLIGATIO.

638 2999 747 3065 Casus.
768 3008 824 3074 (56)

145 3138 301 3200 conradus
323 3138 475 3214 professor
494 3137 640 3215 publicus,
661 3158 699 3197 00
720 3145 836 3216 tempus
858 3139 996 3199 detrahat
1017 3140 1123 3199 studiis
1142 3146 1172 3199 et
1194 3140 1380 3212 lectionibus,

55 3221 128 3280 00110
150 3221 284 3278 celebrat
314 3218 416 3277 diebus
438 3218 609 3291 dominicis,
636 3218 722 3295 idque
745 3240 856 3279 summo
877 3240 963 3279 mane
984 3221 1015 3279 in
1044 3221 1154 3280 sacello
1176 3221 1307 3297 privato,
1336 3222 1379 3281 ita

55 3307 87 3361 ut
108 3300 189 3378 apud
210 3299 347 3375 populum
369 3297 481 3357 excitat
502 3300 741 3371 admirationem,
771 3320 806 3359 eo
834 3301 910 3376 quod
938 3320 1095 3376 numquam
1124 3302 1206 3359 visus
1235 3302 1274 3359 sit
1303 3303 1377 3361 cale·

55 3383 152 3440 brare.
195 3379 288 3437 Immo
310 3379 395 3455 lapsu
417 3380 558 3455 temporis
580 3380 727 3456 scrupulis
748 3380 926 3449 involvitur,
957 3400 1014 3456 quo
1035 3382 1069 3439 fit
1097 3386 1129 3439 ut
1151 3381 1379 3442 celebrationem

55 3481 108 3538 pro
131 3459 272 3535 graviore
294 3477 382 3518 onere
403 3458 512 3518 habeat
534 3465 621 3535 atque
652 3461 714 3519 0010
745 3462 822 3520 festo
844 3461 996 3537 paschatis
1025 3461 1062 3520 ad
1083 3461 1236 3520 dicendam
1259 3462 1379 3523 missam

55 3560 88 3602 ee
110 3539 259 3615 accingat.

56 3655 237 3727 00000000
259 3656 288 3714 1⁰
309 3673 383 3730 quae
405 3655 445 3713 sit
467 3655 634 3714 celebrandi
655 3655 796 3731 obligatio
819 3676 856 3714 ex
878 3655 1044 3715 sacerdotio
1065 3664 1227 3733 assumpto.

259 3754 289 3812 2⁰
311 3753 379 3829 quid
401 3753 436 3812 de
458 3753 590 3814 Conrado
611 3753 795 3813 iudicandum
818 3754 866 3813 ait.

653 3946 787 4012 Salutio.

148 4087 202 4152 Au
225 4091 471 4162 0000010001111
495 4087 523 4151 R
547 4091 574 4154 1.
622 4088 753 4153 Certum
776 4093 828 4154 est
850 4088 1054 4153 sacerdotem
1077 4089 1147 4155 sine
1170 4089 1256 4155 iusta
1281 4094 1443 4155 canaa202

55 4177 112 4242 diu
134 4198 201 4241 non
225 4176 443 4241 celebrantem
475 4197 516 4241 ex
551 4176 611 4241 hoc
641 4178 711 4242 solo
742 4198 805 4242 non
836 4182 925 4242 recte
955 4198 1055 4258 agere
1086 4179 1170 4259 quod
1201 4179 1335 4244 talentis
1360 4201 1379 4244 a

56 4267 127 4331 Deo
159 4264 247 4332 datis
277 4286 341 4330 non
372 4269 486 4330 utatur
507 4265 656 4332 fideliter.
704 4267 755 4332 Ad
785 4268 846 4332 hcc
876 4265 962 4331 eninr
993 4267 1202 4333 constituitur
1226 4268 1379 4333 sacerdos

56 4354 195 4438 quilibet
218 4358 256 4419 ut
279 4355 397 4419 offerat
419 4355 622 4421 sacrificium.

146 4461 186 4527 R.
213 4463 242 4526 2.
289 4460 421 4525 Seclusa
445 4465 554 4526 tamen
585 4460 650 4526 alia
680 4461 877 4543 obligatione
901 4461 971 4527 sive
995 4483 1036 4527 ex
1059 4462 1220 4545 stipendio
1245 4467 1379 4546 accepto
1471 4501 1476 4511 ·

55 4551 126 4616 sive
151 4571 194 4615 ex
219 4570 299 4615 cura
322 4549 502 4615 animarum
527 4555 705 4634 assumpta,
730 4551 825 4615 valde
843 4551 1017 4616 difficulter
1033 4551 1270 4617 determinatur
1289 4574 1379 4617 men-

55 4662 133 4706 sura
157 4638 386 4721 obligationis:
417 4639 490 4704 aliis
514 4641 704 4722 putantibus
728 4661 791 4704 non
817 4645 968 4705 constare
999 4640 1039 4704 de
1062 4641 1156 4722 gravi
1180 4641 1379 4722 obligatione

107 4749 282 4796 Lebmkulrl,
296 4751 368 4792 Casus
382 4750 542 4793 conscientiae.
565 4751 591 4791 11.
1155 4745 1171 4798 8
