3044 5174
141 274 206 338 202
591 270 797 326 Sacramentum
816 270 1008 340 paenitentiae.

139 446 254 512 iuriam
279 446 441 512 commisit
470 445 628 510 invadens
658 445 800 511 alienum
832 450 1012 524 secretum,
1044 445 1203 528 huiusque
1232 444 1353 512 secreti
1376 467 1464 523 usus,

139 538 245 602 altero
277 539 431 602 manente
463 534 611 618 graviter
641 535 765 612 invito,
799 534 914 617 quovis
946 555 1024 601 casu
1057 556 1177 600 novum
1210 541 1383 618 peccatum
1415 539 1467 601 est

138 623 328 691 iniustitiae.

344 815 580 882 CONFESSIO
610 815 800 881 SINGERA
828 817 884 881 ET
914 816 1257 902 FRAUDULENTA.

703 981 812 1050 Casus.
832 989 908 1057 (101)

229 1131 388 1190 Medardus
409 1150 503 1207 caupo
525 1135 647 1189 accusat
668 1151 700 1189 se
722 1131 797 1206 quod
819 1131 971 1191 liberiores
988 1132 1111 1191 choreas
1126 1130 1275 1192 ducendas
1295 1133 1463 1210 permiserit

139 1216 169 1270 et
183 1209 362 1288 spectaculis
376 1205 487 1287 parum'
494 1210 628 1269 honestis
643 1210 827 1270 interfuerit:
849 1232 880 1270 ra
895 1213 961 1288 ipsa
975 1212 1005 1270 id
1019 1212 1170 1271 acciderat
1184 1218 1317 1290 temporo
1332 1212 1462 1283 Quadra·

139 1292 286 1367 gesimae,
315 1297 345 1350 et
373 1292 545 1367 spectacula
572 1291 709 1350 instituta
737 1297 822 1349 eraut
841 1291 908 1369 ipsa
929 1292 1017 1351 Faria
1038 1293 1080 1351 VI
1108 1291 1139 1350 in
1160 1292 1338 1353 Parasceve.
1381 1293 1462 1354 (lom-

138 1373 220 1431 misit
242 1371 331 1430 etiam
353 1371 543 1441 adulterium3
570 1371 639 1442 sed,
667 1390 704 1429 ne
726 1371 858 1447 apertius
879 1373 910 1431 id
930 1372 1114 1432 confessario
1136 1372 1192 1431 sibi
1213 1378 1284 1432 noto
1306 1372 1463 1441 indicaret,

138 1461 207 1529 post
228 1452 287 1511 alia
307 1457 432 1528 peccata
452 1451 584 1510 indicata
605 1450 677 1509 dicit
698 1470 731 1511 se
745 1451 823 1510 velle
844 1452 881 1510 ad
903 1453 992 1511 animi
1008 1454 1055 1512 sui
1069 1453 1259 1512 securitatem
1274 1454 1366 1512 etiam
1380 1473 1462 1531 prae-

139 1533 227 1609 cipua
247 1536 372 1609 peccata
392 1533 424 1590 in
445 1531 546 1591 ultimo
569 1531 711 1590 decennio
733 1532 890 1591 commissa
911 1532 1076 1604 includere,
1098 1552 1153 1603 ne,
1175 1533 1292 1608 siquid
1313 1533 1393 1594 forte
1414 1554 1461 1594 ex-

139 1613 252 1684 ciderit,
267 1617 388 1671 maneat
403 1611 586 1676 conscientia
601 1618 740 1671 onerata:
762 1611 840 1670 inter
855 1612 967 1688 aliquot
981 1613 1040 1672 alia
1054 1619 1157 1672 narrat
1171 1613 1261 1672 etiam
1275 1613 1462 1674 adulterium.

228 1700 416 1772 Meinradua,
444 1700 494 1776 qui
515 1719 580 1758 cum
603 1706 685 1759 certa
706 1720 834 1777 persona
855 1702 974 1777 saepius
995 1701 1148 1778 peccavit,
1169 1701 1373 1777 interrogatus
1394 1723 1461 1762 num

137 1782 167 1841 id
188 1781 219 1840 iu
239 1781 307 1840 aliis
328 1780 564 1840 confessionibus
586 1781 676 1838 etiam
696 1780 856 1851 acciderit,
878 1788 977 1856 negat.
1018 1781 1062 1840 Re
1082 1781 1148 1858 ipsa
1169 1800 1188 1840 a
1208 1781 1337 1842 triennio
1358 1784 1460 1860 lapsus

137 1882 197 1921 non
218 1866 299 1933 erat3
321 1861 373 1920 sed
394 1866 492 1931 antea,
514 1879 580 1919 cum
601 1861 632 1918 in
646 1860 751 1919 iisdem
766 1860 997 1920 circumstantiis
1012 1866 1101 1932 esset,
1124 1867 1156 1920 ut
1177 1880 1264 1932 nuno,
1287 1864 1460 1940 perplures

138 1962 232 2001 annos
253 1942 352 2001 fuerat
373 1939 649 2000 consuetudinarius
671 1947 701 1998 et
721 1941 878 2000 recidivus.

226 2030 441 2100 Meinwardus,
470 2030 606 2105 quicum
628 2029 726 2106 puella
754 2029 785 2087 in
807 2030 907 2088 eadem
930 2048 1029 2088 secum
1052 2030 1136 2089 domo
1164 2030 1320 2090 habitante
1342 2031 1459 2110 saepius

137 2111 283 2188 peccavit,
305 2114 373 2187 post
393 2109 614 2169 accusationem
635 2116 786 2185 peractam
808 2110 843 2168 de
858 2111 992 2186 proxima
1006 2110 1163 2169 occasione
1177 2110 1380 2186 interrogatus
1398 2130 1459 2172 eam

136 2196 242 2266 negat,
271 2209 337 2250 cum
359 2190 491 2249 audisset
517 2190 645 2266 puellam
673 2190 754 2248 illam
774 2197 842 2266 post
863 2189 1012 2250 trimestre
1040 2190 1156 2248 domum
1183 2191 1355 2250 relicturam
1387 2212 1458 2262 esse,

137 2271 255 2330 interim
276 2290 347 2329 vero
368 2271 432 2346 ipse
453 2269 658 2346 proposuisset
678 2289 835 2346 numquam
857 2269 983 2346 amplius
1005 2271 1086 2329 solus
1108 2289 1173 2329 cum
1194 2271 1258 2330 sola
1279 2272 1458 2332 conversari.

137 2383 314 2452 Qunamroa
336 2386 365 2442 1ο
387 2384 520 2443 defectus
542 2383 723 2443 sinceritatis
744 2384 774 2443 in
797 2385 984 2444 confessione
1006 2383 1091 2461 quale
1113 2384 1153 2444 sit
1173 2391 1338 2461 peccatum.

333 2483 363 2540 2⁰
384 2481 452 2557 quid
474 2482 509 2541 de
530 2481 655 2556 singulis
677 2482 795 2541 casibus
816 2482 1010 2541 iudicandum.

731 2673 867 2740 Salutio.

75 2832 127 2886 345
227 2815 279 2879 Ao
310 2835 501 2890 ouansmou
536 2819 572 2878 1¹¹¹
600 2816 638 2883 R.
667 2818 694 2880 l.
742 2816 898 2881 Defectus
928 2816 1128 2883 sinceritatis
1158 2815 1319 2883 committi
1349 2821 1457 2900 potest

136 2902 340 2968 mendacium
363 2903 557 2987 proferendo
581 2908 615 2969 et
639 2904 797 2970 committi
828 2909 938 2988 potest
961 2904 1100 2971 tacendo
1124 2905 1300 2970 veritatem
1324 2907 1380 2971 vel
1404 2906 1456 2970 de·

137 2993 287 3058 elinando
310 3013 511 3076 responsum.
552 2992 588 3056 ln
612 2993 792 3076 posteriore
816 3015 894 3059 casu
917 2994 1048 3077 proprie
1071 2998 1141 3061 tum
1164 2999 1293 3059 tantum
1319 3000 1372 3060 est
1394 2995 1457 3060 sin·

136 3082 283 3148 caritatis
307 3083 464 3157 defectus,
490 3082 618 3164 quando
642 3083 888 3166 supprimuntur
911 3104 951 3148 ea
974 3104 1058 3165 quae
1074 3084 1128 3148 vel
1151 3083 1324 3166 paenitens
1347 3084 1389 3149 de
1413 3104 1456 3158 se,

136 3172 236 3236 etiam
260 3193 323 3236 non
347 3177 493 3255 rogatus,
519 3171 687 3236 declarare
711 3172 817 3249 debet,
842 3172 897 3237 vel
919 3172 961 3237 ad
985 3193 1068 3254 quae
1090 3172 1325 3254 interroganda
1347 3176 1383 3238 et
1406 3194 1457 3238 co·

136 3261 323 3342 gnoscenda
352 3262 567 3344 confessorias
597 3264 648 3326 ius
677 3261 777 3326 labet.
824 3261 944 3337 Quodsi
974 3261 1076 3342 igitur
1098 3261 1132 3325 in
1154 3281 1190 3324 re
1214 3261 1311 3343 gravi
1340 3261 1458 3327 falsum

137 3350 277 3416 scienter
300 3350 419 3416 dicitur
443 3351 495 3413 vel
519 3371 633 3414 verum
656 3349 884 3432 supprimitur,
916 3370 1020 3432 grave
1050 3349 1265 3416 committitur
1295 3350 1456 3434 sacrilegii

136 3442 317 3521 peccatum.

225 3545 263 3608 R.
290 3548 319 3610 2.
352 3545 404 3610 Ec
427 3566 491 3609 sese
514 3544 685 3627 paenitens
708 3546 768 3610 sub
793 3545 887 3627 gravi
904 3544 1002 3612 fateri
1026 3545 1124 3611 debet
1147 3544 1256 3610 omnia
1272 3548 1307 3610 et
1330 3546 1458 3628 singula

136 3638 273 3716 peccata
303 3633 457 3699 mortalia
487 3634 662 3698 secundum
698 3634 838 3717 speciem
872 3640 906 3699 et
942 3654 1120 3700 numerum.
1174 3633 1281 3711 Quare
1312 3636 1460 3716 graviter

135 3728 252 3806 peccat
275 3722 328 3805 qui
355 3724 388 3803 1)
411 3743 514 3803 grave
537 3727 707 3806 peccatum
732 3724 816 3788 falso
839 3723 900 3789 sibi
930 3723 1081 3806 imponit,
1113 3724 1147 3805 2)
1171 3723 1226 3806 qui
1250 3725 1457 3790 commissum

135 3813 272 3877 necdum
297 3811 421 3877 directe
444 3811 616 3876 remissum
639 3812 772 3890 reticet,
804 3813 865 3877 nisi
889 3812 976 3878 forte
999 3816 1210 3877 excusantem
1243 3833 1378 3879 causam
1402 3814 1458 3879 ha-

135 3902 222 3979 beat,
248 3902 282 3984 3)
306 3902 360 3983 qui
384 3900 535 3967 similiter
557 3900 675 3967 reticet
698 3902 962 3968 circumstantias
985 3901 1127 3984 speciem
1152 3906 1329 3968 mutantes.

225 4008 263 4074 R.
289 4011 319 4074 3.
365 4008 583 4093 interropotus
606 4009 665 4071 sub
689 4008 784 4090 gravi
807 4009 905 4075 fateri
930 4009 1044 4073 debet:
1074 4008 1253 4091 relapsum,
1285 4015 1459 4076 consuetu·

137 4097 254 4171 dinem,
280 4096 484 4162 occasionem
508 4097 709 4180 proximam,
735 4097 997 4163 circumstantias
1021 4101 1245 4178 aggravantes
1269 4118 1354 4180 quae
1377 4098 1460 4163 iudi-

136 4187 220 4252 cium
244 4185 435 4252 confessarii
459 4186 649 4251 notabiliter
672 4191 810 4253 mutant.
844 4186 951 4264 Quare
975 4186 1028 4268 qui
1052 4186 1085 4251 in
1102 4186 1152 4251 his
1169 4186 1253 4251 falso
1272 4188 1459 4271 respondet,

135 4276 283 4357 graviter
306 4279 431 4359 peccat,
455 4275 594 4340 simodo
618 4276 725 4358 quoad
750 4277 1027 4351 consuetudinem,
1052 4277 1227 4358 relapsum,
1252 4277 1458 4342 occasionem

135 4386 242 4429 sermo
266 4370 317 4431 est
340 4365 380 4428 de
404 4364 705 4440 consuetudinario,
735 4365 895 4442 reoidiVO,
921 4365 1141 4430 occasionario
1165 4386 1260 4429 sensu
1283 4367 1458 4451 theolopico.

135 4453 182 4519 cf.
213 4455 267 4520 lb.
292 4477 332 4522 m.
358 4454 406 4529 II,
436 4455 510 4518 308.
536 4456 610 4518 313.
660 4454 730 4517 Huc
760 4455 902 4520 refertur
931 4455 1034 4520 thesis
1065 4455 1106 4518 ab
1130 4455 1265 4520 Innoc.
1291 4454 1337 4518 XI
1368 4456 1459 4521 dam-

135 4547 216 4607 nata
244 4543 315 4625 (58)
343 4542 435 4620 ,Non
466 4547 616 4608 tenemur
644 4543 844 4608 confessario
875 4543 1093 4625 interroganti
1122 4542 1223 4608 fateri
1246 4544 1376 4626 peccati
1401 4545 1459 4610 ali·

136 4632 227 4697 cuius
250 4631 545 4697 consuetudinem.“
