3044 5174
151 229 192 294 88
666 226 706 280 Dc
725 242 762 280 ss.
782 226 954 281 eucharistia.

151 408 321 488 peccatum
337 424 402 468 non
418 403 628 481 commisisse,
652 403 714 469 etsi
738 402 875 481 dubitet,
900 402 961 468 dici
985 403 1099 485 nequit
1114 423 1187 469 esse
1210 404 1339 488 peccati
1362 405 1472 487 gravis

150 492 211 558 sibi
227 492 392 570 conscius3
416 514 456 558 ac
476 493 569 576 proin
584 513 649 558 non
665 492 839 576 privatur
830 514 901 558 rure
917 514 976 557 suo
991 493 1169 559 sumendae
1183 514 1227 559 ss.
1244 494 1471 560 eucharistiae.

151 582 325 648 Vcrnms1
355 581 389 646 ιιι
418 581 571 665 prudenti
545 581 697 648 tdubio
720 581 813 646 vel
804 582 866 666 rpsi
896 581 1059 648 sacerdoti
1032 582 1218 648 tomnino
1240 583 1472 648 consulendum

150 676 202 737 est
224 678 262 738 ut
285 671 489 748 confiteatur,
512 671 603 736 idt
569 671 668 736 etiam
685 670 790 753 magis
806 670 928 737 νιιιι
882 676 952 737 t1n
975 670 1104 736 homine
1127 671 1210 736 laico
1227 671 1293 737 et
1283 692 1318 736 ιιι
1342 671 1471 748 femina,

150 760 246 826 modo
276 781 318 825 ne
348 760 392 826 sit
421 761 622 844 scrupulosa.
674 758 896 827 Mechtildis
888 760 989 842 igitur
1018 754 1183 826 laudanda
1211 781 1277 826 non
1308 766 1361 828 est
1390 763 1472 845 quod

150 851 307 934 pudorem
329 849 428 914 istum
452 870 516 914 non
532 849 664 926 vicerit;
690 870 896 932 quamquam,
920 849 949 913 si
970 849 1068 915 laxae
1092 849 1312 916 conscientiae
1332 871 1399 916 non
1415 855 1471 925 est,

151 939 305 1022 quamdiu
334 938 526 1041 prudentem
556 938 716 1004 rationem
746 959 805 1022 pro
832 959 868 1003 se
898 938 1027 1017 habuit,
1059 959 1124 1003 non
1148 939 1396 1005 condemnanda
1424 946 1472 1006 est

150 1027 314 1110 sacrilegii
337 1027 510 1093 commissi.

91 1131 141 1185 156
239 1125 278 1191 R
303 1129 334 1190 4.
370 1125 434 1190 Sed
456 1129 564 1191 status
588 1109 876 1206 quaestiouisiam
900 1124 983 1189 alius
1006 1127 1052 1203 fit,
1078 1146 1150 1190 cum
1172 1124 1206 1190 in
1223 1146 1364 1191 ¹scamno
1389 1146 1471 1191 com·

151 1215 384 1280 municantium
414 1215 589 1297 genuflexa
616 1214 784 1279 moraliter
814 1216 905 1279 certa
934 1215 972 1279 fit
1002 1214 1114 1295 gravis
1144 1215 1270 1297 peccati
1300 1214 1471 1280 commissi.

151 1305 203 1368 Ex
234 1325 312 1368 casu
340 1308 475 1369 narrato
506 1325 598 1368 sumo
627 1303 835 1368 Mechtildern
865 1303 1000 1367 timorat
987 1307 1041 1367 tae
1070 1324 1143 1368 esse
1174 1302 1411 1381 conscientiae,
1441 1309 1472 1369 ιι

152 1413 189 1457 ιο
213 1413 316 1473 usque
339 1412 410 1457 eam
436 1392 561 1457 sincere
585 1399 618 1458 et
641 1392 727 1457 hona
750 1391 949 1457 conscientia
971 1392 1179 1475 processisse.
1216 1392 1376 1476 utigitur
1391 1414 1472 1457 nunc

47 1534 50 1540 .
150 1481 338 1547 immediate
361 1486 439 1546 ante
462 1503 504 1546 se.
530 1481 761 1548 eucharistiam
784 1480 1022 1564 suscipiendam
1045 1481 1198 1546 iudicium
1221 1484 1339 1559 mutat,
1363 1486 1472 1547 tamen

152 1571 313 1636 ordinarie
346 1569 409 1635 erit
440 1570 473 1634 in
507 1570 621 1635 morali
653 1569 916 1653 impossibilitate
947 1569 1117 1635 recedendi
1151 1592 1208 1636 seu
1239 1570 1426 1636 abstinendi
1454 1592 1473 1635 a

151 1681 176 1725 s,
202 1658 426 1724 communione
449 1660 571 1741 absque
594 1660 688 1741 gravi
712 1660 820 1724 famae
842 1659 986 1743 periculo
1009 1660 1062 1724 vel
1086 1658 1218 1743 pudore.
1265 1659 1353 1725 Hinc
1376 1681 1472 1743 agere

151 1749 181 1813 ιι
204 1749 297 1825 licet,
329 1747 415 1814 sicut
442 1747 482 1813 iis
511 1748 589 1815 licet
619 1749 673 1830 qui
704 1753 780 1814 suut
809 1748 842 1812 in
867 1748 1062 1813 necessitate
1087 1748 1346 1815 communicandi
1370 1770 1472 1831 neque

151 1838 184 1902 in
216 1836 434 1921 possibilitate
466 1838 656 1915 confitendi,
692 1837 711 1903 i.
744 1858 771 1902 e.
806 1837 922 1902 elicere
957 1837 1069 1916 debet,
1106 1841 1264 1924 quantum
1296 1844 1410 1922 potest
1441 1839 1472 1904 in

151 1926 321 2009 angustiis,
338 1929 448 1991 actum
462 1926 631 2010 perfectae
648 1926 797 1992 caritatis
813 1932 847 1992 et
863 1926 1081 2000 contritionis;
1105 1948 1211 2009 neque
1225 1931 1297 1992 tum
1314 1928 1472 2010 sacrilege

152 2016 208 2081 scd
232 2016 399 2083 fructuose
423 2015 559 2099 recipiet
581 2018 832 2082 sacramentum.

150 2234 152 2239 ¹
189 2208 428 2275 DISPOSITIO
452 2208 627 2273 ANIMAE
651 2207 711 2273 AD
734 2208 766 2274 S.
788 2207 1120 2273 COMMUNIONEM
1142 2207 1198 2272 ET
1219 2207 1438 2274 CELEBRA-

720 2322 899 2389 TIONEM.

705 2479 815 2545 Casus.
834 2487 892 2553 (45)

241 2619 383 2695 Serapion
405 2618 552 2695 parochus
573 2619 603 2676 in
625 2618 777 2677 audiendis
799 2617 1033 2677 confessionibus
1054 2618 1118 2694 ipse
1139 2618 1225 2692 gravi
1245 2624 1331 2676 reatu
1354 2639 1387 2678 se
1408 2640 1470 2679 con·

152 2699 323 2769 taminavit3
346 2704 449 2775 postea
471 2699 672 2757 celebraturus
688 2705 735 2757 cst
756 2699 801 2756 die
817 2699 970 2757 Dominico
992 2718 1044 2774 pro
1066 2699 1174 2775 populo
1196 2698 1254 2757 iam
1276 2704 1391 2759 coacto.
1420 2700 1471 2759 Ca·

152 2781 300 2857 pellanum
321 2780 457 2838 iuvenem
478 2798 530 2854 pro
553 2779 739 2838 confessione
761 2779 842 2837 adire
863 2798 922 2837 non
937 2778 1040 2849 audet;
1063 2777 1114 2836 sed
1135 2777 1241 2854 incipit
1255 2797 1384 2850 sacrum,
1407 2779 1471 2839 dum

152 2865 221 2917 ante
250 2859 420 2918 concionem
448 2877 536 2934 quam
565 2859 720 2917 habiturus
742 2865 789 2917 est
809 2859 948 2917 sacerdos
977 2864 1138 2916 extraneus
1159 2857 1319 2930 invitatus,
1350 2861 1471 2932 abhoc,

152 2940 281 2998 breviter
301 2938 430 2997 indicato
452 2938 537 3014 gravi
558 2943 690 3016 peccato.
713 2939 788 3014 petit
809 2938 1054 2997 sacramentalem
1076 2939 1301 2998 absolutionem.

242 3019 311 3078 Alia
332 3019 407 3088 vice,
431 3038 495 3077 cum
518 3019 596 3078 infra
617 3018 830 3078 hebdomadam
852 3020 954 3094 lapsus
975 3024 1064 3090 esset,
1087 3019 1196 3092 gaudet
1210 3019 1287 3093 quod
1301 3021 1473 3095 capellanus

153 3099 246 3170 absit;
275 3099 413 3175 paroecia
441 3100 556 3174 quidem
577 3099 676 3157 vicina
704 3099 800 3157 media
822 3099 939 3157 circiter
959 3100 1045 3156 leuca
1071 3098 1178 3168 distat;
1207 3118 1310 3157 verum
1340 3119 1400 3158 uon
1429 3106 1473 3158 est

152 3181 278 3255 amplius
299 3180 386 3238 unius
408 3181 499 3238 horae
520 3180 647 3256 spatium
669 3199 761 3254 usque
782 3179 819 3236 ad
842 3184 1013 3237 consuetum
1028 3178 1137 3237 missae
1158 3183 1283 3254 tempus,
1307 3199 1395 3254 quam
1416 3200 1472 3239 non

153 3260 332 3318 celebratum
360 3259 397 3317 iri
425 3260 597 3335 parochiani
627 3260 761 3317 nonnihil
783 3279 871 3334 aegre
900 3259 989 3317 laturi
1017 3265 1101 3317 sunt:
1130 3277 1221 3335 quare
1242 3259 1387 3336 Serapion
1410 3280 1473 3319 con·

153 3345 236 3398 sueto
257 3345 388 3415 tempore
410 3340 612 3399 celebraturus
635 3339 757 3399 accedit.

153 3452 344 3523 qusarrua:
367 3458 487 3512 rectene
509 3454 651 3530 Serapion
674 3473 740 3511 sese
763 3453 909 3527 angustiis
932 3453 994 3510 suis
1016 3452 1207 3529 expediverit.

746 3635 880 3703 Salutio.

93 3790 141 3842 157
242 3779 293 3842 Ao
324 3798 514 3853 ouaasrruu
541 3778 580 3843 R.
609 3781 635 3842 l.
682 3778 719 3841 In
746 3781 852 3862 primo
882 3799 959 3842 casu
990 3776 1106 3842 aderat
1136 3778 1264 3860 quidem
1295 3780 1474 3846 necessitas

153 3867 354 3944 celebrandi,
395 3888 468 3931 cum
503 3871 657 3949 ageretur
695 3867 734 3930 dc
770 3866 821 3930 die
856 3871 1030 3948 praecepto
1067 3889 1129 3948 quo
1164 3867 1326 3950 parochus
1361 3890 1475 3935 curare

154 3957 292 4022 debebat
316 3977 356 4020 ne
379 3978 456 4039 pars
479 3956 589 4039 populi
613 3955 713 4019 missa
736 3955 938 4038 privaretur:
964 3955 1075 4034 immo,
1101 3957 1128 4020 si
1152 3961 1298 4040 poterat,
1323 3957 1395 4041 ipse
1418 3981 1475 4043 pro

152 4047 271 4130 populo
294 4045 427 4110 missam
451 4045 590 4111 debebat
614 4045 788 4129 applicare.
836 4046 898 4110 Sed
923 4066 986 4108 non
1018 4046 1132 4112 deerat
1156 4046 1248 4129 copia
1272 4046 1474 4113 confessarii.

152 4136 241 4217 Ergo
266 4135 422 4218 Serapion
452 4140 628 4201 excusatus
658 4155 722 4198 non
752 4139 825 4199 erat
849 4155 868 4198 a
891 4134 1133 4216 praemittenda
1163 4135 1368 4201 confessione
1398 4141 1475 4203 ante

153 4246 297 4300 sacrum,
329 4224 391 4289 etsi
422 4224 569 4289 debuerit
592 4222 738 4288 confiteri
763 4225 848 4305 apud
879 4224 1027 4286 iuvenem
1052 4224 1265 4306 capellanum.
1314 4225 1400 4292 Sunt
1423 4226 1476 4308 qui

152 4315 184 4377 in
209 4313 427 4395 singularibus
443 4313 705 4388 circumstantiis,
731 4312 859 4393 quando
876 4312 1156 4377 extraordinariae
1171 4313 1317 4378 rationes
1332 4315 1476 4381 militant

154 4407 269 4467 contra
292 4401 543 4467 determinatum
568 4401 802 4465 confessarium
825 4406 1042 4484 praesentem,
1067 4401 1152 4466 hanc
1175 4403 1318 4467 habeant
1342 4425 1476 4470 causam

154 4496 365 4557 excusantem
389 4492 505 4572 alege
536 4489 764 4555 confessionis:
796 4491 882 4570 quod
912 4512 970 4574 per
994 4491 1122 4555 modum
1154 4491 1357 4574 exceptionis
1381 4514 1476 4559 rarae

154 4602 226 4645 esse
244 4602 337 4664 posse
360 4602 422 4645 non
448 4580 552 4644 audeo
575 4600 707 4661 negare.
