3044 5174
141 257 207 322 472
609 249 815 304 Sacramentum
833 247 1006 303 matrimonii.

230 429 271 496 R.
295 431 326 494 4.
373 426 549 494 Promissio
572 431 747 512 parentum
776 447 836 511 pro
860 424 934 490 liliis
957 424 1136 490 minoribus
1165 423 1391 509 praesumitur
1411 446 1468 509 pro

142 517 230 585 veris
253 518 477 603 sponsalibus,
501 517 564 582 nisi
586 517 673 582 filius
696 515 862 592 sentilla,
887 535 960 580 cum
983 513 1124 598 primum
1146 514 1272 581 factum
1296 519 1468 597 parentum

142 606 367 691 cognoverint,
391 627 433 671 ex
456 627 517 671 sua
539 610 635 689 parte
658 604 928 672 contradixerint.
974 603 1128 670 Rosset
1149 603 1192 670 ib.
1217 625 1249 670 1.
1275 605 1353 670 829.

231 723 270 790 R..
296 725 326 789 5.
374 719 550 786 Promissio
573 721 673 786 debet
695 740 769 786 esse
791 718 932 784 indubiis
955 717 1065 783 verbis
1088 717 1143 783 vel
1165 719 1269 801 signis
1292 720 1400 795 facta,
1423 718 1469 787 ita

144 811 238 879 utin
261 811 358 876 dubio
382 809 537 876 standum
559 809 604 877 sit
626 830 686 894 pro
709 809 865 875 libertate
888 829 946 873 seu
969 829 1029 891 pro
1059 827 1124 873 non
1147 812 1320 875 contracta
1344 807 1468 890 obliga·

144 901 232 967 tione
254 899 465 984 sponsalium.
497 899 535 963 ln
557 899 814 984 interpretandis
830 897 932 978 signis
947 896 1089 962 videnda
1105 901 1157 964 est
1178 897 1241 963 loci
1257 897 1468 963 consuetudo.

81 1029 134 1085 819
232 1017 272 1084 lt.
290 1019 320 1082 6.
352 1015 432 1082 Cum
455 1017 549 1082 bonis
571 1016 716 1081 moribus
738 1018 900 1099 repugnet
923 1015 1090 1098 quaelibet
1111 1015 1145 1079 in
1168 1016 1366 1083 assumendo
1383 1016 1471 1085 vitae

143 1111 233 1174 statu
258 1106 401 1187 coactio,
425 1104 595 1190 promissio
620 1105 701 1171 certi
724 1109 833 1170 status
856 1105 946 1172 vitae
969 1109 1144 1188 utcumque
1167 1123 1232 1170 non
1253 1105 1359 1173 libere
1382 1107 1471 1173 facte

143 1196 357 1263 fundamento
381 1194 547 1279 obligandi
571 1197 672 1260 caret.
704 1193 910 1277 Quapropter
924 1192 958 1258 in
974 1193 1046 1259 foro
1062 1197 1200 1261 externo
1216 1194 1349 1277 quidem
1365 1200 1471 1262 metus

143 1285 274 1350 omnino
297 1284 380 1349 levis
403 1304 469 1350 non
492 1287 644 1349 censetur
666 1283 865 1367 sponsalium
889 1281 993 1348 valori
1018 1283 1165 1357 obstare;
1190 1288 1226 1350 at
1240 1283 1275 1349 in
1299 1284 1373 1351 foro
1395 1306 1468 1351 con·

144 1374 302 1440 scientiae
325 1374 443 1440 saltem
467 1372 674 1438 iudicandum
700 1376 767 1449 est,
798 1393 895 1456 posse
918 1372 1085 1455 sponsalia
1108 1372 1294 1438 rescindere
1317 1395 1395 1441 eum
1417 1374 1469 1458 qui

143 1467 266 1530 metum
290 1483 407 1547 passus
430 1463 484 1542 sit,
508 1466 536 1528 si
559 1484 595 1528 re
618 1481 699 1527 vera
721 1461 777 1525 ille
800 1465 907 1527 metus
930 1460 1030 1527 fuerit
1053 1460 1253 1545 sponsalium
1276 1483 1390 1531 causa.

232 1578 272 1645 R.
298 1580 328 1645 7.
381 1579 462 1645 Cum
491 1577 657 1663 sponsalia
689 1577 800 1643 dicant
831 1575 1065 1658 obligationem
1096 1576 1137 1642 ad
1172 1575 1320 1645 futurum
1355 1578 1469 1645 matri·

141 1666 301 1745 monium,
330 1668 441 1734 valida
464 1689 537 1733 esse
560 1689 625 1732 non
648 1670 800 1750 possunt,
831 1665 860 1731 si
886 1669 1061 1748 utcumque
1083 1665 1326 1733 matrimonium
1349 1667 1395 1734 sit
1418 1668 1469 1733 vel

141 1756 341 1841 impossibile
363 1758 417 1822 vel
440 1756 606 1823 illicitum:
632 1777 708 1820 nam
731 1776 836 1837 neque
859 1755 902 1820 ad
923 1753 1136 1838 impossibilia
1159 1776 1265 1838 neque
1288 1756 1332 1821 ad
1355 1756 1471 1823 illicita

141 1849 253 1930 potest
275 1845 353 1911 oriri
376 1846 429 1911 vel
452 1845 614 1911 exsistere
637 1843 804 1926 obligatio.
850 1843 885 1910 Si
908 1843 1036 1926 quando
1063 1843 1166 1927 igitur
1188 1849 1314 1912 certum
1337 1846 1470 1929 aliquod

142 1934 383 2000 matrimonium
407 1933 506 2000 fuerit
527 1954 582 1999 res
605 1933 675 1999 sive
690 1932 839 2016 graviter
853 1932 924 1998 eive
946 1931 1066 1999 leviter
1080 1932 1211 2000 illicita:
1235 1933 1331 1999 huius
1354 1935 1471 2002 matri·

143 2024 243 2090 monii
265 2023 437 2107 promissio
460 2022 654 2107 sponsalitia
677 2026 730 2088 est
751 2024 852 2088 66111.

233 2130 389 2197 Similiter
411 2130 439 2196 si
463 2130 550 2213 quod
572 2128 815 2196 matrimonium
838 2129 878 2193 ab
895 2128 1044 2194 Ecclesia
1066 2132 1118 2194 est
1140 2129 1349 2212 prohibitum,
1373 2153 1473 2216 spon-

143 2219 227 2285 salia
256 2239 320 2283 non
351 2224 428 2286 sunt
458 2219 578 2285 valida.
625 2219 728 2285 immo
758 2217 787 2283 66
819 2218 952 2283 exsistit
979 2217 1247 2301 impedimentum
1276 2219 1377 2286 facile
1406 2222 1473 2287 dis·

144 2308 328 2393 pensabile‚
360 2309 527 2392 sponsalia
557 2329 599 2373 ex
622 2312 737 2373 mutua
759 2307 974 2391 promissione
997 2328 1061 2371 non
1085 2307 1248 2385 oriuntur,
1279 2308 1342 2374 nisi
1365 2311 1474 2393 petita

144 2402 179 2464 et
202 2398 338 2463 obtenta
354 2397 595 2482 dispensatione
611 2417 714 2479 eaque
730 2396 830 2461 libere
847 2396 888 2462 ab
904 2399 1043 2478 utroque
1057 2397 1270 2479 promittente
1286 2404 1471 2483 acceptata.

145 2486 198 2552 Ad
220 2507 319 2569 quam
343 2487 577 2570 acceptandam
601 2507 666 2551 uon
690 2490 740 2551 est
772 2484 929 2568 obligatio
960 2505 1002 2550 ex
1031 2485 1124 2550 sevi
1148 2485 1374 2553 antecedentis
1396 2510 1472 2572 pro-

145 2575 318 2652 missionis,
343 2578 453 2659 potest
475 2596 548 2641 esee
572 2596 614 2640 ex
636 2573 710 2640 aliis
731 2573 985 2640 circumstantiis
1000 2578 1036 2640 et
1050 2573 1084 2639 vi
1098 2574 1323 2658 promissionis
1338 2583 1475 2662 propter

145 2670 254 2730 certas
277 2664 540 2731 circumstantias
563 2664 684 2730 factae.
735 2664 792 2731 111.
816 2686 857 2730 m.
881 2663 922 2739 H,
948 2664 1023 2729 660.

84 2811 137 2867 820
235 2796 288 2861 161
311 2816 502 2872 6161611111
522 2799 560 2860 2¹⁰
577 2796 616 2860 lt.
637 2799 664 2860 1.
696 2796 743 2861 Ut
759 2815 866 2859 sermo
889 2794 993 2878 possit
1016 2815 1089 2858 esse
1113 2794 1153 2859 de
1176 2796 1384 2879 sponsalibus
1408 2799 1475 2864 dis·

144 2886 327 2963 solvendis,
361 2891 588 2968 supponuntur
611 2884 777 2968 sponsalia
800 2904 879 2949 vere
902 2883 1078 2949 exsistere:
1109 2884 1207 2948 immo
1237 2885 1344 2951 minor
1374 2909 1475 2953 causa

145 2974 199 3040 vel
223 2975 307 3040 ratio
330 2973 453 3040 sufficit
477 2979 513 3040 ut
536 2973 702 3058 sponsalia
725 2973 852 3057 possint
875 2972 975 3050 solvi,
1007 2993 1105 3055 quam
1135 2977 1172 3039 116
1199 2994 1311 3039 eorum
1335 2977 1432 3042 valor
1454 2999 1476 3042 6

144 3063 304 3148 principio
326 3063 533 3147 impediatur.
574 3063 658 3129 Sunt
681 3069 791 3128 autem
814 3062 876 3127 duo
895 3083 1019 3144 genera
1036 3082 1217 3141 causarum,
1242 3064 1360 3145 quibus
1376 3088 1473 3150 spon·

145 3152 228 3219 salia
252 3153 490 3227 dissolvantur;
515 3174 615 3217 unum
638 3173 749 3217 earnm
767 3172 850 3233 qnae
866 3150 937 3235 ipso
953 3151 1042 3216 facto
1058 3151 1225 3234 sponsalia
1240 3154 1476 3238 exstingnunt;

146 3242 284 3307 alterum
316 3263 429 3307 earum
459 3263 543 3323 quae
572 3241 623 3307 ius
654 3241 734 3307 dant
764 3239 916 3306 alterutri
946 3261 1140 3323 sponsorum
1163 3261 1206 3305 ex
1228 3263 1289 3306 sna
1312 3248 1410 3326 parte
1433 3246 1476 3310 ab

144 3330 185 3395 iis
208 3330 391 3397 recedendi.

234 3446 273 3512 R.
298 3449 329 3512 2.
367 3445 442 3529 Ipso
465 3445 556 3511 facto
580 3445 836 3527 exstinguuntur
857 3444 1039 3528 sponsalia:
1065 3445 1099 3527 1)
1122 3466 1165 3511 ex
1183 3445 1353 3528 utriusque
1377 3471 1477 3533 spon·

146 3555 258 3600 sorum
283 3556 458 3611 cousensu;
484 3533 518 3615 2)
541 3534 677 3618 impleta
696 3533 884 3599 condicione
900 3533 1096 3600 resolutoria
1111 3535 1165 3600 vel
1188 3536 1346 3619 temporis
1369 3537 1477 3623 lapsu,

146 3623 174 3688 si
198 3623 285 3705 quod
308 3623 350 3689 ad
372 3623 547 3688 finiendam
571 3623 805 3704 obligationem
834 3624 935 3687 fixum
961 3622 1078 3700 fuerit;
1110 3625 1144 3706 3)
1174 3625 1335 3691 electione
1366 3632 1478 3694 666616

146 3712 363 3797 perfectioris,
387 3711 535 3794 adeoque
557 3715 727 3796 assumpto
750 3715 841 3777 statu
866 3712 1007 3776 clericali
1030 3712 1152 3778 ordinis
1167 3716 1255 3778 sacri
1270 3714 1323 3779 vel
1348 3717 1479 3782 emissis

146 3802 234 3868 votis
257 3801 424 3886 perpetuis
453 3801 488 3865 in
515 3801 671 3882 religiosa
698 3801 931 3867 communitate
955 3800 1133 3883 (privatum
1157 3807 1270 3869 votum
1294 3810 1478 3889 perpetuae

147 3891 312 3958 castitatis
335 3891 369 3956 in
392 3890 464 3956 foro
489 3889 618 3972 quidem
642 3895 779 3956 externo
803 3911 868 3955 non
892 3889 1042 3970 sufficiet,
1067 3895 1104 3956 ut
1126 3893 1332 3975 pronuntiari
1347 3897 1480 3978 possint

146 3980 313 4064 sponsalia
336 3980 462 4056 soluta;
492 3978 616 4044 sufficit
645 3979 678 4044 in
706 3980 778 4044 foro
808 3979 1044 4058 conscientiae,
1074 3980 1137 4046 nisi
1160 3986 1272 4047 votum
1303 3984 1479 4051 emittatur

145 4069 390 4146 fraudulenter,
421 4068 548 4135 scilicet
577 4089 649 4133 cum
680 4068 861 4135 intentione
891 4070 1097 4151 qrraerendae
1128 4070 1382 4154 dispensationis
1413 4095 1479 4155 quo

145 4158 247 4224 liceat
279 4158 320 4224 ad
353 4158 418 4224 alia
449 4158 616 4241 sponsalia
648 4158 795 4239 aliasque
825 4158 957 4241 nuptias
988 4159 1161 4241 transire);
1195 4161 1229 4238 4)
1260 4162 1480 4243 probabiliter

146 4247 228 4313 inito
251 4246 459 4313 matrimonio
491 4251 665 4313 extraneo:
696 4247 851 4312 videlicet
881 4251 1007 4313 certum
1038 4253 1090 4314 est
1118 4249 1343 4326 matrimonio,
1376 4253 1478 4318 etiam

146 4336 267 4401 iniuste
289 4336 381 4411 inito,
405 4358 478 4402 esse
501 4337 670 4413 standum;
701 4340 800 4418 atque
824 4336 920 4402 alteri
943 4357 1135 4420 sponsorum
1159 4338 1271 4404 statim
1295 4339 1404 4406 inesse
1426 4341 1480 4407 616

148 4424 248 4493 etiam
281 4448 323 4491 ex
355 4448 415 4492 sua
444 4430 539 4510 parte
569 4425 652 4491 alius
682 4425 814 4491 ineundi
844 4425 1052 4491 matrimonii.
1106 4427 1217 4493 Solum
1249 4430 1421 4510 quaeritur
1449 4431 1476 4495 si

148 4515 390 4582 matrimonium
412 4515 532 4580 iniuste
555 4514 670 4580 initum
695 4514 831 4580 alterius
855 4514 1033 4598 compartis
1062 4520 1168 4581 morte
1197 4516 1341 4583 solutum
1364 4520 1476 4597 fuerit,

148 4610 325 4686 antequam
355 4604 441 4669 alter
469 4604 612 4688 priorum
643 4625 836 4687 sponsorum
866 4604 937 4668 inre
967 4625 1025 4668 suo
1056 4625 1135 4670 usus
1157 4604 1201 4670 sit
1223 4607 1277 4670 vel
1300 4613 1478 4691 postquam
