3044 5174
133 267 197 333 402
630 262 836 319 Sacramentum
853 261 963 318 ordinis.

132 444 240 507 tentet
268 440 399 506 suaderi
427 444 548 524 potest.
595 440 659 507 Sed
687 439 896 504 nihilominus
926 438 1057 504 difficile
1083 458 1163 503 sane
1191 437 1255 504 erit
1284 438 1372 506 bano
1392 439 1448 505 dis·

132 529 357 684 ξξζιειῖῗιέιέιιιι
395 529 561 608 obtinere,
601 549 642 594 ne
666 529 736 594 'via
773 528 943 612 aperiatur
980 528 1023 594 ad
1061 527 1277 593 relaxandam
1317 529 1448 595 caeliba-

241 667 262 700 ξ,
319 671 326 684 .

242 807 385 877 AETAS
408 809 493 875 PRO
517 809 756 877 ORDINIBUS
778 808 1014 886 REQUISITA
1037 808 1094 873 ΕΤ
1117 807 1353 878 EDUCATIO.

689 977 799 1043 casus.
819 984 897 1053 (204)

222 1117 412 1194 Theophilus,
427 1116 556 1193 optimae
570 1116 678 1177 indolis
691 1117 817 1186 iuvenis,
841 1119 877 1176 16
892 1135 1046 1188 annornm,
1061 1117 1176 1193 aspirat
1189 1117 1228 1176 ad
1242 1117 1447 1186 sacerdotium
1488 1126 1490 1153 ³

134 1197 263 1273 praefert
283 1203 382 1256 autam
403 1197 549 1273 privatam
570 1197 662 1256 vitam
684 1216 772 1272 agera
793 1216 888 1272 neque
910 1197 992 1273 cupit
1012 1199 1091 1256 clero
1106 1197 1284 1257 dioecesano
1299 1198 1337 1256 ad
1359 1216 1449 1256 curam

131 1277 294 1336 animarum
315 1282 421 1352 parato
442 1277 578 1337 adscribi
619 1277 784 1354 Episcopus
812 1277 1005 1336 dnficmtatss
1030 1285 1130 1337 movet
1157 1297 1252 1354 neque
1273 1279 1341 1337 vult
1360 1285 1448 1337 tonsu·

132 1377 194 1416 ram
216 1357 263 1415 val
284 1357 366 1432 ipsos
387 1357 515 1416 minores
536 1357 655 1417 ordines
676 1358 827 1427 conferre,
856 1357 916 1416 nisi
936 1357 1118 1434 Theophilus
1139 1377 1192 1434 per
1213 1377 1267 1417 sex
1289 1378 1406 1417 menses
1423 1357 1448 1417 in

132 1437 290 1496 seminario
312 1442 509 1497 commoratus
531 1437 585 1508 sit,
607 1457 702 1514 neque
723 1443 881 1514 antequam
903 1437 1071 1512 theologiae
1093 1457 1211 1496 cursum
1234 1438 1396 1498 coniecerit
1413 1446 1447 1496 at·

132 1536 188 1593 qua
210 1537 248 1576 ex
269 1537 303 1576 eo
325 1517 450 1577 subierit
470 1536 603 1577 examen.
641 1516 744 1587 Quoad
766 1518 885 1577 ordines
907 1536 1010 1576 sacros
1031 1517 1089 1577 sibi
1109 1523 1246 1577 reservat
1266 1517 1447 1578 iudiciumin

132 1603 248 1674 tempus
269 1599 408 1658 futurum.

133 1711 311 1781 Qunnnrrua
327 1715 356 1770 1ο
370 1732 515 1789 quaenam
530 1718 615 1772 aetas
630 1718 748 1789 atquae
764 1713 890 1772 scientia
905 1712 1073 1789 requiratur
1086 1733 1139 1791 pro
1155 1712 1282 1788 singulis
1298 1713 1447 1773 ordinibus.

326 1810 356 1868 2ο
370 1809 448 1869 sitne
469 1830 522 1887 pro
544 1811 748 1870 saecularibus
770 1810 905 1869 educatio
927 1811 958 1870 in
979 1811 1138 1870 seminario
1158 1811 1341 1872 necessaria.

327 1910 357 1968 3⁰
371 1908 441 1985 qnid
462 1909 498 1968 de
519 1927 591 1968 casu
613 1909 769 1987 Theophili
789 1907 987 1970 iudicandum.

726 2087 862 2158 solutio.

70 2253 122 2308 703
220 2233 273 2297 An
303 2253 495 2308 qunssrruu
521 2237 558 2298 1⁰²
581 2233 620 2300 R.
647 2237 675 2299 1.
715 2233 808 2298 Circa
831 2238 977 2300 aetatem
1009 2233 1101 2299 valet
1129 2232 1301 2316 dispositio
1325 2231 1449 2299 Consilii

132 2321 315 2388 Tridentini
338 2327 373 2387 et
396 2321 606 2389 Pontifioalis.

221 2420 313 2485 Circa
336 2427 501 2485 tonsuram
524 2427 558 2485 et
581 2421 710 2484 ordines
733 2422 870 2485 minores
895 2421 1011 2485 Concil.
1041 2421 1131 2485 Trici.
1157 2423 1283 2485 certam
1313 2422 1451 2486 aetatem

133 2529 197 2573 non
221 2508 401 2586 constituit,
426 2509 483 2573 sed
507 2530 579 2574 eam
596 2513 707 2574 tamen
722 2509 836 2590 exegit
850 2508 1020 2574 scientiam
1038 2529 1121 2591 quae
1137 2510 1170 2573 in
1186 2508 1332 2574 infantili
1348 2514 1454 2574 aetate

133 2598 246 2662 haberi
278 2597 477 2680 nequit-
510 2599 694 2682 Pontificole
666 2599 815 2664 finon
853 2601 914 2679 „dc
947 2601 1053 2665 ordin.
1095 2598 1319 2680 corifcrendis“
1364 2598 1452 2664 dicit:

138 2686 264 2762 „Prima
287 2693 424 2752 tonsura
446 2689 481 2752 et
503 2687 644 2752 minores
668 2687 797 2752 ordines
820 2691 898 2751 ante
921 2687 1094 2788 septimum
1118 2708 1238 2752 annum
1261 2686 1454 2789 completum

132 2735 201 2840 dari
225 2797 290 2840 non
313 2775 461 2842 debentst‘
505 2776 598 2843 Unde
622 2797 686 2840 non
709 2776 857 2858 sequitur
881 2777 1066 2860 episcopum
1090 2797 1156 2841 non
1179 2796 1276 2860 posse
1301 2776 1454 2841 maiorem

132 2869 276 2931 aetatem
301 2865 443 2947 exigere.

220 2962 284 3027 Pro
309 2963 540 3028 subdiaconatu
506 2962 765 3046 ipraecipitur
788 2983 893 3027 annus
917 2965 982 3026 22⁸¹·
1006 2961 1155 3047 inceptus
1118 2962 1286 3044 us(Trid.
1305 2983 1387 3030 sess.
1405 2965 1453 3035 23

132 3072 201 3134 cap
233 3055 269 3116 12
295 3053 334 3116 de
356 3053 449 3134 ref.;)
480 3073 538 3134 pro
564 3054 735 3117 diaconatu
759 3051 904 3133 exigitur
927 3072 1033 3116 annus
1058 3056 1122 3116 23¹²·
1146 3051 1312 3135 inceptus.
1344 3073 1366 3116 a
1395 3072 1454 3134 quo

131 3161 205 3205 raro
230 3141 268 3207 R.
293 3140 328 3207 P.
362 3141 547 3223 dispeusat;
581 3161 640 3224 pro
665 3142 888 3226 presbyteratu
919 3162 1025 3205 annus
1055 3143 1121 3204 25²·
1143 3141 1309 3223 inceptus:
1345 3162 1366 3205 a
1396 3161 1454 3223 quo

131 3230 229 3294 datur
252 3229 381 3295 facilius
405 3230 621 3314 dispensatio,
653 3251 696 3294 ex
725 3229 897 3312 privilegio
928 3229 1088 3313 episcopis
1118 3229 1281 3296 interdum
1310 3229 1390 3296 dato
1416 3229 1453 3294 ad

131 3319 273 3402 spatium
296 3318 383 3384 infra
405 3341 535 3397 annum,
560 3340 581 3383 a
603 3339 728 3384 summo
753 3319 904 3402 pontifice
928 3320 969 3384 ad
997 3320 1036 3383 18
1061 3339 1189 3384 menses
1212 3319 1267 3383 vel
1290 3319 1390 3386 ultra.

221 3417 284 3482 Pro
315 3419 495 3502 episcopatu
525 3416 594 3480 iure
625 3415 785 3481 communi
816 3416 993 3497 requiritur
1023 3437 1127 3481 annus
1159 3419 1224 3482 30¹¹·
1257 3417 1452 3500 completus:

135 3507 226 3571 Trid.
250 3527 331 3573 sess.
357 3508 386 3583 7,
411 3526 482 3589 cap.
510 3510 524 3568 1
552 3506 590 3570 de
613 3506 672 3587 ref.
698 3509 733 3571 et
754 3505 871 3570 Alex.
896 3505 943 3568 ΙΙΙ
968 3527 994 3572 c.
1014 3507 1044 3583 7,
1069 3506 1107 3572 Χ.
1136 3509 1164 3583 1,
1189 3508 1226 3571 6:
1251 3525 1272 3570 a
1296 3527 1363 3588 qua
1386 3507 1452 3586 lege

131 3615 210 3659 sane
234 3616 378 3659 summus
402 3594 552 3678 pontifex
576 3599 686 3677 potest
709 3594 908 3677 dispensare.

70 3721 122 3773 τοι
220 3700 258 3765 R.
277 3704 306 3766 2.
340 3701 451 3777 Quoad
475 3705 638 3767 scientium
663 3724 682 3766 a
705 3700 915 3766 tonsurandis
936 3703 1026 3768 Trici.
1044 3723 1124 3767 sess.
1142 3704 1196 3777 23,
1214 3722 1286 3785 cap.
1304 3704 1324 3765 4
1344 3703 1383 3767 de
1399 3699 1451 3780 ref.

132 3790 268 3871 requirit
291 3795 327 3856 ut
350 3790 534 3856 rudimenta
557 3791 632 3855 fidei
656 3791 722 3856 sint
745 3790 862 3863 edocti,
887 3792 997 3872 legere
1022 3797 1056 3857 et
1078 3790 1220 3857 scribere
1244 3790 1363 3859 sciant.

220 3887 331 3963 Quoad
362 3887 584 3972 suscipiendos
613 3891 750 3954 minores
781 3891 910 3953 ordines
946 3891 1035 3955 Trici.
1067 3890 1109 3956 ib.
1142 3910 1212 3974 cap.
1247 3893 1286 3954 ll
1322 3887 1452 3956 statuit:

131 3977 309 4130 ffltrlpffisu
320 3977 449 4042 ordines
472 3978 512 4041 iis
536 3978 590 4059 qui
613 3977 731 4043 saltem
754 3978 891 4042 latinam
916 3979 1059 4059 linguam
1082 3978 1280 4060 intellegant
1297 4031 1304 4044 .
1324 4031 1358 4045 ..
1384 3999 1453 4043 con·

221 4163 436 4229 Promovendi
461 4164 502 4230 ad
526 4164 790 4230 subdiaconatum
814 4175 840 4230 et
865 4169 1069 4230 diaconatum
1092 4165 1213 4231 debent
1236 4185 1277 4229 ex
1298 4166 1391 4230 Trici.
1414 4163 1451 4228 ib.

131 4274 201 4336 cap.
230 4257 267 4318 13
292 4253 325 4317 in
349 4253 526 4319 minoribus
551 4254 716 4318 ordinibus
738 4256 803 4319 iam
827 4255 955 4337 probati
979 4276 1018 4319 ac
1042 4254 1162 4320 litteris
1186 4259 1221 4319 et
1243 4254 1284 4318 iis
1309 4275 1394 4336 quae
1416 4252 1452 4318 ad

132 4342 277 4406 ordinem
302 4345 519 4408 exercendum
544 4343 709 4427 pertinent
732 4343 882 4409 instructi
906 4364 987 4408 esse.

221 4441 436 4506 Promovendi
460 4442 501 4506 ad
524 4444 651 4526 presby
653 4450 722 4506 era
723 4466 775 4505 nm
806 4462 869 4505 non
900 4445 977 4506 sunt
1008 4441 1068 4504 nisi
1101 4443 1199 4506 etiam
1231 4443 1273 4508 ad
1305 4441 1451 4526 populum

132 4528 312 4593 docendum
337 4552 376 4594 ea
400 4551 484 4611 quae
507 4530 591 4594 scire
615 4531 764 4594 omnibus
788 4530 1008 4594 necessarium
1032 4535 1083 4596 est
1106 4531 1146 4595 ad
1168 4532 1256 4597 salut
1242 4537 1319 4608 1,(ιιιι
1345 4553 1384 4597 ac
1400 4527 1453 4593 ad-

132 4617 349 4683 ministranda
372 4624 595 4696 sacrament,a
630 4619 776 4700 diligenti
802 4619 952 4684 examine
983 4621 1199 4702 praecedente
1165 4620 1338 4686 tidonei
1371 4638 1452 4686 com·
