3044 5174
128 320 193 385 454
628 314 832 369 Sacramentum
851 314 963 370 ordinis.

128 515 191 559 uno
216 493 396 575 eodemque
419 491 472 557 dis
495 491 614 568 omisit,
640 490 754 557 eadem
775 512 880 575 prava
896 492 1070 559 voluntate
1092 497 1320 576 permanente,
1345 515 1382 558 eo
1404 493 1448 559 die

127 584 238 661 semel,
262 604 327 647 non
350 581 450 648 toties
473 580 622 663 graviter
638 580 799 664 peccavit,
825 586 904 663 quot
920 581 1030 648 omisit
1045 583 1153 649 horas.
1188 581 1253 648 Sed
1268 602 1330 666 pro
1346 583 1449 667 primis

127 694 187 738 sex
210 671 392 749 mensibus,
417 692 490 736 cum
514 669 660 753 coeperit
682 690 755 734 esse
778 670 1011 749 beneficiatus,
1035 671 1077 736 ad
1099 670 1348 738 restitutionem
1370 672 1448 736 fruc-

127 766 219 829 tuum
243 760 391 826 beueficii
414 781 480 826 non
503 763 643 825 tenetur.

217 867 256 934 lt.
282 866 312 933 2.
354 866 476 933 Postea
499 886 577 931 vero
601 886 660 949 pro
685 865 831 947 qualibet
854 865 1028 930 omissione
1051 865 1202 948 graviter
1225 865 1381 951 culpabili
1402 887 1447 933 ra·

128 962 198 1025 tam
221 960 349 1040 partem
372 955 537 1020 fructuum
567 954 714 1020 beneficii
747 959 976 1038 perceptorum
1007 953 1103 1022 restit
1089 960 1182 1022 tuere
1205 955 1323 1031 debet;
1353 976 1449 1039 nequo

128 1047 219 1112 valet
242 1050 296 1112 rat
297 1044 327 1110 io
352 1043 436 1127 quod
460 1044 523 1108 viri
547 1044 733 1109 saeculares
755 1043 880 1109 minore
910 1043 1023 1109 labore
1045 1046 1120 1128 plus
1146 1043 1260 1110 salarii
1283 1044 1448 1129 accipiant

128 1135 216 1201 Nam
240 1133 461 1199 condicionem
486 1134 526 1198 ab
550 1132 699 1198 Ecclesia
721 1131 908 1216 impositam
932 1132 973 1198 ad
997 1132 1248 1218 percipiendos
1238 1154 1312 1200 rure
1331 1133 1450 1216 fructus

129 1246 205 1290 suos
228 1244 292 1288 non
309 1222 493 1306 implevita
494 1227 574 1304 tque
590 1225 717 1306 partem
734 1222 852 1286 saltem
869 1221 986 1300 oneris,
1010 1243 1070 1306 pro
1086 1242 1150 1304 quo
1173 1217 1331 1288 salarium
1348 1209 1448 1299 habel,

128 1334 194 1379 non
216 1312 303 1379 tulit.

218 1419 256 1485 R.
282 1421 312 1484 3.
360 1417 394 1484 Si
424 1421 533 1485 autem
564 1439 600 1482 re
623 1438 703 1482 vera
733 1416 924 1482 beneficium
953 1419 1052 1482 tenue
1081 1414 1182 1485 habet
1212 1421 1314 1501 atque
1336 1419 1494 1495 multus

128 1508 334 1594 parochiales
357 1529 463 1584 curas,
488 1506 610 1573 sufficit
633 1510 670 1570 ut
693 1526 752 1589 pro
776 1505 880 1572 recita
860 1504 969 1572 iatone
985 1505 1184 1586 breviarii¹l
1172 1506 1346 1591 l4partem
1371 1508 1450 1573 imc-
1490 1532 1494 1629 Ι

129 1603 221 1665 tuum
255 1617 434 1662 annuorum
464 1595 583 1661 velt
549 1595 649 1661 etiarn
679 1594 838 1660 minorem
869 1598 1003 1678 reputet
1033 1599 1132 1677 atque
1161 1596 1341 1663 secundum
1373 1598 1451 1663 hanc

128 1691 257 1772 partem
289 1685 566 1768 computationem
596 1684 713 1750 restitu
694 1683 815 1749 utionis
839 1683 927 1750 debit
912 1689 968 1750 tae
990 1684 1102 1750 faciat.
1154 1685 1210 1750 Tb.
1235 1707 1275 1752 m.
1302 1686 1350 1761 Il,
1383 1689 1450 1752 64].

219 1792 257 1858 R.
283 1795 313 1858 4.
358 1792 411 1857 Ex
435 1791 530 1858 dictis
554 1790 653 1856 etiam
676 1794 770 1875 patet
793 1791 1100 1874 parumprobabile
1123 1812 1212 1856 esse:
1238 1791 1384 1858 debitam
1407 1815 1452 1859 re·

129 1882 333 1949 stitutionem
350 1880 565 1965 eleemosynis
588 1880 652 1945 iarn
678 1879 775 1944 factis
798 1900 870 1944 esse
895 1883 1087 1946 exstinetam.
1119 1879 1205 1946 Nam
1225 1887 1452 1965 praeterquam

130 1971 216 2055 quod
240 1970 393 2036 credibile
418 1969 475 2034 vix
499 1973 550 2035 est
574 1969 798 2051 eleemosynas
821 1968 929 2035 factas
953 1968 993 2035 ad
1010 1972 1138 2035 tantam
1157 1989 1320 2036 summam
1343 1971 1453 2038 ultimo

130 2060 280 2127 semestri
304 2059 507 2125 ascendisse:
530 2058 637 2123 minus
661 2057 761 2123 etiam
778 2057 931 2123 credibile
947 2061 998 2124 est
1014 2059 1239 2142 eleemosynas
1263 2060 1337 2142 pari
1360 2081 1454 2145 passo

130 2172 203 2216 cum
234 2148 353 2214 omisso
384 2147 546 2214 breviario
579 2148 687 2213 factas
718 2167 799 2214 esse.
846 2145 1065 2212 Nihilominus
1095 2148 1326 2232 eleemosynae
1349 2148 1455 2217 factae

129 2261 189 2323 pro
214 2238 387 2303 omissione
414 2236 568 2303 breviarii
598 2237 825 2319 eleemosynas
854 2236 1072 2320 praecedente
1102 2237 1286 2322 computari
1310 2248 1453 2322 possunt.

219 2336 305 2401 Hinc
328 2336 428 2401 etiam
451 2335 616 2418 colligitur
643 2355 716 2399 eum
746 2334 801 2415 qui
832 2355 906 2399 raro
937 2334 1083 2401 omiserit
1113 2335 1286 2401 materiam
1311 2357 1456 2419 gravem,

130 2425 228 2491 immo
252 2428 358 2492 totum
383 2424 445 2489 diei
476 2424 634 2500 officium,
665 2422 787 2489 nostris
818 2424 1019 2506 temporibus
1049 2422 1146 2490 facile
1176 2426 1344 2491 consuetis
1375 2427 1456 2493 elee-

131 2514 277 2597 mosynis
300 2513 518 2580 restitutionis
542 2511 687 2578 debitum
703 2511 931 2594 exstinguere;
956 2512 1054 2578 immo
1070 2533 1170 2596 saepe
1192 2518 1368 2597 peccatum
1393 2516 1457 2598 qui·

132 2603 205 2668 dem
237 2603 380 2686 neglecti
409 2602 508 2668 officii
538 2601 639 2666 divini
663 2621 736 2666 esse
759 2622 878 2684 grave,
910 2601 968 2666 sed
997 2601 1193 2667 restituendi
1223 2603 1457 2686 obligationem

132 2714 195 2759 nore
227 2715 291 2758 esse
319 2714 464 2776 prooem,
500 2712 539 2756 eo
571 2691 658 2771 quod
689 2690 830 2756 materia
859 2691 966 2772 quoad
995 2690 1142 2757 iustitiae
1172 2691 1352 2759 laesionem
1384 2715 1458 2777 gra·

132 2782 184 2847 vis
208 2781 360 2848 abfuerit.

345 2971 497 3038 MODUS
527 2970 769 3038 RECITANDI
798 2969 947 3037 Hortus
978 2970 1235 3038 GANONIGAS.

689 3136 801 3203 Casus.
820 3145 897 3213 (231)

222 3299 378 3368 Ludmilla,
400 3296 536 3357 monialis
559 3296 699 3367 chorista‚
723 3296 790 3353 dum
812 3295 941 3354 officium
956 3296 1085 3354 divinum
1103 3296 1284 3356 sollemniter
1306 3299 1457 3364 recitatur.

134 3379 211 3437 solet
233 3399 375 3452 organum
397 3379 531 3455 pulsare;
561 3377 637 3452 quod
665 3374 730 3433 fieri
752 3377 908 3435 consuevit
935 3376 1104 3434 alternatim
1127 3394 1192 3435 curn
1214 3382 1305 3436 cantu
1328 3379 1394 3438 sine
1416 3400 1458 3438 or·

133 3478 219 3533 gano.
262 3460 333 3535 Ipsa
355 3465 452 3517 autem
473 3477 533 3516 non
554 3456 662 3515 recitat
682 3456 854 3532 quidquam,
878 3457 929 3514 sed
951 3462 1066 3531 partem
1087 3457 1184 3527 audit,
1208 3462 1324 3534 partem
1348 3479 1458 3535 organo

133 3538 299 3610 comitatur,
322 3544 409 3614 atque
430 3539 509 3597 hunc
530 3535 668 3613 pulsandi
689 3537 821 3595 laborem
842 3536 1017 3595 recitatione
1039 3536 1178 3596 maiorem
1193 3557 1248 3614 pro
1269 3557 1344 3598 suae
1366 3541 1459 3616 partis

131 3619 307 3678 recitatione
328 3623 455 3695 reputat.

224 3708 292 3766 Alia
312 3707 464 3776 monialis,
494 3706 664 3776 surdastra,
694 3706 818 3764 alteram
839 3712 953 3781 partem
980 3726 1040 3764 non
1060 3706 1224 3781 intellegit,
1255 3707 1309 3766 sed
1331 3708 1459 3768 incondi-

132 3793 227 3846 tumt
229 3793 281 3847 ant
283 3807 330 3846 um
351 3787 477 3864 percipit
498 3806 618 3857 sonum,
647 3787 750 3858 immo,
773 3787 889 3861 quando
911 3805 1053 3861 organum
1075 3787 1225 3862 pulsatur,
1256 3787 1352 3848 solam
1373 3792 1458 3849 musi·

133 3888 213 3938 cam;
243 3887 334 3943 quare
362 3874 445 3943 angi
446 3887 496 3938 ur
525 3866 640 3959 quoties
667 3885 727 3924 non
755 3865 845 3924 etiam
873 3867 1020 3925 submissa
1040 3886 1114 3925 voce
1143 3868 1218 3926 recit
1206 3869 1318 3927 taverit
1346 3876 1459 3946 partem

133 3968 191 4007 non
213 3953 334 4025 percept
336 3967 399 4020 an13
421 3953 453 4006 at
474 3947 610 4022 quoniam
632 3944 690 4003 id
682 3966 711 4003 ιιι
734 3946 825 4004 choro
841 3966 929 4023 saepe
945 3946 1124 4005 difficilius
1116 3947 1173 4024 ipsi
1188 3953 1243 4018 ost,
1265 3953 1374 4026 postea
1396 3970 1459 4028 sup·

132 4029 201 4105 piet,
181 4029 384 4087 tsecundum
406 4047 547 4104 quemque
567 4045 686 4084 versum
707 4027 885 4102 psalmorum
907 4031 981 4085 reart
960 4027 1068 4086 't.ando

134 4142 311 4212 Quaaarrun
334 4146 362 4201 1ο
384 4144 522 4221 quomodo
543 4140 672 4200 cilicium
695 4138 826 4198 divinum
847 4139 922 4199 recit
923 4140 967 4198 ari
989 4140 1103 4200 debeat.

335 4242 364 4300 2ο
385 4246 505 4300 rectene
527 4239 643 4315 egerint
664 4238 733 4297 illae
754 4237 906 4296 moniales.

729 4421 863 4488 Solutio.

73 4586 125 4638 790
223 4562 275 4628 Ao
299 4585 489 4639 ooausmunr
516 4567 552 4627 lm
576 4564 614 4629 R.
641 4565 668 4629 1.
715 4563 822 4627 Debet
845 4584 916 4628 esse
949 4562 981 4642 1)
1006 4563 1157 4629 recitatio
1180 4567 1336 4632 horarum
1362 4570 1459 4634 divini

135 4652 233 4717 officii
257 4675 315 4717 seu
339 4653 578 4736 pronuntiatio,
611 4672 713 4732 eaque
745 4654 778 4732 2)
803 4652 908 4719 oratio
938 4654 980 4718 ad
1003 4655 1119 4718 Deum.
1165 4654 1251 4720 Hinc
1283 4659 1461 4742 requiritur
