<?xml version="1.0" encoding="UTF-8"?>
<!DOCTYPE html PUBLIC "-//W3C//DTD XHTML 1.0 Transitional//EN"
    "http://www.w3.org/TR/xhtml1/DTD/xhtml1-transitional.dtd">
<html xmlns="http://www.w3.org/1999/xhtml" xml:lang="en" lang="en">
 <head>
  <title>
</title>
<meta http-equiv="Content-Type" content="text/html;charset=utf-8" />
  <meta name='ocr-system' content='tesseract 3.04.00' />
  <meta name='ocr-capabilities' content='ocr_page ocr_carea ocr_par ocr_line ocrx_word'/>
</head>
<body>
  <div class='ocr_page' id='page_1' title='image "./casusconscienti00lehmgoog_0044.png"; bbox 0 0 3044 5174; ppageno 0'>
   <div class='ocr_carea' id='block_1_1' title="bbox 121 269 989 340">
    <p class='ocr_par' dir='ltr' id='par_1_1' title="bbox 121 269 989 340">
     <span class='ocr_line' id='line_1_1' title="bbox 121 269 989 340; baseline -0.002 -14"><span class='ocrx_word' id='word_1_1' title='bbox 121 276 163 340; x_wconf 81' lang='lat'><strong>20</strong></span> <span class='ocrx_word' id='word_1_2' title='bbox 577 270 617 325; x_wconf 87' lang='lat' dir='ltr'><strong>De</strong></span> <span class='ocrx_word' id='word_1_3' title='bbox 635 269 813 325; x_wconf 73' lang='lat' dir='ltr'><strong>sacramentis</strong></span> <span class='ocrx_word' id='word_1_4' title='bbox 830 269 989 338; x_wconf 75' lang='lat' dir='ltr'><strong>generatim.</strong></span> 
     </span>
    </p>
   </div>
   <div class='ocr_carea' id='block_1_2' title="bbox 209 446 1442 622">
    <p class='ocr_par' dir='ltr' id='par_1_2' title="bbox 209 446 1442 622">
     <span class='ocr_line' id='line_1_2' title="bbox 209 446 1067 532; baseline -0.003 -16"><span class='ocrx_word' id='word_1_5' title='bbox 209 449 240 530; x_wconf 88' lang='lat' dir='ltr'><strong>e)</strong></span> <span class='ocrx_word' id='word_1_6' title='bbox 265 448 454 516; x_wconf 79' lang='lat' dir='ltr'><strong>assistentia</strong></span> <span class='ocrx_word' id='word_1_7' title='bbox 477 447 693 515; x_wconf 78' lang='lat' dir='ltr'><strong>matrimoniis</strong></span> <span class='ocrx_word' id='word_1_8' title='bbox 716 447 866 513; x_wconf 87' lang='lat' dir='ltr'><strong>ineundis</strong></span> <span class='ocrx_word' id='word_1_9' title='bbox 889 446 1067 532; x_wconf 79' lang='lat' dir='ltr'><strong>praestita3</strong></span> 
     </span>
     <span class='ocr_line' id='line_1_3' title="bbox 212 535 1442 622; baseline 0.002 -21"><span class='ocrx_word' id='word_1_10' title='bbox 212 538 241 620; x_wconf 83' lang='lat' dir='ltr'><strong>f)</strong></span> <span class='ocrx_word' id='word_1_11' title='bbox 265 538 394 603; x_wconf 89' lang='lat' dir='ltr'><strong>demum</strong></span> <span class='ocrx_word' id='word_1_12' title='bbox 417 537 488 622; x_wconf 91' lang='lat' dir='ltr'><strong>ipse</strong></span> <span class='ocrx_word' id='word_1_13' title='bbox 511 537 693 622; x_wconf 77' lang='lat' dir='ltr'><strong>baptismus</strong></span> <span class='ocrx_word' id='word_1_14' title='bbox 716 537 924 604; x_wconf 78' lang='lat' dir='ltr'><strong>necessitatis</strong></span> <span class='ocrx_word' id='word_1_15' title='bbox 951 537 1020 602; x_wconf 90' lang='lat' dir='ltr'><strong>sine</strong></span> <span class='ocrx_word' id='word_1_16' title='bbox 1051 535 1255 603; x_wconf 88' lang='lat' dir='ltr'><strong>caerimoniis</strong></span> <span class='ocrx_word' id='word_1_17' title='bbox 1278 541 1442 619; x_wconf 88' lang='lat' dir='ltr'><strong>peractus.</strong></span> 
     </span>
    </p>
   </div>
   <div class='ocr_carea' id='block_1_3' title="bbox 118 641 1444 1436">
    <p class='ocr_par' dir='ltr' id='par_1_3' title="bbox 119 641 1444 1083">
     <span class='ocr_line' id='line_1_4' title="bbox 208 641 1443 726; baseline 0.001 -19"><span class='ocrx_word' id='word_1_18' title='bbox 208 643 247 708; x_wconf 86' lang='lat' dir='ltr'><strong>R.</strong></span> <span class='ocrx_word' id='word_1_19' title='bbox 273 645 302 708; x_wconf 91' lang='lat'><strong>3.</strong></span> <span class='ocrx_word' id='word_1_20' title='bbox 333 641 537 707; x_wconf 87' lang='lat' dir='ltr'><strong>Probabilius</strong></span> <span class='ocrx_word' id='word_1_21' title='bbox 559 646 612 708; x_wconf 88' lang='lat' dir='ltr'><strong>tot</strong></span> <span class='ocrx_word' id='word_1_22' title='bbox 634 647 770 726; x_wconf 90' lang='lat' dir='ltr'><strong>peccata</strong></span> <span class='ocrx_word' id='word_1_23' title='bbox 784 641 1032 708; x_wconf 88' lang='lat' dir='ltr'><strong>committuntur</strong></span> <span class='ocrx_word' id='word_1_24' title='bbox 1055 663 1075 706; x_wconf 94' lang='lat' dir='ltr'><strong>a</strong></span> <span class='ocrx_word' id='word_1_25' title='bbox 1098 641 1246 708; x_wconf 89' lang='lat' dir='ltr'><strong>ministro</strong></span> <span class='ocrx_word' id='word_1_26' title='bbox 1270 646 1443 726; x_wconf 86' lang='lat' dir='ltr'><strong>peccatore</strong></span> 
     </span>
     <span class='ocr_line' id='line_1_5' title="bbox 119 730 1443 814; baseline -0.002 -17"><span class='ocrx_word' id='word_1_27' title='bbox 119 736 198 814; x_wconf 90' lang='lat' dir='ltr'><strong>quot</strong></span> <span class='ocrx_word' id='word_1_28' title='bbox 213 735 422 796; x_wconf 89' lang='lat' dir='ltr'><strong>sacramenta</strong></span> <span class='ocrx_word' id='word_1_29' title='bbox 438 732 707 796; x_wconf 87' lang='lat' dir='ltr'><strong>administrantur</strong></span> <span class='ocrx_word' id='word_1_30' title='bbox 725 752 783 796; x_wconf 90' lang='lat' dir='ltr'><strong>seu</strong></span> <span class='ocrx_word' id='word_1_31' title='bbox 802 731 1031 806; x_wconf 89' lang='lat' dir='ltr'><strong>conficiuntur;</strong></span> <span class='ocrx_word' id='word_1_32' title='bbox 1052 730 1149 812; x_wconf 88' lang='lat' dir='ltr'><strong>idque</strong></span> <span class='ocrx_word' id='word_1_33' title='bbox 1167 731 1200 795; x_wconf 91' lang='lat' dir='ltr'><strong>in</strong></span> <span class='ocrx_word' id='word_1_34' title='bbox 1219 732 1353 814; x_wconf 90' lang='lat' dir='ltr'><strong>reliquis</strong></span> <span class='ocrx_word' id='word_1_35' title='bbox 1373 733 1443 813; x_wconf 91' lang='lat' dir='ltr'><strong>qui·</strong></span> 
     </span>
     <span class='ocr_line' id='line_1_6' title="bbox 119 819 1444 899; baseline 0 -13"><span class='ocrx_word' id='word_1_36' title='bbox 119 822 192 886; x_wconf 92' lang='lat' dir='ltr'><strong>dem</strong></span> <span class='ocrx_word' id='word_1_37' title='bbox 209 825 335 886; x_wconf 87' lang='lat' dir='ltr'><strong>certum</strong></span> <span class='ocrx_word' id='word_1_38' title='bbox 351 824 412 899; x_wconf 89' lang='lat' dir='ltr'><strong>est,</strong></span> <span class='ocrx_word' id='word_1_39' title='bbox 436 820 470 884; x_wconf 93' lang='lat' dir='ltr'><strong>in</strong></span> <span class='ocrx_word' id='word_1_40' title='bbox 485 819 716 885; x_wconf 87' lang='lat' dir='ltr'><strong>sacramentali</strong></span> <span class='ocrx_word' id='word_1_41' title='bbox 732 819 936 886; x_wconf 89' lang='lat' dir='ltr'><strong>absolutione</strong></span> <span class='ocrx_word' id='word_1_42' title='bbox 958 819 1086 884; x_wconf 88' lang='lat' dir='ltr'><strong>nonita</strong></span> <span class='ocrx_word' id='word_1_43' title='bbox 1103 824 1228 885; x_wconf 87' lang='lat' dir='ltr'><strong>certum</strong></span> <span class='ocrx_word' id='word_1_44' title='bbox 1251 825 1288 886; x_wconf 94' lang='lat' dir='ltr'><strong>ut</strong></span> <span class='ocrx_word' id='word_1_45' title='bbox 1311 842 1377 886; x_wconf 92' lang='lat' dir='ltr'><strong>non</strong></span> <span class='ocrx_word' id='word_1_46' title='bbox 1400 822 1444 887; x_wconf 92' lang='lat' dir='ltr'><strong>sit</strong></span> 
     </span>
     <span class='ocr_line' id='line_1_7' title="bbox 119 908 1442 994; baseline 0 -19"><span class='ocrx_word' id='word_1_47' title='bbox 119 911 219 976; x_wconf 91' lang='lat' dir='ltr'><strong>etiam</strong></span> <span class='ocrx_word' id='word_1_48' title='bbox 243 909 410 994; x_wconf 87' lang='lat' dir='ltr'><strong>probabile</strong></span> <span class='ocrx_word' id='word_1_49' title='bbox 434 913 605 993; x_wconf 89' lang='lat' dir='ltr'><strong>peccatum</strong></span> <span class='ocrx_word' id='word_1_50' title='bbox 622 930 755 974; x_wconf 91' lang='lat' dir='ltr'><strong>numero</strong></span> <span class='ocrx_word' id='word_1_51' title='bbox 780 930 879 974; x_wconf 90' lang='lat' dir='ltr'><strong>unum</strong></span> <span class='ocrx_word' id='word_1_52' title='bbox 904 908 1064 974; x_wconf 82' lang='lat' dir='ltr'><strong>committi</strong></span> <span class='ocrx_word' id='word_1_53' title='bbox 1087 909 1128 973; x_wconf 93' lang='lat' dir='ltr'><strong>ab</strong></span> <span class='ocrx_word' id='word_1_54' title='bbox 1152 929 1190 973; x_wconf 91' lang='lat' dir='ltr'><strong>eo</strong></span> <span class='ocrx_word' id='word_1_55' title='bbox 1214 910 1324 991; x_wconf 89' lang='lat' dir='ltr'><strong>quiin</strong></span> <span class='ocrx_word' id='word_1_56' title='bbox 1349 931 1442 975; x_wconf 89' lang='lat' dir='ltr'><strong>sacro</strong></span> 
     </span>
     <span class='ocr_line' id='line_1_8' title="bbox 119 997 1441 1083; baseline 0.001 -18"><span class='ocrx_word' id='word_1_57' title='bbox 119 999 273 1065; x_wconf 91' lang='lat' dir='ltr'><strong>tribunali</strong></span> <span class='ocrx_word' id='word_1_58' title='bbox 296 1021 356 1083; x_wconf 90' lang='lat' dir='ltr'><strong>pro</strong></span> <span class='ocrx_word' id='word_1_59' title='bbox 379 997 498 1064; x_wconf 91' lang='lat' dir='ltr'><strong>iudicio</strong></span> <span class='ocrx_word' id='word_1_60' title='bbox 521 998 616 1064; x_wconf 91' lang='lat' dir='ltr'><strong>sedet</strong></span> <span class='ocrx_word' id='word_1_61' title='bbox 639 998 710 1063; x_wconf 91' lang='lat' dir='ltr'><strong>sive</strong></span> <span class='ocrx_word' id='word_1_62' title='bbox 734 1020 832 1064; x_wconf 90' lang='lat' dir='ltr'><strong>unum</strong></span> <span class='ocrx_word' id='word_1_63' title='bbox 856 997 927 1064; x_wconf 87' lang='lat' dir='ltr'><strong>sive</strong></span> <span class='ocrx_word' id='word_1_64' title='bbox 950 999 1060 1081; x_wconf 92' lang='lat' dir='ltr'><strong>plures</strong></span> <span class='ocrx_word' id='word_1_65' title='bbox 1085 997 1198 1063; x_wconf 90' lang='lat' dir='ltr'><strong>audiat</strong></span> <span class='ocrx_word' id='word_1_66' title='bbox 1221 1002 1255 1063; x_wconf 91' lang='lat' dir='ltr'><strong>et</strong></span> <span class='ocrx_word' id='word_1_67' title='bbox 1278 1000 1441 1066; x_wconf 87' lang='lat' dir='ltr'><strong>absolvat.</strong></span> 
     </span>
    </p>

    <p class='ocr_par' dir='ltr' id='par_1_4' title="bbox 118 1086 1443 1436">
     <span class='ocr_line' id='line_1_9' title="bbox 207 1086 1443 1171; baseline -0.002 -17"><span class='ocrx_word' id='word_1_68' title='bbox 207 1088 356 1154; x_wconf 82' lang='lat' dir='ltr'><strong>Praetice</strong></span> <span class='ocrx_word' id='word_1_69' title='bbox 379 1089 481 1171; x_wconf 85' lang='lat' dir='ltr'><strong>igitur</strong></span> <span class='ocrx_word' id='word_1_70' title='bbox 504 1087 537 1152; x_wconf 92' lang='lat' dir='ltr'><strong>iu</strong></span> <span class='ocrx_word' id='word_1_71' title='bbox 560 1092 676 1154; x_wconf 91' lang='lat' dir='ltr'><strong>nostro</strong></span> <span class='ocrx_word' id='word_1_72' title='bbox 708 1109 787 1154; x_wconf 92' lang='lat' dir='ltr'><strong>casu</strong></span> <span class='ocrx_word' id='word_1_73' title='bbox 810 1089 910 1154; x_wconf 83' lang='lat' dir='ltr'><strong>Carus</strong></span> <span class='ocrx_word' id='word_1_74' title='bbox 940 1087 1085 1151; x_wconf 89' lang='lat' dir='ltr'><strong>indicare</strong></span> <span class='ocrx_word' id='word_1_75' title='bbox 1109 1086 1221 1152; x_wconf 90' lang='lat' dir='ltr'><strong>debet:</strong></span> <span class='ocrx_word' id='word_1_76' title='bbox 1257 1088 1289 1169; x_wconf 85' lang='lat'><strong>1)</strong></span> <span class='ocrx_word' id='word_1_77' title='bbox 1314 1089 1443 1169; x_wconf 88' lang='lat' dir='ltr'><strong>quoties</strong></span> 
     </span>
     <span class='ocr_line' id='line_1_10' title="bbox 118 1176 1443 1261; baseline 0 -19"><span class='ocrx_word' id='word_1_78' title='bbox 118 1177 151 1242; x_wconf 93' lang='lat' dir='ltr'><strong>in</strong></span> <span class='ocrx_word' id='word_1_79' title='bbox 174 1181 264 1244; x_wconf 90' lang='lat' dir='ltr'><strong>statu</strong></span> <span class='ocrx_word' id='word_1_80' title='bbox 281 1177 408 1261; x_wconf 87' lang='lat' dir='ltr'><strong>peccati</strong></span> <span class='ocrx_word' id='word_1_81' title='bbox 424 1177 656 1252; x_wconf 89' lang='lat' dir='ltr'><strong>celebraverit;</strong></span> <span class='ocrx_word' id='word_1_82' title='bbox 683 1176 717 1257; x_wconf 89' lang='grc'><strong>2)</strong></span> <span class='ocrx_word' id='word_1_83' title='bbox 733 1176 860 1259; x_wconf 90' lang='lat' dir='ltr'><strong>quoties</strong></span> <span class='ocrx_word' id='word_1_84' title='bbox 884 1181 1124 1243; x_wconf 89' lang='lat' dir='ltr'><strong>sacramentum</strong></span> <span class='ocrx_word' id='word_1_85' title='bbox 1149 1176 1279 1259; x_wconf 88' lang='lat' dir='ltr'><strong>aliquod</strong></span> <span class='ocrx_word' id='word_1_86' title='bbox 1304 1177 1443 1242; x_wconf 89' lang='lat' dir='ltr'><strong>admini-</strong></span> 
     </span>
     <span class='ocr_line' id='line_1_11' title="bbox 119 1265 1443 1349; baseline 0 -18"><span class='ocrx_word' id='word_1_87' title='bbox 119 1267 255 1332; x_wconf 90' lang='lat' dir='ltr'><strong>strando</strong></span> <span class='ocrx_word' id='word_1_88' title='bbox 278 1266 466 1333; x_wconf 88' lang='lat' dir='ltr'><strong>confecerit.</strong></span> <span class='ocrx_word' id='word_1_89' title='bbox 514 1266 644 1348; x_wconf 90' lang='lat' dir='ltr'><strong>(Potest</strong></span> <span class='ocrx_word' id='word_1_90' title='bbox 666 1271 777 1332; x_wconf 90' lang='lat' dir='ltr'><strong>tamen</strong></span> <span class='ocrx_word' id='word_1_91' title='bbox 801 1266 924 1331; x_wconf 88' lang='lat' dir='ltr'><strong>dicere:</strong></span> <span class='ocrx_word' id='word_1_92' title='bbox 948 1265 1049 1332; x_wconf 86' lang='lat' dir='ltr'><strong>toties</strong></span> <span class='ocrx_word' id='word_1_93' title='bbox 1072 1265 1142 1330; x_wconf 88' lang='lat' dir='ltr'><strong>sedi</strong></span> <span class='ocrx_word' id='word_1_94' title='bbox 1165 1266 1208 1330; x_wconf 90' lang='lat' dir='ltr'><strong>ad</strong></span> <span class='ocrx_word' id='word_1_95' title='bbox 1231 1265 1443 1349; x_wconf 86' lang='lat' dir='ltr'><strong>excipiendas</strong></span> 
     </span>
     <span class='ocr_line' id='line_1_12' title="bbox 119 1354 1441 1436; baseline -0.002 -15"><span class='ocrx_word' id='word_1_96' title='bbox 119 1355 341 1422; x_wconf 85' lang='lat' dir='ltr'><strong>confessiones</strong></span> <span class='ocrx_word' id='word_1_97' title='bbox 370 1355 626 1422; x_wconf 87' lang='lat' dir='ltr'><strong>sacramentales</strong></span> <span class='ocrx_word' id='word_1_98' title='bbox 640 1380 642 1385; x_wconf 56' lang='lat'><strong><em>¹</em></strong></span> <span class='ocrx_word' id='word_1_99' title='bbox 656 1377 695 1420; x_wconf 89' lang='lat' dir='ltr'><strong>ac</strong></span> <span class='ocrx_word' id='word_1_100' title='bbox 725 1355 825 1421; x_wconf 91' lang='lat' dir='ltr'><strong>toties</strong></span> <span class='ocrx_word' id='word_1_101' title='bbox 855 1355 921 1420; x_wconf 90' lang='lat' dir='ltr'><strong>alia</strong></span> <span class='ocrx_word' id='word_1_102' title='bbox 950 1358 1157 1420; x_wconf 88' lang='lat' dir='ltr'><strong>sacramenta</strong></span> <span class='ocrx_word' id='word_1_103' title='bbox 1187 1354 1441 1436; x_wconf 84' lang='lat' dir='ltr'><strong>administravi.)</strong></span> 
     </span>
    </p>
   </div>
   <div class='ocr_carea' id='block_1_4' title="bbox 273 1554 1287 1622">
    <p class='ocr_par' dir='ltr' id='par_1_5' title="bbox 273 1554 1287 1622">
     <span class='ocr_line' id='line_1_13' title="bbox 273 1554 1287 1622; baseline 0 -1"><span class='ocrx_word' id='word_1_104' title='bbox 273 1557 332 1621; x_wconf 81' lang='lat' dir='ltr'><strong>DE</strong></span> <span class='ocrx_word' id='word_1_105' title='bbox 358 1555 655 1622; x_wconf 80' lang='lat' dir='ltr'>OBLIGATIONE</span> <span class='ocrx_word' id='word_1_106' title='bbox 679 1554 961 1622; x_wconf 80' lang='lat' dir='ltr'>SAORAMENTI</span> <span class='ocrx_word' id='word_1_107' title='bbox 985 1554 1287 1621; x_wconf 85' lang='lat' dir='ltr'><strong>MINISTRANDI.</strong></span> 
     </span>
    </p>
   </div>
   <div class='ocr_carea' id='block_1_5' title="bbox 688 1722 877 1798">
    <p class='ocr_par' dir='ltr' id='par_1_6' title="bbox 688 1722 877 1798">
     <span class='ocr_line' id='line_1_14' title="bbox 688 1722 877 1798; baseline -0.016 -11"><span class='ocrx_word' id='word_1_108' title='bbox 688 1722 798 1788; x_wconf 77' lang='lat' dir='ltr'><strong>(lasus.</strong></span> <span class='ocrx_word' id='word_1_109' title='bbox 819 1729 877 1798; x_wconf 87' lang='lat'>(10)</span> 
     </span>
    </p>
   </div>
   <div class='ocr_carea' id='block_1_6' title="bbox 269 1861 1296 1933">
    <p class='ocr_par' dir='ltr' id='par_1_7' title="bbox 269 1861 1296 1933">
     <span class='ocr_line' id='line_1_15' title="bbox 269 1861 1296 1933; baseline 0.001 -18"><span class='ocrx_word' id='word_1_110' title='bbox 269 1862 336 1932; x_wconf 85' lang='lat' dir='ltr'><strong>(Ipsi</strong></span> <span class='ocrx_word' id='word_1_111' title='bbox 356 1879 433 1915; x_wconf 84' lang='lat' dir='ltr'><strong>casas</strong></span> <span class='ocrx_word' id='word_1_112' title='bbox 452 1862 557 1916; x_wconf 83' lang='lat'>10-12</span> <span class='ocrx_word' id='word_1_113' title='bbox 575 1865 640 1916; x_wconf 89' lang='lat' dir='ltr'><strong>sunt</strong></span> <span class='ocrx_word' id='word_1_114' title='bbox 658 1880 692 1916; x_wconf 84' lang='lat' dir='ltr'><strong>ex</strong></span> <span class='ocrx_word' id='word_1_115' title='bbox 711 1861 886 1916; x_wconf 85' lang='lat' dir='ltr'><strong>conferentiis</strong></span> <span class='ocrx_word' id='word_1_116' title='bbox 905 1861 1005 1915; x_wconf 85' lang='lat' dir='ltr'><strong>Romae</strong></span> <span class='ocrx_word' id='word_1_117' title='bbox 1024 1861 1125 1915; x_wconf 88' lang='lat' dir='ltr'><strong>habitis</strong></span> <span class='ocrx_word' id='word_1_118' title='bbox 1143 1865 1174 1916; x_wconf 92' lang='lat' dir='ltr'><strong>ut</strong></span> <span class='ocrx_word' id='word_1_119' title='bbox 1192 1862 1296 1933; x_wconf 69' lang='lat' dir='ltr'><strong>supra.)</strong></span> 
     </span>
    </p>
   </div>
   <div class='ocr_carea' id='block_1_7' title="bbox 208 1970 1441 2071">
    <p class='ocr_par' dir='ltr' id='par_1_8' title="bbox 208 1970 1441 2071">
     <span class='ocr_line' id='line_1_16' title="bbox 208 1970 1441 2071; baseline 0.002 -18"><span class='ocrx_word' id='word_1_120' title='bbox 208 1970 383 2069; x_wconf 40' lang='lat' dir='ltr'><strong>Titiussqui</strong></span> <span class='ocrx_word' id='word_1_121' title='bbox 404 1995 497 2071; x_wconf 91' lang='lat' dir='ltr'><strong>primo</strong></span> <span class='ocrx_word' id='word_1_122' title='bbox 518 1994 687 2071; x_wconf 89' lang='lat' dir='ltr'><strong>paroeciam</strong></span> <span class='ocrx_word' id='word_1_123' title='bbox 708 1999 865 2054; x_wconf 88' lang='lat' dir='ltr'><strong>assecutus</strong></span> <span class='ocrx_word' id='word_1_124' title='bbox 886 2014 993 2069; x_wconf 83' lang='lat' dir='ltr'><strong>magno</strong></span> <span class='ocrx_word' id='word_1_125' title='bbox 1016 1993 1078 2052; x_wconf 89' lang='lat' dir='ltr'><strong>zelo</strong></span> <span class='ocrx_word' id='word_1_126' title='bbox 1100 1994 1190 2052; x_wconf 89' lang='lat' dir='ltr'><strong>saluti</strong></span> <span class='ocrx_word' id='word_1_127' title='bbox 1212 1995 1380 2054; x_wconf 89' lang='lat' dir='ltr'><strong>animarum</strong></span> <span class='ocrx_word' id='word_1_128' title='bbox 1400 1998 1441 2056; x_wconf 92' lang='lat' dir='ltr'><strong>in·</strong></span> 
     </span>
    </p>
   </div>
   <div class='ocr_carea' id='block_1_8' title="bbox 117 2074 1442 3194">
    <p class='ocr_par' dir='ltr' id='par_1_9' title="bbox 117 2074 1442 2776">
     <span class='ocr_line' id='line_1_17' title="bbox 119 2074 1442 2151; baseline 0.002 -17"><span class='ocrx_word' id='word_1_129' title='bbox 119 2077 285 2146; x_wconf 88' lang='lat' dir='ltr'><strong>cumbebat,</strong></span> <span class='ocrx_word' id='word_1_130' title='bbox 307 2074 532 2134; x_wconf 89' lang='lat' dir='ltr'><strong>succedentibus</strong></span> <span class='ocrx_word' id='word_1_131' title='bbox 547 2074 634 2134; x_wconf 90' lang='lat' dir='ltr'><strong>annis</strong></span> <span class='ocrx_word' id='word_1_132' title='bbox 649 2094 667 2134; x_wconf 89' lang='lat' dir='ltr'><strong>a</strong></span> <span class='ocrx_word' id='word_1_133' title='bbox 681 2075 808 2151; x_wconf 89' lang='lat' dir='ltr'><strong>pristino</strong></span> <span class='ocrx_word' id='word_1_134' title='bbox 830 2077 948 2134; x_wconf 85' lang='lat' dir='ltr'><strong>fervore</strong></span> <span class='ocrx_word' id='word_1_135' title='bbox 969 2093 1029 2133; x_wconf 91' lang='lat' dir='ltr'><strong>non</strong></span> <span class='ocrx_word' id='word_1_136' title='bbox 1043 2093 1146 2150; x_wconf 90' lang='lat' dir='ltr'><strong>parum</strong></span> <span class='ocrx_word' id='word_1_137' title='bbox 1169 2074 1339 2135; x_wconf 82' lang='lat' dir='ltr'><strong>declinavit.</strong></span> <span class='ocrx_word' id='word_1_138' title='bbox 1371 2077 1442 2136; x_wconf 82' lang='lat' dir='ltr'><strong>Gum</strong></span> 
     </span>
     <span class='ocr_line' id='line_1_18' title="bbox 119 2153 1441 2231; baseline 0.002 -16"><span class='ocrx_word' id='word_1_139' title='bbox 119 2155 197 2215; x_wconf 91' lang='lat' dir='ltr'><strong>enirn</strong></span> <span class='ocrx_word' id='word_1_140' title='bbox 218 2155 293 2214; x_wconf 90' lang='lat' dir='ltr'><strong>satis</strong></span> <span class='ocrx_word' id='word_1_141' title='bbox 311 2155 431 2213; x_wconf 86' lang='lat' dir='ltr'><strong>assidue</strong></span> <span class='ocrx_word' id='word_1_142' title='bbox 452 2155 687 2214; x_wconf 87' lang='lat' dir='ltr'><strong>sollemnioribus</strong></span> <span class='ocrx_word' id='word_1_143' title='bbox 702 2157 789 2214; x_wconf 90' lang='lat' dir='ltr'><strong>festis</strong></span> <span class='ocrx_word' id='word_1_144' title='bbox 804 2156 834 2214; x_wconf 92' lang='lat' dir='ltr'><strong>in</strong></span> <span class='ocrx_word' id='word_1_145' title='bbox 848 2155 990 2214; x_wconf 86' lang='lat' dir='ltr'><strong>tribunali</strong></span> <span class='ocrx_word' id='word_1_146' title='bbox 1005 2153 1206 2231; x_wconf 90' lang='lat' dir='ltr'><strong>paenitentiae</strong></span> <span class='ocrx_word' id='word_1_147' title='bbox 1221 2155 1309 2225; x_wconf 87' lang='lat' dir='ltr'><strong>adsit,</strong></span> <span class='ocrx_word' id='word_1_148' title='bbox 1333 2157 1359 2215; x_wconf 91' lang='lat' dir='ltr'><strong>si</strong></span> <span class='ocrx_word' id='word_1_149' title='bbox 1375 2158 1441 2217; x_wconf 89' lang='lat' dir='ltr'><strong>aliis</strong></span> 
     </span>
     <span class='ocr_line' id='line_1_19' title="bbox 119 2234 1438 2310; baseline 0.002 -16"><span class='ocrx_word' id='word_1_150' title='bbox 119 2236 222 2295; x_wconf 91' lang='lat' dir='ltr'><strong>diebus</strong></span> <span class='ocrx_word' id='word_1_151' title='bbox 244 2235 281 2294; x_wconf 91' lang='lat' dir='ltr'><strong>ad</strong></span> <span class='ocrx_word' id='word_1_152' title='bbox 302 2234 506 2294; x_wconf 83' lang='lat' dir='ltr'><strong>confessiones</strong></span> <span class='ocrx_word' id='word_1_153' title='bbox 527 2236 688 2294; x_wconf 89' lang='lat' dir='ltr'><strong>audiendas</strong></span> <span class='ocrx_word' id='word_1_154' title='bbox 716 2239 855 2304; x_wconf 87' lang='lat' dir='ltr'><strong>vocetur,</strong></span> <span class='ocrx_word' id='word_1_155' title='bbox 887 2256 919 2294; x_wconf 90' lang='lat' dir='ltr'><strong>se</strong></span> <span class='ocrx_word' id='word_1_156' title='bbox 948 2255 1095 2294; x_wconf 89' lang='lat' dir='ltr'><strong>morosum</strong></span> <span class='ocrx_word' id='word_1_157' title='bbox 1124 2236 1244 2294; x_wconf 82' lang='lat' dir='ltr'><strong>exhibet</strong></span> <span class='ocrx_word' id='word_1_158' title='bbox 1271 2255 1343 2310; x_wconf 87' lang='lat' dir='ltr'><strong>erga</strong></span> <span class='ocrx_word' id='word_1_159' title='bbox 1372 2237 1438 2297; x_wconf 93' lang='lat' dir='ltr'><strong>illos</strong></span> 
     </span>
     <span class='ocr_line' id='line_1_20' title="bbox 118 2314 1440 2393; baseline 0.002 -20"><span class='ocrx_word' id='word_1_160' title='bbox 118 2316 293 2393; x_wconf 90' lang='lat' dir='ltr'><strong>praesertim</strong></span> <span class='ocrx_word' id='word_1_161' title='bbox 315 2315 363 2390; x_wconf 93' lang='lat' dir='ltr'><strong>qui</strong></span> <span class='ocrx_word' id='word_1_162' title='bbox 387 2316 557 2389; x_wconf 88' lang='lat' dir='ltr'><strong>frequenter</strong></span> <span class='ocrx_word' id='word_1_163' title='bbox 579 2315 617 2374; x_wconf 92' lang='lat' dir='ltr'><strong>ad</strong></span> <span class='ocrx_word' id='word_1_164' title='bbox 631 2321 818 2375; x_wconf 88' lang='lat' dir='ltr'><strong>sacramenta</strong></span> <span class='ocrx_word' id='word_1_165' title='bbox 834 2314 974 2374; x_wconf 89' lang='lat' dir='ltr'><strong>accedere</strong></span> <span class='ocrx_word' id='word_1_166' title='bbox 999 2314 1104 2381; x_wconf 82' lang='lat' dir='ltr'><strong>solent,</strong></span> <span class='ocrx_word' id='word_1_167' title='bbox 1127 2315 1263 2391; x_wconf 89' lang='lat' dir='ltr'><strong>inquiens</strong></span> <span class='ocrx_word' id='word_1_168' title='bbox 1285 2336 1440 2376; x_wconf 86' lang='lat' dir='ltr'><strong>excessum</strong></span> 
     </span>
     <span class='ocr_line' id='line_1_21' title="bbox 118 2394 1441 2472; baseline 0.002 -18"><span class='ocrx_word' id='word_1_169' title='bbox 118 2395 207 2455; x_wconf 90' lang='lat' dir='ltr'><strong>etiam</strong></span> <span class='ocrx_word' id='word_1_170' title='bbox 228 2396 259 2454; x_wconf 94' lang='lat' dir='ltr'><strong>in</strong></span> <span class='ocrx_word' id='word_1_171' title='bbox 280 2394 484 2472; x_wconf 88' lang='lat' dir='ltr'><strong>spiritualibus</strong></span> <span class='ocrx_word' id='word_1_172' title='bbox 506 2394 646 2454; x_wconf 86' lang='lat' dir='ltr'><strong>vitiosum</strong></span> <span class='ocrx_word' id='word_1_173' title='bbox 667 2415 742 2455; x_wconf 86' lang='lat' dir='ltr'><strong>esse.</strong></span> <span class='ocrx_word' id='word_1_174' title='bbox 784 2396 889 2455; x_wconf 87' lang='lat' dir='ltr'><strong>Relate</strong></span> <span class='ocrx_word' id='word_1_175' title='bbox 920 2415 990 2454; x_wconf 88' lang='lat' dir='ltr'><strong>vero</strong></span> <span class='ocrx_word' id='word_1_176' title='bbox 1019 2395 1055 2453; x_wconf 91' lang='lat' dir='ltr'><strong>ad</strong></span> <span class='ocrx_word' id='word_1_177' title='bbox 1086 2395 1218 2454; x_wconf 89' lang='lat' dir='ltr'><strong>infirmos</strong></span> <span class='ocrx_word' id='word_1_178' title='bbox 1240 2397 1374 2470; x_wconf 85' lang='lat' dir='ltr'><strong>graviter</strong></span> <span class='ocrx_word' id='word_1_179' title='bbox 1396 2399 1441 2457; x_wconf 89' lang='lat' dir='ltr'><strong>de·</strong></span> 
     </span>
     <span class='ocr_line' id='line_1_22' title="bbox 118 2474 1440 2552; baseline 0.001 -17"><span class='ocrx_word' id='word_1_180' title='bbox 118 2478 290 2535; x_wconf 88' lang='lat' dir='ltr'><strong>cumbentes</strong></span> <span class='ocrx_word' id='word_1_181' title='bbox 311 2475 354 2534; x_wconf 88' lang='lat' dir='ltr'><strong>ita</strong></span> <span class='ocrx_word' id='word_1_182' title='bbox 375 2494 408 2533; x_wconf 92' lang='lat' dir='ltr'><strong>se</strong></span> <span class='ocrx_word' id='word_1_183' title='bbox 428 2474 506 2549; x_wconf 83' lang='lat' dir='ltr'><strong>gerit</strong></span> <span class='ocrx_word' id='word_1_184' title='bbox 527 2480 560 2534; x_wconf 93' lang='lat' dir='ltr'><strong>ut</strong></span> <span class='ocrx_word' id='word_1_185' title='bbox 581 2495 665 2550; x_wconf 89' lang='lat' dir='ltr'><strong>quarn</strong></span> <span class='ocrx_word' id='word_1_186' title='bbox 688 2476 829 2535; x_wconf 90' lang='lat' dir='ltr'><strong>citissime</strong></span> <span class='ocrx_word' id='word_1_187' title='bbox 850 2476 965 2535; x_wconf 88' lang='lat' dir='ltr'><strong>illorum</strong></span> <span class='ocrx_word' id='word_1_188' title='bbox 987 2475 1191 2534; x_wconf 84' lang='lat' dir='ltr'><strong>confessiones</strong></span> <span class='ocrx_word' id='word_1_189' title='bbox 1213 2476 1358 2552; x_wconf 89' lang='lat' dir='ltr'><strong>excipiat,</strong></span> <span class='ocrx_word' id='word_1_190' title='bbox 1381 2479 1440 2537; x_wconf 80' lang='lat' dir='ltr'><strong>ria·</strong></span> 
     </span>
     <span class='ocr_line' id='line_1_23' title="bbox 117 2555 1440 2632; baseline 0.002 -17"><span class='ocrx_word' id='word_1_191' title='bbox 117 2556 207 2615; x_wconf 88' lang='lat' dir='ltr'><strong>ticum</strong></span> <span class='ocrx_word' id='word_1_192' title='bbox 239 2562 269 2614; x_wconf 90' lang='lat' dir='ltr'><strong>et</strong></span> <span class='ocrx_word' id='word_1_193' title='bbox 290 2561 451 2614; x_wconf 87' lang='lat' dir='ltr'><strong>extremam</strong></span> <span class='ocrx_word' id='word_1_194' title='bbox 473 2555 640 2614; x_wconf 91' lang='lat' dir='ltr'><strong>unctionem</strong></span> <span class='ocrx_word' id='word_1_195' title='bbox 660 2555 764 2614; x_wconf 90' lang='lat' dir='ltr'><strong>iisdem</strong></span> <span class='ocrx_word' id='word_1_196' title='bbox 785 2558 941 2632; x_wconf 82' lang='lat' dir='ltr'><strong>praebeat,</strong></span> <span class='ocrx_word' id='word_1_197' title='bbox 973 2555 1044 2614; x_wconf 86' lang='lat' dir='ltr'><strong>data</strong></span> <span class='ocrx_word' id='word_1_198' title='bbox 1073 2556 1163 2614; x_wconf 89' lang='lat' dir='ltr'><strong>etiam</strong></span> <span class='ocrx_word' id='word_1_199' title='bbox 1184 2555 1390 2616; x_wconf 91' lang='lat' dir='ltr'><strong>benedictione</strong></span> <span class='ocrx_word' id='word_1_200' title='bbox 1411 2559 1440 2617; x_wconf 91' lang='lat' dir='ltr'><strong>in</strong></span> 
     </span>
     <span class='ocr_line' id='line_1_24' title="bbox 118 2635 1438 2714; baseline 0.002 -19"><span class='ocrx_word' id='word_1_201' title='bbox 118 2637 243 2696; x_wconf 88' lang='lat' dir='ltr'><strong>articulo</strong></span> <span class='ocrx_word' id='word_1_202' title='bbox 264 2635 382 2706; x_wconf 90' lang='lat' dir='ltr'><strong>mortis,</strong></span> <span class='ocrx_word' id='word_1_203' title='bbox 403 2654 476 2711; x_wconf 89' lang='lat' dir='ltr'><strong>quos</strong></span> <span class='ocrx_word' id='word_1_204' title='bbox 498 2635 603 2694; x_wconf 90' lang='lat' dir='ltr'><strong>deinde</strong></span> <span class='ocrx_word' id='word_1_205' title='bbox 624 2635 741 2694; x_wconf 83' lang='lat' dir='ltr'><strong>divinae</strong></span> <span class='ocrx_word' id='word_1_206' title='bbox 762 2636 982 2695; x_wconf 89' lang='lat' dir='ltr'><strong>misericordiae</strong></span> <span class='ocrx_word' id='word_1_207' title='bbox 1003 2635 1175 2706; x_wconf 90' lang='lat' dir='ltr'><strong>committit,</strong></span> <span class='ocrx_word' id='word_1_208' title='bbox 1197 2655 1291 2711; x_wconf 90' lang='lat' dir='ltr'><strong>neque</strong></span> <span class='ocrx_word' id='word_1_209' title='bbox 1313 2638 1438 2714; x_wconf 90' lang='lat' dir='ltr'><strong>amplius</strong></span> 
     </span>
     <span class='ocr_line' id='line_1_25' title="bbox 119 2716 351 2776; baseline -0.004 -1"><span class='ocrx_word' id='word_1_210' title='bbox 119 2717 157 2776; x_wconf 89' lang='lat' dir='ltr'><strong>ad</strong></span> <span class='ocrx_word' id='word_1_211' title='bbox 177 2716 246 2776; x_wconf 83' lang='lat' dir='ltr'><strong>illos</strong></span> <span class='ocrx_word' id='word_1_212' title='bbox 266 2716 351 2775; x_wconf 90' lang='lat' dir='ltr'><strong>redit.</strong></span> 
     </span>
    </p>

    <p class='ocr_par' dir='ltr' id='par_1_10' title="bbox 118 2794 1439 3194">
     <span class='ocr_line' id='line_1_26' title="bbox 208 2794 1439 2872; baseline 0.001 -16"><span class='ocrx_word' id='word_1_213' title='bbox 208 2797 374 2856; x_wconf 84' lang='lat' dir='ltr'><strong>Grassante</strong></span> <span class='ocrx_word' id='word_1_214' title='bbox 395 2794 519 2871; x_wconf 90' lang='lat' dir='ltr'><strong>quodam</strong></span> <span class='ocrx_word' id='word_1_215' title='bbox 542 2798 641 2853; x_wconf 90' lang='lat' dir='ltr'><strong>morbo</strong></span> <span class='ocrx_word' id='word_1_216' title='bbox 663 2795 836 2869; x_wconf 85' lang='lat' dir='ltr'><strong>contagioso</strong></span> <span class='ocrx_word' id='word_1_217' title='bbox 857 2796 936 2855; x_wconf 91' lang='lat' dir='ltr'><strong>intra</strong></span> <span class='ocrx_word' id='word_1_218' title='bbox 958 2816 1029 2854; x_wconf 89' lang='lat' dir='ltr'><strong>suae</strong></span> <span class='ocrx_word' id='word_1_219' title='bbox 1051 2796 1208 2872; x_wconf 87' lang='lat' dir='ltr'><strong>paroeciae</strong></span> <span class='ocrx_word' id='word_1_220' title='bbox 1229 2797 1320 2865; x_wconf 86' lang='lat' dir='ltr'><strong>fines,</strong></span> <span class='ocrx_word' id='word_1_221' title='bbox 1344 2798 1439 2857; x_wconf 87' lang='lat' dir='ltr'><strong>Titius</strong></span> 
     </span>
     <span class='ocr_line' id='line_1_27' title="bbox 118 2875 1439 2952; baseline 0.001 -16"><span class='ocrx_word' id='word_1_222' title='bbox 118 2877 174 2936; x_wconf 90' lang='lat' dir='ltr'><strong>sibi</strong></span> <span class='ocrx_word' id='word_1_223' title='bbox 203 2879 311 2936; x_wconf 88' lang='lat' dir='ltr'><strong>timens</strong></span> <span class='ocrx_word' id='word_1_224' title='bbox 338 2877 440 2951; x_wconf 83' lang='lat' dir='ltr'><strong>fugam</strong></span> <span class='ocrx_word' id='word_1_225' title='bbox 469 2875 607 2952; x_wconf 88' lang='lat' dir='ltr'><strong>arripuit,</strong></span> <span class='ocrx_word' id='word_1_226' title='bbox 636 2875 740 2934; x_wconf 92' lang='lat' dir='ltr'><strong>relicto</strong></span> <span class='ocrx_word' id='word_1_227' title='bbox 769 2881 869 2934; x_wconf 90' lang='lat' dir='ltr'><strong>tamen</strong></span> <span class='ocrx_word' id='word_1_228' title='bbox 896 2877 1001 2935; x_wconf 89' lang='lat' dir='ltr'><strong>idoneo</strong></span> <span class='ocrx_word' id='word_1_229' title='bbox 1029 2876 1150 2934; x_wconf 89' lang='lat' dir='ltr'><strong>vicario.</strong></span> <span class='ocrx_word' id='word_1_230' title='bbox 1193 2876 1250 2935; x_wconf 88' lang='lat' dir='ltr'><strong>Sed</strong></span> <span class='ocrx_word' id='word_1_231' title='bbox 1279 2877 1382 2937; x_wconf 88' lang='lat' dir='ltr'><strong>iussus</strong></span> <span class='ocrx_word' id='word_1_232' title='bbox 1403 2880 1439 2937; x_wconf 90' lang='lat' dir='ltr'><strong>ab</strong></span> 
     </span>
     <span class='ocr_line' id='line_1_28' title="bbox 118 2954 1439 3035; baseline 0.002 -20"><span class='ocrx_word' id='word_1_233' title='bbox 118 2956 257 3034; x_wconf 91' lang='lat' dir='ltr'><strong>episcopo</strong></span> <span class='ocrx_word' id='word_1_234' title='bbox 287 2959 341 3016; x_wconf 90' lang='lat' dir='ltr'><strong>sub</strong></span> <span class='ocrx_word' id='word_1_235' title='bbox 368 2954 593 3016; x_wconf 88' lang='lat' dir='ltr'><strong>comminatione</strong></span> <span class='ocrx_word' id='word_1_236' title='bbox 621 2955 825 3031; x_wconf 88' lang='lat' dir='ltr'><strong>suspensionis</strong></span> <span class='ocrx_word' id='word_1_237' title='bbox 855 2955 891 3014; x_wconf 90' lang='lat' dir='ltr'><strong>ad</strong></span> <span class='ocrx_word' id='word_1_238' title='bbox 919 2957 1087 3032; x_wconf 90' lang='lat' dir='ltr'><strong>paroeciam</strong></span> <span class='ocrx_word' id='word_1_239' title='bbox 1115 2955 1226 3023; x_wconf 87' lang='lat' dir='ltr'><strong>redire,</strong></span> <span class='ocrx_word' id='word_1_240' title='bbox 1256 2959 1439 3035; x_wconf 89' lang='lat' dir='ltr'><strong>obtemperat</strong></span> 
     </span>
     <span class='ocr_line' id='line_1_29' title="bbox 118 3036 1438 3113; baseline 0.001 -17"><span class='ocrx_word' id='word_1_241' title='bbox 118 3037 250 3113; x_wconf 90' lang='lat' dir='ltr'><strong>quidem,</strong></span> <span class='ocrx_word' id='word_1_242' title='bbox 273 3038 335 3106; x_wconf 83' lang='lat' dir='ltr'><strong>ssd,</strong></span> <span class='ocrx_word' id='word_1_243' title='bbox 357 3037 423 3096; x_wconf 90' lang='lat' dir='ltr'><strong>dum</strong></span> <span class='ocrx_word' id='word_1_244' title='bbox 446 3036 503 3095; x_wconf 91' lang='lat' dir='ltr'><strong>sibi</strong></span> <span class='ocrx_word' id='word_1_245' title='bbox 523 3055 662 3095; x_wconf 90' lang='lat' dir='ltr'><strong>sanorum</strong></span> <span class='ocrx_word' id='word_1_246' title='bbox 683 3055 783 3095; x_wconf 91' lang='lat' dir='ltr'><strong>curam</strong></span> <span class='ocrx_word' id='word_1_247' title='bbox 804 3045 949 3106; x_wconf 88' lang='lat' dir='ltr'><strong>reservat,</strong></span> <span class='ocrx_word' id='word_1_248' title='bbox 971 3036 1152 3094; x_wconf 81' lang='lat' dir='ltr'><strong>intirmorum</strong></span> <span class='ocrx_word' id='word_1_249' title='bbox 1174 3037 1378 3097; x_wconf 87' lang='lat' dir='ltr'><strong>assistentiam</strong></span> <span class='ocrx_word' id='word_1_250' title='bbox 1400 3040 1438 3097; x_wconf 83' lang='lat' dir='ltr'><strong>vi·</strong></span> 
     </span>
     <span class='ocr_line' id='line_1_30' title="bbox 118 3117 366 3194; baseline 0.008 -19"><span class='ocrx_word' id='word_1_251' title='bbox 118 3117 198 3177; x_wconf 85' lang='lat' dir='ltr'><strong>cario</strong></span> <span class='ocrx_word' id='word_1_252' title='bbox 219 3117 366 3194; x_wconf 87' lang='lat' dir='ltr'><strong>relinquit.</strong></span> 
     </span>
    </p>
   </div>
   <div class='ocr_carea' id='block_1_9' title="bbox 120 3241 1439 3395">
    <p class='ocr_par' dir='ltr' id='par_1_11' title="bbox 120 3241 1439 3395">
     <span class='ocr_line' id='line_1_31' title="bbox 120 3241 1439 3395; baseline 0.002 -95"><span class='ocrx_word' id='word_1_253' title='bbox 120 3241 297 3312; x_wconf 76' lang='lat' dir='ltr'><strong>Quannrrun</strong></span> <span class='ocrx_word' id='word_1_254' title='bbox 327 3243 355 3298; x_wconf 88' lang='lat' dir='ltr'><strong>l⁰</strong></span> <span class='ocrx_word' id='word_1_255' title='bbox 381 3261 421 3395; x_wconf 53' lang='grc' dir='ltr'><strong>ῗη</strong></span> <span class='ocrx_word' id='word_1_256' title='bbox 445 3248 616 3378; x_wconf 57' lang='lat' dir='ltr'><strong>nedaqmw</strong></span> <span class='ocrx_word' id='word_1_257' title='bbox 647 3243 685 3300; x_wconf 83' lang='lat' dir='ltr'><strong>sit</strong></span> <span class='ocrx_word' id='word_1_258' title='bbox 720 3242 852 3317; x_wconf 78' lang='lat' dir='ltr'><strong>oblipatio</strong></span> <span class='ocrx_word' id='word_1_259' title='bbox 877 3244 1006 3299; x_wconf 80' lang='lat' dir='ltr'><strong>ministri</strong></span> <span class='ocrx_word' id='word_1_260' title='bbox 1038 3243 1133 3319; x_wconf 80' lang='lat' dir='ltr'><strong>quoad</strong></span> <span class='ocrx_word' id='word_1_261' title='bbox 1168 3252 1350 3302; x_wconf 77' lang='lat' dir='ltr'><strong>sacraemnta</strong></span> <span class='ocrx_word' id='word_1_262' title='bbox 1381 3264 1439 3304; x_wconf 89' lang='lat' dir='ltr'><strong>con·</strong></span> 
     </span>
     <span class='ocr_line' id='line_1_32' title="bbox 398 3340 511 3379; baseline 0 -1"><span class='ocrx_word' id='word_1_263' title='bbox 398 3340 444 3379; x_wconf 86' lang='lat' dir='ltr'><strong>era</strong></span> <span class='ocrx_word' id='word_1_264' title='bbox 505 3366 511 3378; x_wconf 95' lang='lat'><strong>.</strong></span> 
     </span>
    </p>
   </div>
   <div class='ocr_carea' id='block_1_10' title="bbox 319 3410 1439 3548">
    <p class='ocr_par' dir='ltr' id='par_1_12' title="bbox 319 3410 1439 3548">
     <span class='ocr_line' id='line_1_33' title="bbox 319 3410 1439 3487; baseline 0.004 -20"><span class='ocrx_word' id='word_1_265' title='bbox 319 3410 349 3467; x_wconf 73' lang='grc' dir='ltr'><strong>2ο</strong></span> <span class='ocrx_word' id='word_1_266' title='bbox 377 3411 561 3487; x_wconf 81' lang='lat' dir='ltr'><strong>quandonam</strong></span> <span class='ocrx_word' id='word_1_267' title='bbox 595 3419 775 3469; x_wconf 81' lang='lat' dir='ltr'><strong>sacramenta</strong></span> <span class='ocrx_word' id='word_1_268' title='bbox 806 3413 892 3469; x_wconf 79' lang='lat' dir='ltr'><strong>etiam</strong></span> <span class='ocrx_word' id='word_1_269' title='bbox 928 3430 990 3468; x_wconf 73' lang='lat' dir='ltr'><strong>narn</strong></span> <span class='ocrx_word' id='word_1_270' title='bbox 1020 3413 1093 3469; x_wconf 83' lang='lat' dir='ltr'><strong>vitoe</strong></span> <span class='ocrx_word' id='word_1_271' title='bbox 1118 3412 1246 3487; x_wconf 80' lang='lat' dir='ltr'><strong>pericnlo</strong></span> <span class='ocrx_word' id='word_1_272' title='bbox 1273 3417 1439 3474; x_wconf 78' lang='lat' dir='ltr'><strong>ministrare</strong></span> 
     </span>
     <span class='ocr_line' id='line_1_34' title="bbox 377 3498 516 3548; baseline 0 -1"><span class='ocrx_word' id='word_1_273' title='bbox 377 3498 516 3548; x_wconf 80' lang='lat' dir='ltr'><strong>teneatur.</strong></span> 
     </span>
    </p>
   </div>
   <div class='ocr_carea' id='block_1_11' title="bbox 318 3579 1236 3656">
    <p class='ocr_par' dir='ltr' id='par_1_13' title="bbox 318 3579 1236 3656">
     <span class='ocr_line' id='line_1_35' title="bbox 318 3579 1236 3656; baseline 0.002 -19"><span class='ocrx_word' id='word_1_274' title='bbox 318 3579 348 3637; x_wconf 77' lang='lat'><strong>3⁰</strong></span> <span class='ocrx_word' id='word_1_275' title='bbox 375 3598 415 3636; x_wconf 79' lang='lat' dir='ltr'><strong>arr</strong></span> <span class='ocrx_word' id='word_1_276' title='bbox 435 3581 466 3638; x_wconf 77' lang='lat' dir='ltr'><strong>in</strong></span> <span class='ocrx_word' id='word_1_277' title='bbox 487 3579 617 3637; x_wconf 78' lang='lat' dir='ltr'><strong>omnibus</strong></span> <span class='ocrx_word' id='word_1_278' title='bbox 638 3581 672 3636; x_wconf 81' lang='lat' dir='ltr'><strong>de</strong></span> <span class='ocrx_word' id='word_1_279' title='bbox 692 3580 795 3656; x_wconf 79' lang='lat' dir='ltr'><strong>quibas</strong></span> <span class='ocrx_word' id='word_1_280' title='bbox 815 3582 846 3636; x_wconf 84' lang='lat' dir='ltr'><strong>in</strong></span> <span class='ocrx_word' id='word_1_281' title='bbox 867 3598 934 3637; x_wconf 87' lang='lat' dir='ltr'><strong>casn</strong></span> <span class='ocrx_word' id='word_1_282' title='bbox 960 3579 1054 3638; x_wconf 79' lang='lat' dir='ltr'><strong>Titius</strong></span> <span class='ocrx_word' id='word_1_283' title='bbox 1073 3584 1236 3656; x_wconf 75' lang='lat' dir='ltr'><strong>peccaverit.</strong></span> 
     </span>
    </p>
   </div>
   <div class='ocr_carea' id='block_1_12' title="bbox 713 3769 848 3836">
    <p class='ocr_par' dir='ltr' id='par_1_14' title="bbox 713 3769 848 3836">
     <span class='ocr_line' id='line_1_36' title="bbox 713 3769 848 3836; baseline -0.007 0"><span class='ocrx_word' id='word_1_284' title='bbox 713 3769 848 3836; x_wconf 86' lang='lat' dir='ltr'><strong>Salutio.</strong></span> 
     </span>
    </p>
   </div>
   <div class='ocr_carea' id='block_1_13' title="bbox 74 3918 1440 4717">
    <p class='ocr_par' dir='ltr' id='par_1_15' title="bbox 74 3918 1440 4717">
     <span class='ocr_line' id='line_1_37' title="bbox 74 3918 1439 4003; baseline -0.002 -13"><span class='ocrx_word' id='word_1_285' title='bbox 74 3938 108 3991; x_wconf 81' lang='lat'><strong>28</strong></span> <span class='ocrx_word' id='word_1_286' title='bbox 207 3920 259 3985; x_wconf 85' lang='lat' dir='ltr'><strong>Ao</strong></span> <span class='ocrx_word' id='word_1_287' title='bbox 287 3940 479 3995; x_wconf 75' lang='lat' dir='ltr'><strong>oonrsrron</strong></span> <span class='ocrx_word' id='word_1_288' title='bbox 505 3922 542 3983; x_wconf 70' lang='lat'><strong>1⁰</strong></span> <span class='ocrx_word' id='word_1_289' title='bbox 565 3919 604 3986; x_wconf 84' lang='lat' dir='ltr'><strong>R.</strong></span> <span class='ocrx_word' id='word_1_290' title='bbox 631 3925 659 3985; x_wconf 92' lang='lat' dir='ltr'><strong>l.</strong></span> <span class='ocrx_word' id='word_1_291' title='bbox 706 3918 819 3996; x_wconf 86' lang='lat' dir='ltr'><strong>Quoad</strong></span> <span class='ocrx_word' id='word_1_292' title='bbox 850 3920 1080 4003; x_wconf 86' lang='lat' dir='ltr'><strong>obligationem</strong></span> <span class='ocrx_word' id='word_1_293' title='bbox 1112 3919 1300 3986; x_wconf 87' lang='lat' dir='ltr'><strong>conferendi</strong></span> <span class='ocrx_word' id='word_1_294' title='bbox 1331 3942 1439 3986; x_wconf 87' lang='lat' dir='ltr'><strong>sacra·</strong></span> 
     </span>
     <span class='ocr_line' id='line_1_38' title="bbox 118 4007 1439 4091; baseline 0.002 -18"><span class='ocrx_word' id='word_1_295' title='bbox 118 4014 231 4075; x_wconf 90' lang='lat' dir='ltr'><strong>menta</strong></span> <span class='ocrx_word' id='word_1_296' title='bbox 254 4009 409 4090; x_wconf 85' lang='lat' dir='ltr'><strong>distingui</strong></span> <span class='ocrx_word' id='word_1_297' title='bbox 433 4008 530 4073; x_wconf 90' lang='lat' dir='ltr'><strong>debet</strong></span> <span class='ocrx_word' id='word_1_298' title='bbox 553 4007 639 4074; x_wconf 88' lang='lat' dir='ltr'><strong>inter</strong></span> <span class='ocrx_word' id='word_1_299' title='bbox 661 4008 844 4074; x_wconf 90' lang='lat' dir='ltr'><strong>ministrum</strong></span> <span class='ocrx_word' id='word_1_300' title='bbox 868 4010 923 4091; x_wconf 90' lang='lat' dir='ltr'><strong>qui</strong></span> <span class='ocrx_word' id='word_1_301' title='bbox 947 4031 988 4075; x_wconf 86' lang='lat' dir='ltr'><strong>ex</strong></span> <span class='ocrx_word' id='word_1_302' title='bbox 1009 4009 1115 4075; x_wconf 87' lang='lat' dir='ltr'><strong>officio</strong></span> <span class='ocrx_word' id='word_1_303' title='bbox 1133 4031 1243 4075; x_wconf 86' lang='lat' dir='ltr'><strong>curam</strong></span> <span class='ocrx_word' id='word_1_304' title='bbox 1261 4010 1439 4075; x_wconf 85' lang='lat' dir='ltr'><strong>animarum</strong></span> 
     </span>
     <span class='ocr_line' id='line_1_39' title="bbox 118 4096 1440 4180; baseline 0 -16"><span class='ocrx_word' id='word_1_305' title='bbox 118 4099 218 4165; x_wconf 87' lang='lat' dir='ltr'><strong>habet</strong></span> <span class='ocrx_word' id='word_1_306' title='bbox 241 4103 275 4164; x_wconf 92' lang='lat' dir='ltr'><strong>et</strong></span> <span class='ocrx_word' id='word_1_307' title='bbox 298 4120 372 4163; x_wconf 93' lang='lat' dir='ltr'><strong>eum</strong></span> <span class='ocrx_word' id='word_1_308' title='bbox 399 4097 453 4180; x_wconf 91' lang='lat' dir='ltr'><strong>qui</strong></span> <span class='ocrx_word' id='word_1_309' title='bbox 477 4096 673 4163; x_wconf 91' lang='lat' dir='ltr'><strong>nonhabet.</strong></span> <span class='ocrx_word' id='word_1_310' title='bbox 721 4098 887 4163; x_wconf 90' lang='lat' dir='ltr'><strong>Posterior</strong></span> <span class='ocrx_word' id='word_1_311' title='bbox 911 4119 974 4162; x_wconf 94' lang='lat' dir='ltr'><strong>non</strong></span> <span class='ocrx_word' id='word_1_312' title='bbox 997 4105 1129 4165; x_wconf 84' lang='lat' dir='ltr'><strong>tenetur</strong></span> <span class='ocrx_word' id='word_1_313' title='bbox 1152 4099 1213 4163; x_wconf 85' lang='lat' dir='ltr'><strong>nisi</strong></span> <span class='ocrx_word' id='word_1_314' title='bbox 1238 4120 1279 4163; x_wconf 82' lang='lat' dir='ltr'><strong>ex</strong></span> <span class='ocrx_word' id='word_1_315' title='bbox 1304 4101 1440 4167; x_wconf 88' lang='lat' dir='ltr'><strong>caritate</strong></span> 
     </span>
     <span class='ocr_line' id='line_1_40' title="bbox 118 4187 1438 4274; baseline 0 -21"><span class='ocrx_word' id='word_1_316' title='bbox 118 4192 152 4253; x_wconf 88' lang='lat' dir='ltr'><strong>et</strong></span> <span class='ocrx_word' id='word_1_317' title='bbox 168 4188 344 4253; x_wconf 89' lang='lat' dir='ltr'><strong>secundum</strong></span> <span class='ocrx_word' id='word_1_318' title='bbox 361 4187 492 4270; x_wconf 86' lang='lat' dir='ltr'><strong>regulas</strong></span> <span class='ocrx_word' id='word_1_319' title='bbox 508 4187 666 4253; x_wconf 89' lang='lat' dir='ltr'><strong>caritatis.</strong></span> <span class='ocrx_word' id='word_1_320' title='bbox 696 4187 801 4263; x_wconf 87' lang='lat' dir='ltr'><strong>Quare</strong></span> <span class='ocrx_word' id='word_1_321' title='bbox 818 4190 875 4253; x_wconf 86' lang='lat' dir='ltr'><strong>snb</strong></span> <span class='ocrx_word' id='word_1_322' title='bbox 892 4192 984 4274; x_wconf 77' lang='lat' dir='ltr'><strong>praui</strong></span> <span class='ocrx_word' id='word_1_323' title='bbox 999 4189 1026 4252; x_wconf 92' lang='lat' dir='ltr'><strong>is</strong></span> <span class='ocrx_word' id='word_1_324' title='bbox 1042 4193 1182 4264; x_wconf 82' lang='lat' dir='ltr'><strong>tenetur,</strong></span> <span class='ocrx_word' id='word_1_325' title='bbox 1204 4190 1235 4269; x_wconf 87' lang='lat' dir='ltr'><strong>l)</strong></span> <span class='ocrx_word' id='word_1_326' title='bbox 1252 4189 1353 4253; x_wconf 86' lang='lat' dir='ltr'><strong>etiarn</strong></span> <span class='ocrx_word' id='word_1_327' title='bbox 1371 4209 1438 4255; x_wconf 90' lang='lat' dir='ltr'><strong>cum</strong></span> 
     </span>
     <span class='ocr_line' id='line_1_41' title="bbox 118 4275 1440 4360; baseline 0 -18"><span class='ocrx_word' id='word_1_328' title='bbox 118 4278 213 4359; x_wconf 88' lang='lat' dir='ltr'><strong>gravi</strong></span> <span class='ocrx_word' id='word_1_329' title='bbox 230 4277 327 4342; x_wconf 90' lang='lat' dir='ltr'><strong>immo</strong></span> <span class='ocrx_word' id='word_1_330' title='bbox 344 4298 417 4342; x_wconf 91' lang='lat' dir='ltr'><strong>cum</strong></span> <span class='ocrx_word' id='word_1_331' title='bbox 434 4275 523 4342; x_wconf 90' lang='lat' dir='ltr'><strong>vitae</strong></span> <span class='ocrx_word' id='word_1_332' title='bbox 539 4276 691 4360; x_wconf 81' lang='lat' dir='ltr'><strong>pericula,</strong></span> <span class='ocrx_word' id='word_1_333' title='bbox 717 4277 845 4358; x_wconf 88' lang='lat' dir='ltr'><strong>quando</strong></span> <span class='ocrx_word' id='word_1_334' title='bbox 865 4277 1033 4360; x_wconf 85' lang='lat' dir='ltr'><strong>proximus</strong></span> <span class='ocrx_word' id='word_1_335' title='bbox 1049 4278 1081 4341; x_wconf 89' lang='lat' dir='ltr'><strong>in</strong></span> <span class='ocrx_word' id='word_1_336' title='bbox 1099 4283 1247 4342; x_wconf 88' lang='lat' dir='ltr'><strong>extrema</strong></span> <span class='ocrx_word' id='word_1_337' title='bbox 1263 4279 1315 4342; x_wconf 84' lang='lat' dir='ltr'><strong>vel</strong></span> <span class='ocrx_word' id='word_1_338' title='bbox 1334 4278 1440 4360; x_wconf 86' lang='lat' dir='ltr'><strong>quasi·</strong></span> 
     </span>
     <span class='ocr_line' id='line_1_42' title="bbox 119 4366 1438 4450; baseline -0.002 -18"><span class='ocrx_word' id='word_1_339' title='bbox 119 4373 267 4433; x_wconf 87' lang='lat' dir='ltr'><strong>extrema</strong></span> <span class='ocrx_word' id='word_1_340' title='bbox 291 4366 488 4432; x_wconf 86' lang='lat' dir='ltr'><strong>necessitate</strong></span> <span class='ocrx_word' id='word_1_341' title='bbox 509 4371 671 4439; x_wconf 83' lang='lat' dir='ltr'><strong>versatur,</strong></span> <span class='ocrx_word' id='word_1_342' title='bbox 697 4366 795 4431; x_wconf 88' lang='lat' dir='ltr'><strong>etad</strong></span> <span class='ocrx_word' id='word_1_343' title='bbox 820 4372 1082 4431; x_wconf 73' lang='lat' dir='ltr'><strong>sacracramenta</strong></span> <span class='ocrx_word' id='word_1_344' title='bbox 1106 4367 1302 4431; x_wconf 87' lang='lat' dir='ltr'><strong>conferenda</strong></span> <span class='ocrx_word' id='word_1_345' title='bbox 1327 4370 1438 4450; x_wconf 90' lang='lat' dir='ltr'><strong>quibus</strong></span> 
     </span>
     <span class='ocr_line' id='line_1_43' title="bbox 119 4455 1437 4539; baseline 0.001 -19"><span class='ocrx_word' id='word_1_346' title='bbox 119 4458 195 4522; x_wconf 81' lang='lat' dir='ltr'><strong>baec</strong></span> <span class='ocrx_word' id='word_1_347' title='bbox 218 4455 397 4522; x_wconf 88' lang='lat' dir='ltr'><strong>necessitas</strong></span> <span class='ocrx_word' id='word_1_348' title='bbox 420 4455 626 4529; x_wconf 85' lang='lat' dir='ltr'><strong>sublevetur;</strong></span> <span class='ocrx_word' id='word_1_349' title='bbox 652 4457 685 4535; x_wconf 81' lang='grc'><strong>2)</strong></span> <span class='ocrx_word' id='word_1_350' title='bbox 709 4455 742 4518; x_wconf 90' lang='lat' dir='ltr'><strong>in</strong></span> <span class='ocrx_word' id='word_1_351' title='bbox 764 4457 962 4521; x_wconf 87' lang='lat' dir='ltr'><strong>necessitate</strong></span> <span class='ocrx_word' id='word_1_352' title='bbox 986 4456 1125 4538; x_wconf 87' lang='lat' dir='ltr'><strong>proximi</strong></span> <span class='ocrx_word' id='word_1_353' title='bbox 1150 4455 1312 4520; x_wconf 85' lang='lat' dir='ltr'><strong>ordinarie</strong></span> <span class='ocrx_word' id='word_1_354' title='bbox 1336 4456 1437 4539; x_wconf 81' lang='lat' dir='ltr'><strong>gravi,</strong></span> 
     </span>
     <span class='ocr_line' id='line_1_44' title="bbox 119 4544 1438 4631; baseline 0.002 -23"><span class='ocrx_word' id='word_1_355' title='bbox 119 4544 146 4608; x_wconf 92' lang='lat' dir='ltr'><strong>si</strong></span> <span class='ocrx_word' id='word_1_356' title='bbox 163 4546 232 4629; x_wconf 89' lang='lat' dir='ltr'><strong>ipse</strong></span> <span class='ocrx_word' id='word_1_357' title='bbox 248 4546 318 4611; x_wconf 90' lang='lat' dir='ltr'><strong>sine</strong></span> <span class='ocrx_word' id='word_1_358' title='bbox 333 4545 536 4610; x_wconf 89' lang='lat' dir='ltr'><strong>incommodo</strong></span> <span class='ocrx_word' id='word_1_359' title='bbox 553 4544 647 4626; x_wconf 86' lang='lat' dir='ltr'><strong>gravi</strong></span> <span class='ocrx_word' id='word_1_360' title='bbox 664 4548 871 4610; x_wconf 87' lang='lat' dir='ltr'><strong>sacramenta</strong></span> <span class='ocrx_word' id='word_1_361' title='bbox 887 4545 1035 4610; x_wconf 87' lang='lat' dir='ltr'><strong>conferre</strong></span> <span class='ocrx_word' id='word_1_362' title='bbox 1052 4549 1170 4627; x_wconf 89' lang='lat' dir='ltr'><strong>potest.</strong></span> <span class='ocrx_word' id='word_1_363' title='bbox 1203 4544 1295 4609; x_wconf 85' lang='lat' dir='ltr'><strong>Alias</strong></span> <span class='ocrx_word' id='word_1_364' title='bbox 1312 4547 1438 4631; x_wconf 88' lang='lat' dir='ltr'><strong>propria</strong></span> 
     </span>
     <span class='ocr_line' id='line_1_45' title="bbox 119 4633 1216 4717; baseline 0.001 -21"><span class='ocrx_word' id='word_1_365' title='bbox 119 4633 318 4715; x_wconf 88' lang='lat' dir='ltr'><strong>obligatione</strong></span> <span class='ocrx_word' id='word_1_366' title='bbox 341 4655 405 4698; x_wconf 93' lang='lat' dir='ltr'><strong>non</strong></span> <span class='ocrx_word' id='word_1_367' title='bbox 430 4638 561 4699; x_wconf 88' lang='lat' dir='ltr'><strong>tenetur</strong></span> <span class='ocrx_word' id='word_1_368' title='bbox 583 4634 635 4697; x_wconf 91' lang='lat' dir='ltr'><strong>vel</strong></span> <span class='ocrx_word' id='word_1_369' title='bbox 660 4635 778 4699; x_wconf 89' lang='lat' dir='ltr'><strong>saltem</strong></span> <span class='ocrx_word' id='word_1_370' title='bbox 802 4655 865 4698; x_wconf 90' lang='lat' dir='ltr'><strong>non</strong></span> <span class='ocrx_word' id='word_1_371' title='bbox 890 4636 984 4717; x_wconf 84' lang='lat' dir='ltr'><strong>gravi</strong></span> <span class='ocrx_word' id='word_1_372' title='bbox 1009 4634 1216 4716; x_wconf 83' lang='lat' dir='ltr'><strong>obligatione.</strong></span> 
     </span>
    </p>
   </div>
   <div class='ocr_carea' id='block_1_14' title="bbox 0 0 1526 5174">
    <p class='ocr_par' dir='ltr' id='par_1_16' title="bbox 0 0 1526 5174">
     <span class='ocr_line' id='line_1_46' title="bbox 0 0 1526 5174; baseline 0 0"><span class='ocrx_word' id='word_1_373' title='bbox 0 0 1526 5174; x_wconf 95' lang='lat' dir='ltr'><strong> </strong></span> 
     </span>
    </p>
   </div>
  </div>
 </body>
</html>
