3044 5174
449 288 685 344 sacramentorum
703 287 841 343 simulatio
859 305 908 341 seu
927 287 1010 342 fictio.
1349 293 1391 355 25

150 458 206 522 An
230 477 423 533 uuaasmnn
446 460 486 521 3¹²¹
508 456 548 525 R.
576 461 603 522 1.
650 457 806 523 Manente
829 455 1053 539 suppositione
1084 454 1224 537 quaesiti
1247 456 1391 535 secundi,
1401 465 1435 520 35

59 546 131 612 sola
161 567 218 611 res
249 567 333 627 quae
364 545 474 628 agitur
503 550 556 611 est
584 567 662 610 num
689 546 814 612 Bertha
844 544 1086 610 ecclesiasticae
1115 545 1303 627 sepulturae
1335 566 1392 610 ex-

60 635 316 718 sequiarumque
351 636 516 718 particeps
550 634 619 700 fieri
654 636 768 719 possit.
822 635 856 700 Si
888 635 974 699 enim
1009 633 1139 716 quaeris
1171 654 1248 698 num
1283 635 1392 700 debeat

60 725 288 791 ecclesiastica
317 725 486 808 sepultura
516 723 646 802 donari,
678 724 858 807 respondeo
888 745 952 788 non
984 725 1102 787 debere
1132 744 1204 788 eam
1232 723 1393 788 catholice

61 813 205 898 sepeliri.
253 814 340 878 Nam
364 813 427 879 fuit
449 814 615 895 hucusque
638 814 768 897 publica
792 813 977 896 peccatrix,
1008 833 1092 895 quae
1115 812 1319 877 excludenda
1342 817 1393 878 est

62 904 101 969 ab
134 902 362 969 ecclesiastica
384 903 570 986 sepultura,
600 923 706 984 neque
736 903 834 986 paulo
862 906 940 968 ante
963 907 1102 967 mortem
1125 923 1146 966 a
1169 901 1310 984 parocho
1334 903 1392 967 ad-

61 992 189 1058 monita
218 1012 292 1057 sese
320 993 492 1057 emendare
517 991 636 1067 voluit;
668 1012 770 1073 quare
799 991 916 1057 merito
946 989 1078 1075 privata
1107 990 1294 1056 censebitur
1323 992 1393 1056 iure

64 1081 310 1148 ecclesiasticae
339 1081 546 1165 sepulturae,
579 1080 641 1145 nisi
673 1085 748 1163 post
778 1080 941 1164 repulsam
974 1080 1107 1163 parochi
1136 1079 1270 1144 indubia
1299 1080 1393 1163 signa

63 1171 210 1236 melioris
233 1170 325 1236 vitae
348 1191 420 1236 eam
444 1169 573 1234 dedisse
597 1170 799 1236 constiterit:
824 1170 909 1251 quod
933 1189 1012 1234 sane
1036 1190 1100 1234 nou
1124 1169 1273 1235 obtinuit.

152 1277 193 1344 R.
211 1280 242 1342 2.
278 1276 311 1343 Si
335 1280 446 1342 autem
469 1276 638 1360 quaeritur
660 1297 738 1341 num
753 1297 879 1341 summo
900 1275 970 1341 iure
986 1275 1208 1343 ecclesiastica
1224 1277 1392 1360 sepultura

64 1366 180 1432 donari
201 1368 312 1453 possit,
337 1365 467 1432 videtur
490 1366 660 1430 dicendum
685 1366 726 1431 ad
749 1366 811 1431 hoc
834 1365 984 1431 sufficere
1007 1371 1044 1432 ut
1068 1366 1227 1447 quaedam
1250 1365 1393 1449 positiva

63 1456 124 1522 etsi
157 1456 257 1520 dubia
279 1455 375 1536 signa
396 1459 545 1521 mutatae
567 1455 601 1520 in
623 1454 740 1520 melius
763 1454 943 1520 voluntatis
972 1460 1048 1538 post
1071 1456 1236 1538 repulsam
1260 1454 1392 1538 parochi

62 1544 239 1622 adfuerint,
265 1565 368 1627 eaque
383 1544 465 1610 talia
488 1548 525 1609 ut
548 1564 607 1627 per
621 1548 725 1610 testes
748 1543 881 1627 probari
896 1548 996 1626 atque
1012 1543 1142 1628 publica
1161 1544 1232 1609 fieri
1255 1543 1391 1627 possint.

62 1634 154 1712 Quae
184 1655 263 1699 num
293 1654 330 1698 re
361 1654 439 1699 vera
471 1633 551 1700 data
582 1632 649 1699 sint
679 1632 900 1716 indagandum
931 1637 992 1698 cst.
1045 1632 1093 1699 At
1123 1633 1152 1697 si
1183 1632 1391 1698 nihilominus

62 1723 197 1789 dubium
213 1726 325 1788 manet
340 1721 418 1804 quid
433 1743 558 1788 summo
574 1721 643 1788 iure
660 1722 768 1800 liceat,
785 1723 861 1804 quid
876 1721 1050 1806 prudentia
1065 1723 1213 1801 suadeat,
1232 1722 1392 1806 parochus

62 1813 253 1897 episcopum
277 1811 447 1877 consulere
477 1812 574 1877 debet
604 1833 708 1892 neque
732 1833 770 1876 eo
800 1811 983 1877 inconsulto
1006 1811 1040 1876 in
1068 1812 1129 1877 hac
1153 1833 1188 1876 re
1216 1811 1391 1893 quidquam

62 1903 249 1968 decernere.
272 1936 316 1946 —
338 1900 386 1966 cf.
410 1901 523 1965 Marc
546 1923 577 1965 n.
605 1903 707 1972 1387:
732 1900 1098 1966 Ballerini-Palm.
1123 1905 1165 1966 tr.
1193 1905 1243 1978 ll,
1269 1923 1300 1968 n.
1327 1903 1391 1966 594

62 1996 95 2058 et
119 1995 204 2067 5953
229 1989 483 2056 d’Anuibale
506 1989 531 2066 Ι,
559 1992 631 2055 114.

430 2150 643 2206 SUPPLETUR
662 2150 1037 2222 Quarsrlosrcurlus.

153 2277 249 2343 Addo
272 2297 358 2341 nuuc
381 2277 423 2341 ad
438 2276 555 2354 Quaes.
574 2279 612 2340 2¹²
628 2281 662 2342 et
679 2280 717 2342 3¹n
741 2297 805 2359 quo
821 2281 893 2342 tota
916 2298 970 2341 res
993 2277 1212 2361 compleatur:
1237 2278 1289 2342 Ex
1313 2288 1435 2343 oasu36

64 2371 219 2433 enarrato
249 2387 314 2431 non
341 2369 435 2449 patet
463 2365 705 2431 matrimonium
734 2366 822 2431 inter
844 2366 1000 2432 Bertham
1031 2370 1066 2431 et
1088 2366 1200 2431 Caium
1229 2388 1302 2432 esse
1331 2366 1392 2431 im-

64 2456 229 2540 possibile.
267 2455 300 2522 Si
316 2455 418 2536 igitur
432 2454 586 2538 possibile
602 2460 663 2532 est,
685 2455 825 2521 habetur
840 2456 981 2520 medium
998 2455 1196 2521 auferendae
1212 2455 1392 2522 occasionis

64 2544 237 2629 proximae
259 2543 387 2628 peccati
402 2548 436 2610 et
455 2543 606 2609 abolendi
620 2545 776 2610 scandali.
812 2543 896 2609 Illud
912 2545 1053 2610 medium
1070 2566 1149 2610 sane
1166 2546 1391 2629 temptandum

65 2639 125 2701 ast.
173 2634 270 2698 Prior
292 2633 510 2698 confessarius
535 2633 665 2699 videtur
687 2632 729 2698 ad
759 2633 791 2698 id
821 2655 886 2698 non
909 2635 1107 2710 attendisse;
1138 2636 1194 2700 sed
1224 2656 1262 2699 eo
1286 2634 1391 2715 magis

63 2723 228 2809 parochus
244 2722 343 2788 debet
358 2723 399 2787 ad
415 2721 477 2787 hoc
492 2723 672 2787 attendere.
708 2722 774 2787 Res
790 2744 916 2787 summo
932 2723 1078 2806 pontifici
1094 2724 1175 2789 adeo
1192 2723 1304 2804 gravis
1320 2723 1392 2789 visa

64 2818 117 2880 est
141 2816 178 2878 ut
201 2811 307 2877 relate
330 2812 372 2877 ad
395 2832 467 2888 eos,
491 2810 545 2894 qui
570 2812 623 2876 vel
647 2811 733 2877 civili
757 2817 886 2878 tautum
909 2812 1115 2878 matrimonio
1140 2812 1302 2879 coniuncti
1325 2812 1392 2879 sint

65 2902 118 2967 vel
149 2901 234 2967 alias
264 2900 297 2965 in
322 2899 538 2967 concubinatu
562 2900 693 2978 vivant,
726 2900 906 2966 Ordinariis
936 2902 1169 2985 amplissimam
1198 2902 1391 2968 facultatem

64 2990 219 3058 tribuerit
242 3010 378 3072 eamque
402 2989 490 3067 aliis,
521 2989 672 3073 parochis
696 2989 795 3055 etiam
824 2989 1050 3068 habitualiter‚
1082 2991 1390 3067 communicabilem,

65 3079 277 3165 dispensandi
300 3079 341 3144 ab
364 3078 604 3163 impedimentis
619 3078 817 3144 matrimonii
837 3080 1067 3145 ecclesiasticis
1083 3080 1180 3146 aliter
1203 3081 1392 3165 dispensatu

65 3168 283 3246 difficillimis,
323 3188 386 3249 quo
420 3167 572 3232 nimirum
609 3168 810 3251 possibilitas
845 3169 1024 3234 abolendae
1062 3168 1230 3253 proximae
1264 3169 1391 3253 peccati

65 3258 248 3324 occasionis
271 3257 304 3322 in
331 3257 425 3339 gravi
448 3257 563 3323 mortis
593 3256 735 3340 periculo
760 3258 958 3342 amplissime
982 3259 1224 3326 extenderetur.
1271 3259 1392 3335 Quodsi

65 3348 170 3414 velint
195 3346 437 3413 matrimonium
467 3345 565 3424 inire,
596 3346 757 3430 parochus
787 3347 899 3412 statim
924 3352 1017 3413 curet
1045 3352 1083 3415 ut
1113 3369 1220 3413 coram
1252 3348 1392 3414 testibus

66 3438 235 3521 negotium
260 3435 463 3520 perficiatur.-
497 3436 554 3501 sed
579 3440 694 3510 antea,
726 3437 838 3503 audita
862 3437 966 3502 denuo
991 3437 1210 3513 confessione,
1235 3437 1393 3502 Bertham

65 3527 129 3594 rite
153 3527 324 3610 disponat,
347 3525 514 3601 absolvat,
539 3525 613 3589 dein
637 3525 769 3607 reliquis
792 3526 1006 3591 sacramentis
1029 3526 1172 3604 muniat,
1203 3527 1391 3592 defunctam

66 3615 291 3682 ecclesiastico
314 3613 380 3681 ritu
403 3613 551 3697 sepeliat.

329 3807 388 3871 DE
413 3805 713 3872 SIMULATIONE
737 3804 1141 3872 SACRAMENTORUM.

636 3956 745 4022 Casus.
766 3962 824 4029 (12)

158 4096 256 4155 Titius
277 4096 426 4172 parochus
447 4095 600 4171 excipiens·
623 4096 838 4154 confessionem
860 4096 982 4154 duorum
1004 4096 1053 4172 qui
1082 4116 1152 4154 mox
1173 4096 1390 4154 matrimonium

67 4176 254 4237 contracturi
276 4182 370 4245 erant,
393 4175 502 4253 accipit
524 4195 541 4233 a
564 4175 628 4232 viro
651 4196 715 4233 eum
730 4176 841 4251 pluries
864 4183 894 4235 et
907 4176 1097 4253 praecedenti
1113 4177 1202 4235 etiam
1217 4183 1303 4235 nocte
1325 4195 1390 4233 cunr

66 4278 177 4336 sponsa
199 4256 331 4315 letaliter
351 4275 507 4333 peccasse;
537 4255 664 4330 itemque
685 4275 805 4330 gravem
828 4258 971 4332 pecuniae
999 4277 1142 4315 summam
1164 4277 1229 4315 essa
1253 4258 1390 4324 furatum,

67 4359 153 4416 quam
175 4345 278 4396 tamen
300 4356 332 4394 so
353 4336 559 4395 restituturum
581 4337 686 4394 saltem
708 4336 879 4412 promittere
901 4342 1027 4396 recusat.
1056 4338 1129 4395 Eum
1151 4343 1253 4412 utpote
1275 4337 1390 4394 absolu·

66 4420 146 4479 tione
167 4418 324 4493 indignum
346 4416 484 4474 hortatur
504 4417 651 4492 parochus
682 4422 715 4474 ut
737 4436 753 4474 a
776 4418 978 4475 communione
1000 4416 1164 4486 abstineat;
1197 4417 1248 4475 sed
1269 4416 1389 4475 frustra.

65 4499 170 4576 Itaque
194 4497 380 4557 conveniunt
402 4497 437 4555 ds
459 4497 606 4573 particula
635 4502 809 4554 consecrata
831 4497 910 4555 illius
940 4498 983 4555 ori
1011 4505 1125 4556 tantum
1155 4496 1340 4555 admovenda
1361 4503 1390 4554 et

65 4581 95 4640 in
115 4579 261 4658 pyxidem
283 4576 384 4635 statim
405 4578 591 4652 reponenda;
614 4577 689 4650 quod
705 4596 810 4652 reapse
826 4583 977 4651 peractum
992 4584 1046 4637 est.
1075 4579 1167 4636 Facto
1183 4577 1280 4637 crucis
1295 4577 1389 4653 signo,

66 4668 97 4721 ut
116 4661 212 4720 moris
235 4663 292 4725 est,
314 4676 455 4733 sponsum
476 4657 676 4715 inabsolutum
698 4656 794 4714 Titius
816 4657 944 4715 dimittit.
