3044 5174
358 317 486 372 Minister
504 317 604 389 poenit
624 348 657 356 —
676 318 776 388 agendi
793 319 864 374 ratio
882 336 944 374 cum
962 318 1099 375 recidivis.
1327 324 1393 388 345

433 547 656 615 RELAPSUS
679 548 728 614 IN
751 545 948 614 Peccavit
971 547 1024 631 (I).

629 714 739 782 Casus.
760 721 836 790 (176)

151 853 306 913 Corradus
327 853 460 925 iuvenis,
489 858 536 913 ter
556 860 698 930 quaterve
718 854 749 913 in
772 874 849 913 anno
871 855 1006 914 confiteri
1027 855 1151 928 solitus,
1180 875 1240 915 una
1261 856 1395 916 alterave

66 935 249 994 bebdomada
270 947 340 993 anta
362 939 482 1010 etpost
502 934 718 994 confessionem
740 935 896 994 consuevit
909 935 1067 1001 immunem
1089 955 1122 995 se
1144 955 1266 996 servare
1287 956 1306 995 a
1327 955 1393 1012 pec·
1454 986 1459 1015 ,

66 1015 154 1086 catis3
184 1015 298 1090 reliquo
318 1034 390 1073 vero
411 1021 543 1091 tempore
565 1014 624 1073 iarn
645 1034 698 1091 per
718 1034 813 1074 annos
834 1015 958 1074 mollitia
979 1021 1085 1092 peccat
1106 1021 1194 1093 atque
1216 1016 1396 1096 compluries

66 1095 91 1154 in
112 1095 304 1154 hebdomada
325 1114 417 1170 agens
439 1114 505 1153 cum
527 1095 677 1154 sodalibus
698 1099 802 1173 turpes
824 1095 905 1154 ducit
926 1115 1086 1156 sermones.

66 1208 243 1279 insaniens
265 1213 293 1268 1⁰
314 1209 383 1286 quid
404 1211 445 1270 sit
463 1210 613 1270 recidivus
635 1230 726 1270 sensu
746 1210 960 1286 theologorum.

262 1308 293 1366 2⁰
315 1327 391 1384 quae
412 1307 474 1368 sint
493 1309 616 1383 regulae
638 1308 814 1368 confessarii
836 1308 865 1366 in
887 1308 1052 1368 tractandis
1072 1308 1220 1369 recidivis.

260 1407 291 1464 3⁰
311 1406 381 1481 quid
402 1407 437 1465 de
459 1405 594 1466 Conrado
616 1406 778 1467 dicendum.

660 1591 796 1660 Solutio.

152 1734 208 1800 An
232 1754 423 1810 ouaasrruu
449 1738 486 1799 1¹¹²
510 1734 548 1800 R.
575 1738 603 1800 1.
650 1733 843 1813 Recidivus,
876 1734 938 1800 etsi
968 1755 1066 1800 sensu
1096 1734 1312 1817 grammatico
1343 1739 1456 1806 osseos

66 1824 258 1909 puicumque
281 1828 358 1907 post
387 1827 572 1907 peccatum,
603 1823 778 1907 praecipue
808 1844 928 1906 grave,
960 1823 1163 1889 confessione
1193 1824 1337 1891 deletum
1360 1823 1394 1889 in

67 1916 149 1980 dem
175 1913 281 1978 denuo
304 1912 452 1991 labatur,
477 1913 530 1977 vel
554 1912 654 1979 etiam
678 1912 733 1994 qui
756 1918 833 1997 post
855 1912 965 1978 deleta
988 1917 1126 1997 peccata
1147 1912 1264 1996 gravia
1288 1913 1393 1978 denuo

66 2007 236 2069 ›accatum
260 2006 436 2085 utcumque
459 2002 599 2067 mortale
623 2000 824 2069 committat:
849 2005 961 2067 tamen
976 2001 1038 2067 hoc
1053 2023 1150 2067 sensu
1170 2001 1254 2066 sumi
1269 2000 1392 2084 nequit,

66 2094 84 2158 ri
112 2091 249 2174 quaeris
272 2090 312 2156 de
336 2096 426 2157 certo
450 2090 559 2173 aliquo
582 2089 818 2175 paenitentiam
843 2112 983 2173 genere,
1013 2092 1048 2156 in
1071 2091 1188 2173 quibus
1211 2089 1394 2157 tractandis

66 2183 114 2247 rel
148 2179 358 2246 absolvendis
389 2178 566 2262 singularis
595 2179 780 2263 reperiatur
810 2179 997 2246 difficultas.
1044 2180 1132 2245 Nam
1163 2179 1191 2244 si
1222 2179 1270 2246 ita
1293 2182 1393 2256 esset,
1452 2250 1455 2271 ‚

66 2268 319 2336 confessionalis
342 2268 450 2334 claudi
474 2269 641 2346 deberent,
665 2289 771 2352 neque
787 2269 935 2335 Christus
952 2269 1064 2336 debuit
1086 2267 1259 2336 instituere
1282 2289 1394 2335 sacra-

66 2363 210 2515 ppeacrptprp
224 2357 524 2514 11ppppgltieptiaead
548 2357 686 2423 delenda
709 2361 862 2441 peccata,
886 2358 983 2440 idque
1006 2358 1166 2442 imprimis
1189 2358 1231 2424 ad
1255 2356 1394 2424 delenda

154 2555 194 2621 R.
219 2557 249 2621 2.
296 2553 474 2619 Recidivus
496 2552 685 2636 specialiter
713 2553 762 2619 ita
789 2553 896 2621 dictus
927 2553 1069 2619 sumitur
1097 2553 1304 2635 athaalogis
1326 2552 1394 2630 ille,

66 2645 117 2728 pui
144 2643 350 2727 compluries,
374 2664 439 2708 non
463 2641 670 2708 obstantibus
693 2642 967 2721 confessionibus,
991 2641 1025 2708 in
1049 2643 1161 2709 eadem
1186 2642 1294 2726 specie
1317 2662 1394 2727 pec-

66 2739 141 2800 cata
165 2752 296 2817 semper
318 2733 487 2798 relabatur
510 2732 624 2797 eodem
646 2732 717 2797 fere
740 2732 836 2797 modo
859 2753 899 2798 ac
922 2736 1039 2810 antea,
1070 2732 1193 2797 nullam
1217 2731 1395 2799 ostendeus

66 2824 184 2890 teriam
208 2821 467 2888 emendationem
490 2841 596 2903 neque
619 2819 740 2886 serium
762 2821 999 2887 emendationis
1023 2825 1186 2887 conatum.

153 2930 193 2996 R.
212 2932 242 2994 3.
270 2928 330 3006 Qui
346 2927 448 3011 igitur
463 2926 584 2993 serium
599 2931 752 2993 conatum
769 2931 884 2994 contra
899 2931 1070 3011 peccatum
1087 2926 1244 3005 adhibuit,
1261 2926 1393 2991 mediis-

66 3041 127 3104 1ue
151 3040 172 3084 a
196 3017 398 3083 confessario
421 3017 634 3101 praescriptis
658 3016 834 3099 diligenter
857 3038 935 3082 usus
951 3022 1012 3094 est,
1037 3017 1100 3082 etsi
1117 3016 1191 3082 dein
1206 3015 1392 3092 relabatur;

66 3133 76 3175 ι
112 3107 267 3184 fortiori,
303 3106 358 3189 qui
389 3106 566 3172 notabilem
603 3106 863 3172 emendationem
899 3107 1114 3189 lapsuumque
1146 3105 1392 3171 diminutionem

66 3196 219 3275 ostendit,
245 3217 441 3279 quamquam
458 3196 598 3261 nondum
615 3195 791 3261 immunem
807 3217 843 3260 se
864 3195 1012 3261 servavit
1027 3216 1048 3261 a
1063 3194 1209 3279 peccatis
1224 3194 1392 3276 gravibus,

66 3307 162 3353 mmo
187 3306 228 3350 ne
251 3286 292 3351 ab
315 3285 373 3350 illo
396 3284 526 3367 quidem
549 3290 685 3369 peccato
702 3288 878 3350 consueto:
903 3284 1111 3349 nihilominus
1127 3283 1271 3367 expungi
1295 3284 1394 3349 debet

66 3399 100 3442 ex
128 3395 265 3440 numero
289 3395 412 3451 eorum,
437 3373 492 3455 qui
515 3373 645 3458 proprie
668 3377 831 3440 vocantur
853 3372 999 3438 recidivi.

153 3499 207 3562 Aa
238 3517 430 3573 ouaasrruu
458 3498 497 3559 2¹²
528 3495 566 3561 R.
593 3499 621 3561 1.
668 3495 716 3561 Ut
745 3500 858 3561 rectae
888 3496 1024 3577 regulae
1056 3495 1097 3560 de
1126 3493 1310 3561 tractandis
1339 3515 1392 3560 re·
1401 3508 1456 3565 606

66 3587 182 3654 tidivis
202 3590 402 3662 statuantur,
426 3584 586 3668 imprimis
608 3585 830 3651 necessarium
853 3589 905 3651 est
919 3584 1040 3663 videre,
1066 3583 1143 3668 quid
1166 3586 1315 3669 relapsus
1338 3605 1392 3650 ar-

66 3681 146 3762 guat
171 3680 285 3741 contra
308 3674 541 3760 paenitentem.

153 3764 316 3849 Relapsus
338 3785 404 3830 non
427 3762 571 3829 ostendit
601 3762 750 3829 absolute
781 3782 886 3845 neque
910 3761 1034 3828 directe
1065 3762 1229 3829 defectum
1254 3761 1392 3846 disposi-

66 3854 163 3922 ‚ionis
186 3854 220 3919 in
243 3875 283 3920 ea
306 3852 523 3928 confessione,
554 3872 652 3934 quam
676 3874 760 3917 nanc
790 3851 953 3917 recidivus
983 3851 1141 3926 instituit,
1173 3850 1231 3916 sed
1263 3851 1391 3934 signum

66 3951 113 4012 cst
139 3943 288 4008 infirmae
311 3942 493 4008 voluntatis
515 3961 575 4024 pro
599 3940 788 4023 praeterito,
813 3940 911 4005 immo
929 3940 1144 4024 suspicionem
1170 3943 1204 4006 et
1227 3938 1391 4023 praeiudi·
1447 3996 1452 4019 ,

66 4035 167 4108 tium,
198 4053 263 4097 non
287 4030 531 4107 certitudinem,
563 4030 660 4095 facile
685 4035 777 4096 creat
807 4034 923 4095 contra
944 4029 1064 4095 iustam
1090 4029 1334 4114 dispositionem
1357 4027 1391 4092 in

66 4121 335 4190 ›raecedentibus
365 4119 623 4186 confessionibus
653 4118 818 4184 habitam:
852 4126 952 4200 atque
982 4118 1030 4184 ita
1061 4118 1221 4184 indirecte
1251 4123 1286 4184 et
1313 4138 1392 4182 con·

66 4215 241 4295 requenter
269 4210 370 4277 ctiam
399 4208 633 4295 praeiudicium
662 4208 763 4273 infert
793 4213 909 4273 contra
940 4208 1102 4274 actualem
1134 4207 1390 4291 dispositionem,

66 4304 86 4368 ri
112 4303 201 4367 hanc
225 4300 372 4377 eandem,
397 4299 417 4366 i.
441 4319 469 4365 e.
494 4319 558 4363 non
581 4297 759 4374 meliorem,
783 4297 956 4381 paenitens
978 4318 1064 4361 nunc
1088 4296 1242 4362 ostendit.

152 4407 193 4474 R.
211 4411 241 4476 2.
273 4405 499 4473 Confessorius
522 4404 624 4486 igitur
646 4405 758 4470 videre
782 4404 880 4470 debet
903 4408 1012 4469 utrum
1031 4404 1180 4488 relapsus
1204 4404 1254 4468 sui
1277 4402 1391 4486 paeni-

66 4497 165 4565 ·entis
188 4518 225 4561 re
240 4496 313 4581 ipsa
327 4495 389 4561 boc
411 4494 643 4580 praeiudicium
667 4498 782 4560 contra
804 4516 878 4560 eum
894 4494 1025 4570 inferat,
1050 4514 1092 4558 an
1108 4493 1273 4558 exsistant
1295 4492 1391 4573 signa

66 4586 226 4671 puaedam
249 4605 334 4668 quae
356 4585 418 4651 hoc
440 4584 690 4668 praeiudicium,
715 4582 786 4647 sive
810 4586 925 4649 contra
947 4582 1145 4667 praeteritas
1169 4581 1392 4648 confessiones

66 4679 133 4744 rive
157 4675 257 4742 etiam
281 4678 398 4742 contra
420 4674 523 4740 solam
547 4673 711 4740 actualem
735 4671 991 4756 dispositionem,
1015 4675 1217 4740 removeant.
