3044 5174
474 266 592 320 Ministri
611 266 732 336 probitas
751 283 799 320 seu
818 269 908 320 status
926 267 1040 333 gratiae.
1375 269 1415 334 17

90 441 175 526 poris
207 445 243 506 et
274 439 484 506 necessitatis
513 461 597 521 quae
628 439 807 523 apraevia
829 438 1095 505 reconciliatione
1126 460 1197 504 cum
1222 441 1292 505 Deo
1316 463 1415 507 excu-

90 535 172 597 sent.
219 529 315 595 Alias
338 530 380 594 de
410 530 540 594 mortali
569 534 705 613 peccato
729 551 793 594 non
818 533 957 594 constat.
1004 528 1051 594 cf.
1082 531 1137 595 Th.
1162 553 1201 596 m.
1227 529 1274 608 11,
1306 535 1348 595 32
1366 553 1415 613 sq.

176 637 218 704 R.
244 640 275 703 4.
301 636 430 703 Sufficit
453 637 582 719 quidem
607 636 788 718 generatim
810 636 959 701 ministro
983 636 1158 704 infeliciter
1180 638 1273 722 lapso
1297 643 1334 704 ut
1357 659 1416 721 per

90 729 200 792 actum
225 726 432 791 contritionis
464 747 537 790 sese
568 725 601 790 in
634 730 758 791 statum
792 726 920 808 gratiae
947 726 1120 803 restituat,
1157 727 1219 792 etsi
1254 727 1415 792 confessio

91 820 141 881 est
163 816 383 889 consulenda3
408 836 466 898 pro
487 814 706 880 celebratione
723 819 833 880 autem
849 836 891 880 se.
916 814 1133 880 eucharistiae
1149 815 1298 898 graviter
1320 837 1416 900 prae-

76 904 212 988 cipitur
243 910 300 979 ut,
334 903 429 969 modo
462 925 526 969 non
559 904 644 969 desit
675 904 912 981 confessarius,
946 903 1107 969 confessio
1138 905 1325 988 praecedat.
1364 905 1417 971 Ita

92 1015 249 1078 expresse
267 995 360 1060 Cone.
382 994 470 1058 Trid.
495 1014 574 1058 sess.
602 996 653 1068 13,
679 1013 705 1058 o.
731 995 760 1059 7.
804 993 955 1059 Ceterum
980 993 1019 1058 de
1043 993 1177 1075 reliquis
1200 995 1416 1060 sacramentis

91 1085 228 1166 loquens
240 1082 399 1148 Rituale
412 1082 619 1147 Romanum
632 1082 728 1148 titulo
741 1083 791 1147 De
802 1104 842 1147 ss.
856 1091 1128 1148 sacramentorum
1140 1086 1418 1149 administro-tione

92 1173 174 1238 baec
207 1171 325 1237 habet:
366 1171 457 1252 ,Etsi
487 1176 697 1236 sacramenta
726 1171 767 1236 ab
797 1171 933 1254 impuris
962 1171 1165 1253 coinquinari
1194 1194 1259 1238 non
1289 1173 1418 1256 possint

94 1281 199 1344 neque
221 1281 244 1326 a
265 1261 379 1344 pravis
402 1260 559 1325 ministris
583 1281 696 1325 eorum
726 1260 863 1326 effectus
893 1260 1059 1343 impediri:
1091 1261 1217 1345 impure
1247 1267 1359 1327 tamen
1382 1267 1418 1327 et

95 1351 226 1433 indigue
258 1370 298 1414 ea
330 1348 555 1415 ministrantes
587 1349 620 1414 in
650 1353 806 1414 aeternae
838 1349 953 1416 mortis
976 1353 1105 1416 reatum
1129 1350 1309 1417 incurrunt.
1357 1352 1416 1417 Sa·

95 1440 209 1505 cordos
232 1459 330 1520 ergo,
354 1438 383 1503 si
405 1437 506 1504 fuerit
529 1437 657 1521 peccati
679 1438 828 1503 mortalis
851 1437 912 1502 sibi
937 1439 1086 1503 conscius
1109 1437 1210 1521 (quod
1233 1439 1349 1522 absit),
1375 1440 1417 1505 ad

94 1532 375 1594 sacramentorum
399 1526 713 1592 administrationem
731 1547 795 1591 non
812 1527 933 1591 audeat
948 1527 1105 1592 accedere
1128 1529 1189 1594 nisi
1213 1529 1304 1613 prius
1320 1529 1417 1594 corde

95 1619 282 1702 paeniteat:
313 1617 372 1681 sed
405 1616 431 1681 si
456 1616 578 1681 habeat
601 1616 726 1699 copiam
751 1616 942 1682 confessarii
967 1621 1001 1681 et
1024 1620 1154 1700 tempus
1181 1619 1308 1700 locique
1331 1618 1417 1685 ratio

94 1708 189 1784 ferat,
215 1705 370 1771 convenit
394 1705 569 1772 confiteri.“

181 1839 237 1904 An
260 1857 453 1913 ausasmuu
478 1840 517 1902 2¹²
539 1836 578 1902 R.
606 1839 634 1902 1.
666 1837 868 1902 Diaconatus
897 1858 1031 1902 munere
1054 1837 1148 1920 fungi
1171 1839 1204 1903 in
1229 1839 1329 1904 missa
1352 1840 1463 1904 sol-23

94 1929 191 1993 lemni
216 1948 282 1991 non
308 1931 361 1992 est
384 1926 520 1992 alicuius
544 1926 740 1992 sacramenti
765 1926 936 1992 confectio.
969 1926 1040 1991 Nisi
1066 1948 1145 2010 ergo
1168 1927 1200 1991 in
1221 1948 1263 1992 eo
1285 1950 1419 1994 munere

94 2018 200 2083 'litias
215 2038 260 2082 ss.
278 2015 509 2081 eucharistiam
532 2016 708 2099 sumpserit
731 2020 765 2082 et
788 2015 950 2098 sacrilega
973 2016 1197 2081 communione
1220 2019 1417 2100 peccaverit,

94 2107 164 2172 sola
187 2105 358 2170 functione
381 2104 507 2170 diaconi
530 2104 658 2170 veniale
681 2105 810 2187 quidem
833 2109 1002 2188 peccatum
1026 2104 1123 2186 idque
1147 2126 1189 2170 ex
1212 2107 1419 2187 gravioribus

96 2194 269 2266 commisit.
294 2215 358 2259 non
383 2198 494 2259 tamen
517 2195 667 2260 mortale.
700 2193 828 2259 Sufficit
852 2194 1027 2258 adduxisse
1051 2194 1272 2259 testimonium
1297 2195 1328 2261 S.
1354 2196 1419 2260 Al·

95 2284 246 2368 pbonsi
263 2282 320 2361 Vl,
346 2285 399 2348 37.
425 2285 483 2347 38:
513 2283 615 2358 ,Hinc
636 2283 776 2348 infertur
799 2304 871 2347 esse
895 2282 1062 2366 probabile
1085 2284 1170 2365 quod
1195 2304 1258 2348 non
1283 2290 1419 2368 peccent

95 2373 248 2456 graviter
271 2371 397 2437 diaconi
428 2375 463 2436 et
485 2371 683 2449 subdiaconi,
709 2371 819 2453 quiin
843 2371 974 2437 mortali
999 2372 1097 2437 altari
1119 2372 1336 2440 ministrant.“

182 2470 343 2536 Accidere
367 2474 477 2535 autem
500 2473 610 2553 potest
633 2470 666 2534 in
690 2470 750 2534 tali
766 2469 945 2534 ministerio
970 2474 1007 2535 ut
1029 2470 1192 2546 sacerdos,
1217 2472 1270 2552 qui
1292 2471 1418 2536 diaconi

96 2581 231 2626 munera
255 2559 421 2640 fungitur,
447 2558 622 2624 distribuat
644 2580 670 2623 s.
696 2559 953 2623 communionem
977 2559 1135 2625 fidelibus.
1182 2560 1301 2635 Quodsi
1326 2562 1364 2627 fit
1386 2561 1418 2626 in

94 2654 185 2716 statu
201 2649 332 2733 peccati
348 2647 506 2723 mortalis,
531 2648 634 2723 multi,
658 2647 745 2712 inter
761 2668 842 2730 quos
859 2648 890 2713 S.
908 2647 1147 2730 Alphonsus,
1172 2647 1204 2712 id
1221 2648 1344 2714 habent
1360 2671 1418 2732 pro

96 2759 181 2805 novo
204 2743 344 2822 peccato
370 2736 516 2814 mortali,
548 2757 612 2801 non
635 2737 737 2802 toties
761 2737 889 2818 quidem
921 2736 1137 2820 multiplicato
1169 2741 1249 2819 quot
1271 2738 1419 2822 personis

96 2849 136 2894 ss.
162 2826 365 2892 eucharistia
388 2826 500 2904 detur,
524 2826 580 2890 sed
605 2826 704 2891 toties
729 2827 856 2907 quoties
880 2825 1036 2891 distincta
1059 2826 1130 2890 vice
1154 2847 1196 2894 ss.
1222 2827 1420 2893 eucharistia

97 2916 314 2982 distribuetur
336 2915 406 2979 sive
436 2913 492 2979 uni
521 2915 591 2979 sive
621 2914 777 2998 pluribus.
825 2915 946 2979 Verum
972 2915 1044 2991 alii,
1076 2915 1162 2980 inter
1192 2937 1273 2997 quos
1297 2917 1418 2999 Lugo,

97 3005 481 3081 Salmanticenses,
514 3003 712 3077 Lacroix,
744 3003 776 3067 id
801 3009 924 3084 negant
948 3004 1000 3067 vel
1025 3003 1056 3068 id
1081 3004 1163 3068 satis
1187 3009 1339 3070 constare
1362 3027 1420 3070 ne·

96 3098 195 3176 gant,
223 3113 263 3158 eo
288 3093 374 3174 quod
396 3113 500 3174 neque
523 3093 710 3158 immediate
735 3096 947 3158 concurratur
971 3093 1012 3157 ad
1036 3094 1188 3158 effectum
1211 3095 1419 3172 sacramenti,

97 3203 203 3266 neque
227 3181 313 3248 actio
338 3186 480 3265 ponatur
503 3182 631 3246 nomine
648 3181 783 3246 Christi:
809 3203 910 3264 quare
933 3183 965 3246 in
991 3182 1087 3247 dubio
1103 3182 1210 3248 Titius
1233 3183 1283 3256 ius
1306 3183 1420 3249 habuit

98 3293 169 3338 sese
195 3270 379 3352 benigniori
401 3271 585 3336 sententiae
608 3271 830 3336 conformandi
855 3291 973 3352 neque,
998 3271 1025 3334 si
1049 3271 1096 3337 ita
1119 3292 1144 3336 s.
1163 3273 1419 3338 communionem

98 3360 275 3435 distribuit,
299 3381 335 3424 se
358 3360 471 3442 gravis
494 3359 620 3443 peccati
645 3381 734 3424 reum
759 3359 846 3425 fecit.

186 3467 227 3533 R.
253 3470 283 3532 2.
314 3465 518 3549 Baptismum
542 3466 730 3531 sollemnem
762 3467 910 3531 conferre
940 3466 992 3530 vel
1024 3471 1205 3531 extremam
1236 3466 1467 3536 unctionemhl

98 3556 129 3620 in
154 3559 249 3623 statu
272 3555 400 3639 peccati
430 3555 499 3619 sine
529 3554 625 3620 dubio
656 3560 706 3620 est
730 3576 789 3638 pro
813 3555 961 3620 ministro
992 3575 1051 3637 per
1074 3575 1110 3618 se
1140 3561 1310 3638 peccatum
1335 3580 1421 3623 mor-

98 3645 177 3711 tale.
225 3644 337 3709 Videri
369 3649 480 3710 tamen
512 3644 608 3709 debet
637 3665 713 3708 num
738 3645 899 3722 rationes,
932 3664 1014 3725 quas
1038 3643 1143 3708 Titius
1172 3666 1230 3727 pro
1255 3666 1290 3709 se
1314 3647 1420 3723 affert,

99 3755 172 3799 enm
197 3733 438 3799 excusaverint.
470 3733 561 3809 Quod
586 3735 692 3815 egerit
715 3734 821 3798 iussus
845 3754 865 3798 a
885 3733 1027 3816 parocho
1052 3754 1152 3796 exse
1177 3756 1239 3798 non
1264 3740 1420 3800 excusat:

97 3822 242 3905 alioquin
267 3823 367 3888 etiam
391 3823 557 3904 quaelibet
580 3822 694 3907 petitio
723 3824 866 3887 fidelium
895 3823 980 3887 ratio
1011 3827 1099 3888 esset
1130 3843 1187 3886 cur
1217 3823 1421 3888 ministeriu

98 3918 189 3979 statu
212 3912 339 3996 peccati
369 3916 577 3976 sacramenta
606 3912 792 3976 ministrare
822 3915 933 3994 posset
963 3932 1026 3975 non
1058 3932 1218 3992 quaerens
1249 3917 1348 3978 antea
1370 3933 1422 3976 re-

99 4001 359 4068 conciliationem
389 4022 459 4065 cum
485 4001 570 4076 Deo,
604 4005 702 4082 atque
726 4001 783 4064 vix
813 4022 965 4082 umquam
997 4000 1158 4082 sacrilega
1182 4001 1422 4067 administratio

99 4096 187 4157 esset
216 4089 390 4174 possibilis.
444 4089 635 4154 Necessitas
669 4095 702 4154 et
733 4089 885 4171 angustia
916 4090 1072 4171 temporis
1103 4110 1262 4155 excusare
1293 4091 1421 4173 quidem

100 4183 227 4265 potest:
260 4180 287 4244 si
312 4179 398 4244 enim
421 4178 599 4262 periculum
624 4179 727 4244 instat
758 4200 798 4242 ue
830 4179 902 4260 quis
927 4183 1002 4242 aute
1027 4184 1266 4244 sacramentum
1291 4203 1422 4265 suscep·

99 4277 168 4336 turn
199 4269 379 4344 moriatur,
415 4272 492 4334 ante
525 4267 633 4332 omnia
664 4268 770 4332 curari
803 4269 899 4332 debet
930 4271 966 4332 ut
997 4289 1093 4348 quam
1124 4267 1280 4333 citissime
1311 4292 1422 4334 sacra·

99 4363 243 4425 mentum
268 4358 474 4434 conferatur,
507 4378 611 4439 neque
635 4358 783 4421 ministro
808 4357 932 4421 crimini
958 4357 1099 4421 vert'tur
1131 4358 1158 4421 si
1191 4381 1254 4422 non
1279 4360 1423 4441 potuerit

98 4457 166 4517 tam
189 4448 255 4514 cito
280 4468 318 4512 se
342 4450 441 4512 antea
464 4468 535 4511 cum
560 4448 629 4512 Deo
653 4446 865 4511 reconciliare
889 4446 935 4524 (S.
961 4446 1074 4528 Alpb.
1100 4445 1120 4510 l.
1147 4469 1173 4511 c.
1198 4470 1229 4513 n.
1255 4447 1320 4528 33).
1361 4448 1422 4514 At-

100 4544 207 4606 tamen
231 4537 384 4602 minister
406 4536 570 4616 obligatus
600 4539 688 4611 erat,
721 4543 876 4617 quantum
909 4535 1175 4600 circumstantiae
1206 4537 1421 4619 permiserint,

101 4630 138 4694 ad
162 4632 320 4694 conatum
344 4625 565 4689 contritionis:
590 4645 686 4707 quarn
711 4626 810 4690 etiam
834 4626 867 4688 in
892 4646 1024 4689 accessu
1049 4625 1090 4688 ad
1115 4625 1338 4690 moribundum
1364 4627 1421 4689 eli-

147 4735 318 4783 Lohmkuhl.
333 4734 406 4776 (tuus
420 4734 577 4776 conscientiae.
598 4734 627 4778 11.
1202 4728 1219 4780 2
