3044 5174
484 273 601 327 Materia
619 272 756 344 proxim'a:
775 301 812 310 —
830 269 977 326 Confessio.
1328 275 1391 340 201
1421 239 1423 242 Α

61 450 197 515 omnino
222 470 302 516 raro
326 449 452 533 obligat
474 450 535 514 sub
557 449 663 531 gravi,
689 469 769 531 erga
791 449 940 515 subditos
964 470 1044 514 sane
1060 448 1195 532 obligat,
1221 449 1283 514 nisi
1306 450 1394 515 forte

62 538 227 604 correctio
252 560 296 605 ex
319 561 384 604 una
408 543 502 622 parte
525 539 680 604 inefficax
703 540 816 605 futura
839 539 892 614 sit,
917 560 960 603 ex
984 540 1090 604 altera
1113 544 1208 623 parte
1232 560 1297 604 non
1319 539 1394 604 leve

62 628 308 782 {ncommodunp
324 628 547 782 beidamnum
571 628 650 693 bero
674 628 813 693 inferat:
840 649 923 709 quae
942 628 1112 694 excusatio
1129 628 1161 692 in
1178 633 1290 694 nostro
1314 649 1394 694 casu

76 737 173 783 ocum
197 739 264 782 non
311 738 398 783 ae.

156 823 197 892 R.
228 827 259 890 3.
307 822 341 889 Si
363 825 444 889 aerio
475 822 667 906 parentibus
699 822 888 898 maledixit,
921 827 1011 889 certe
1044 823 1212 888 contraxit
1235 822 1394 889 malitiam

64 933 130 976 non
156 918 275 979 contra
299 931 502 978 communem
532 911 705 978 caritatem
735 911 893 995 proximis
917 912 1077 988 debitam,
1109 912 1167 976 sed
1191 918 1307 979 contra
1327 915 1394 998 pie·

65 1010 172 1068 talen.
226 1001 324 1066 Proin
356 1021 419 1065 non
449 1000 532 1066 satis
562 1005 635 1065 erat
665 1001 772 1065 dicere
802 1022 838 1065 se
868 1001 1052 1084 proximum
1083 1001 1157 1066 odio
1187 1006 1394 1084 prosecutum

67 1111 158 1166 esse,
191 1091 251 1156 sed
274 1090 387 1155 debuit
410 1089 518 1154 dicere
544 1089 576 1171 1)
601 1111 636 1154 se
660 1089 721 1155 hoc
743 1095 914 1173 peccatum
946 1095 1061 1157 contra
1083 1096 1238 1174 parentes
1262 1088 1396 1156 commi·

66 1179 167 1255 sisse;
204 1180 238 1262 2)
268 1200 305 1245 se
334 1178 542 1244 maledixisse
572 1200 630 1243 seu
660 1179 747 1244 mala
777 1179 817 1243 iis
848 1187 971 1264 optasse
1000 1184 1034 1245 et
1062 1184 1276 1264 apprecatum
1306 1200 1394 1244 esse:

67 1290 144 1335 nam
168 1268 278 1334 odium
302 1289 362 1333 sua
393 1267 526 1333 notione
556 1267 634 1334 dicit
663 1267 843 1351 simplicem
874 1271 1128 1353 complacentiam
1159 1268 1192 1333 iu
1223 1267 1317 1335 malis
1341 1268 1396 1333 vel

68 1357 311 1441 displicentiam
335 1355 376 1422 de
398 1356 492 1422 bonis
514 1356 652 1434 inimici,
683 1357 870 1423 maledictio
902 1357 981 1424 dicit
1003 1359 1218 1436 desiderium·
1247 1362 1395 1424 attamen

69 1446 216 1530 simplex
239 1446 478 1529 complacentia
501 1467 565 1510 non
589 1451 641 1511 est
672 1445 816 1511 eiusdem
846 1447 978 1511 infimae
1000 1446 1120 1530 speciei
1145 1452 1245 1528 atque
1269 1446 1396 1511 deside-

68 1536 152 1600 rium
177 1534 271 1600 —id
295 1535 381 1617 quod
404 1535 579 1601 manifeste
603 1536 644 1600 ab
668 1535 816 1600 omnibus
832 1538 964 1601 tenetur
986 1540 1021 1601 et
1036 1535 1240 1619 supponitur,
1264 1535 1396 1618 quando

68 1629 219 1691 mactant
241 1623 282 1688 de
305 1623 449 1707 peccatis
472 1623 608 1691 internis
633 1629 747 1690 contra
771 1624 968 1690 castitatem.

159 1731 200 1799 R.
226 1734 257 1797 4.
303 1729 342 1795 In
373 1730 550 1795 luxuriosis
580 1730 833 1812 cogitationibus
864 1730 970 1797 adfuit
1000 1730 1246 1797 circumstantia
1276 1730 1339 1795 loci
1363 1735 1458 1796 etsta

68 1819 228 1903 temporis
243 1819 345 1884 sacri:
371 1819 410 1883 de
426 1841 490 1901 qua
507 1820 675 1901 quaeritur
691 1842 767 1885 uum
784 1819 958 1903 specialem
976 1820 1134 1886 malitiam
1150 1840 1286 1902 gravem
1304 1819 1396 1885 addi·

69 1908 165 1974 derit.
214 1907 467 1974 Circumstautia
490 1910 549 1974 loci
571 1913 658 1974 socri
681 1909 806 1976 inducit
828 1930 965 1990 gravem
988 1909 1152 1991 sacrilegii
1175 1909 1344 1986 malitiam,
1369 1909 1397 1974 si

10 2060 15 2083 ,
68 1997 183 2080 agitur
206 1997 246 2062 de
269 1997 452 2064 actionibus
476 1998 632 2075 externis,
657 2019 740 2080 quae
756 1999 906 2080 graviter
922 1999 1080 2064 dedecent
1096 1997 1158 2063 loci
1174 1997 1396 2073 sanctitatem,

10 2122 15 2175 p
68 2088 159 2153 inter
181 2108 264 2169 quas
288 2086 492 2153 collocantur
522 2107 621 2170 opera
649 2087 798 2152 luxuriae
829 2090 983 2164 externa;
1015 2092 1052 2153 at
1081 2086 1218 2153 internis
1241 2086 1395 2170 peccatis,

68 2176 133 2242 nisi
157 2177 304 2241 actiones
327 2180 484 2241 externas
507 2175 539 2240 in
563 2176 634 2240 loco
650 2197 744 2241 sacro
760 2176 939 2260 patrandae
963 2175 1151 2260 respiciunt,
1175 2197 1279 2258 grave
1294 2176 1396 2242 sacri·

70 2265 196 2348 legium
219 2287 284 2330 non
309 2269 461 2330 censetur
484 2265 652 2331 committi.
706 2267 760 2330 lu.
786 2289 826 2330 m.
851 2265 892 2341 II,
918 2267 993 2331 384.

161 2362 414 2428 Circumstantia
437 2362 493 2426 illa
517 2363 683 2445 temporis,
709 2363 794 2444 quod
818 2363 888 2445 ipso
912 2363 964 2427 die
980 2384 1005 2428 s.
1024 2362 1257 2428 communionis
1280 2383 1397 2446 pecca·

68 2459 141 2518 tum
167 2452 372 2517 commissum
396 2451 451 2528 sit,
476 2451 517 2516 ad
541 2452 707 2533 quaelibet
728 2457 866 2536 peccata
889 2452 1042 2519 mortalia
1064 2452 1134 2517 fere
1156 2452 1284 2534 aequali
1301 2451 1397 2516 modo

69 2561 145 2606 sese
168 2539 318 2624 porrigit,
341 2561 447 2621 neque
471 2546 623 2606 censetur
645 2562 764 2606 novam
788 2542 959 2606 mortalem
983 2541 1142 2606 malitiam
1166 2562 1275 2605 secum
1299 2541 1396 2606 ferre.

68 2628 255 2696 Fatendum
280 2634 390 2695 tamen
420 2633 472 2696 est
501 2629 651 2695 luxuriae
682 2635 817 2714 peccate
847 2630 1022 2713 specialem
1052 2631 1214 2711 quandam
1245 2630 1397 2695 indecen-

10 2715 12 2722 ’
69 2719 153 2785 tiam
169 2739 280 2784 secum
297 2718 394 2795 ferre,
412 2718 510 2783 immo
526 2719 698 2784 mortalem
715 2724 784 2785 tum
802 2719 960 2784 malitiam
977 2720 1206 2802 superaddere,
1223 2719 1397 2801 siquando

70 2808 323 2875 committantur
346 2807 532 2873 immediate
555 2814 631 2892 post
654 2829 679 2874 s.
705 2809 973 2884 communionem,
998 2808 1101 2874 sacris
1123 2808 1293 2891 speciebus
1317 2830 1398 2873 non-

69 2897 149 2963 dum
181 2896 354 2980 corruptis.
408 2896 524 2978 Neque
556 2903 667 2963 tamen
699 2897 732 2962 id
765 2897 914 2963 luxuriae
947 2897 1092 2981 peccatis
1124 2897 1292 2962 exclusive
1321 2917 1398 2980 pro·

69 2986 178 3070 prium
213 2990 275 3053 est.
329 2985 416 3050 Nam
451 3007 546 3051 neruo
583 2989 635 3051 est
671 2986 725 3068 qui
761 2986 909 3069 ambigat
944 2987 1117 3052 mortalem
1148 2986 1398 3053 irreverentiam

10 3126 13 3137 .
70 3096 153 3158 erga
180 3095 207 3140 s.
236 3073 467 3140 eucharistiam
496 3075 655 3142 committi
686 3076 727 3140 ab
758 3096 796 3140 eo
821 3076 892 3157 qui,
924 3075 1130 3141 manentibus
1159 3075 1265 3141 adhuc
1295 3075 1398 3140 sacris

69 3163 259 3249 speciebus,
292 3164 334 3229 ad
357 3164 550 3231 ebrietatem
574 3165 628 3229 vel
652 3164 694 3229 ad
718 3164 876 3230 vomitum
907 3186 1009 3246 usque
1033 3164 1134 3230 vellet
1164 3185 1236 3229 sese
1268 3163 1339 3229 cibo
1364 3168 1399 3230 et

70 3259 152 3338 potu
175 3253 322 3336 implere.

160 3349 253 3426 Quae
276 3350 557 3416 extraordinariae
589 3350 855 3417 circumstantiae
879 3372 950 3416 cum
983 3351 1069 3434 apud
1092 3351 1308 3416 Xenocratem
1333 3371 1398 3415 non

10 3442 12 3467 ³
71 3439 249 3505 videantur
288 3439 475 3517 exstitisse,
519 3440 694 3523 integritas
738 3440 951 3505 confessionis
990 3440 1074 3505 hanc
1112 3440 1198 3505 sacri
1237 3461 1297 3505 nec
1336 3438 1398 3504 loci

10 3577 15 3651 Ι
70 3550 131 3594 nec
170 3528 330 3612 temporis
368 3529 564 3595 mentionem
603 3529 795 3613 postulavit.
847 3531 1007 3594 Attamen
1044 3528 1173 3594 aliunde
1211 3533 1322 3612 potest
1359 3549 1399 3594 ea

10 3660 13 3668 ·
70 3618 257 3701 exponendi
289 3618 469 3684 necessitas
499 3618 592 3696 oriri,
624 3618 774 3683 nimirum
806 3638 848 3682 ex
878 3639 916 3683 eo
947 3618 1032 3699 quod
1062 3619 1211 3701 relapsus
1240 3622 1309 3683 tam
1333 3617 1398 3685 cito

10 3702 23 3797 i
70 3707 182 3773 factus
204 3706 310 3790 possit
332 3726 404 3772 esse
427 3706 555 3789 signum
580 3707 794 3773 confessionis
810 3707 1036 3791 praecedentis
1052 3728 1116 3772 non
1132 3707 1246 3775 bonae.
1279 3707 1399 3784 Quodsi

10 3835 24 3937 p
69 3795 206 3951 iierii'a
221 3795 382 3861 confessio
405 3797 491 3862 male
514 3797 604 3863 facta
627 3797 812 3862 accusanda
835 3801 870 3862 et
892 3797 1071 3880 repetenda
1094 3801 1154 3862 est.
1200 3796 1247 3862 ef.
1277 3797 1332 3862 lv.
1357 3819 1397 3862 ou.

10 3996 14 4045 '³
161 3999 201 4066 It.
227 4001 258 4066 5.
302 3999 441 4065 Domum
465 4000 551 4082 quod
574 4022 678 4083 nuper
702 4001 841 4067 amicum
863 3999 1039 4066 inebriavit
1062 4000 1181 4066 secreti
1205 3999 1396 4065 extrahendi
1408 4009 1460 4061 344

10 4155 13 4175 ,
71 4111 184 4168 causa,
210 4109 291 4154 sane
315 4088 424 4154 verbis
446 4090 543 4154 valde
567 4090 713 4156 obscuris
737 4090 821 4156 texit
845 4089 953 4172 potius
978 4111 1074 4171 quam
1099 4089 1290 4154 declaravit.
1330 4089 1398 4152 Ex-

10 4187 14 4228 l
71 4183 168 4263 cepto
193 4177 319 4243 scilicet
342 4199 437 4254 casu,
468 4200 531 4261 quo
555 4186 690 4263 propter
712 4179 926 4262 gravissimas
957 4179 1102 4244 rationes
1133 4184 1167 4244 ot
1190 4182 1324 4261 propter
1346 4197 1398 4241 se·

10 4328 17 4361 r
71 4274 199 4335 cretum
214 4270 333 4333 iniuste
348 4267 488 4334 celatum
505 4289 636 4334 causam
654 4268 805 4334 habuerit
821 4268 992 4333 ebrietatis
1009 4267 1135 4333 alienae
1147 4266 1397 4350 permittendae,

10 4374 13 4379 ·
71 4357 185 4423 debuit
208 4356 411 4422 Xenocrates
437 4357 469 4436 1)
492 4357 581 4423 clare
605 4358 713 4423 dicere
737 4379 772 4422 se
796 4379 838 4422 ex
861 4356 1022 4423 industria
1044 4358 1183 4422 alterum
1208 4355 1396 4431 inebriasse,

71 4447 149 4530 quia
171 4445 334 4512 malitiam
359 4445 529 4512 ebrietatis
553 4447 693 4512 volendo
718 4446 899 4519 contraxit;
932 4447 966 4526 2)
989 4446 1017 4510 si
1041 4445 1173 4521 fraude,
1205 4445 1309 4510 altero
1333 4464 1398 4508 non

71 4538 279 4609 advertente,
302 4534 335 4600 id
359 4534 530 4612 commisit,
555 4540 679 4601 iniuria
704 4536 863 4620 peccavit,
888 4539 1003 4618 utpote
1025 4535 1163 4600 invitum
1180 4534 1314 4617 privans
1337 4554 1398 4598 usu

71 4624 232 4701 rationis;
257 4624 293 4706 3)
316 4623 346 4689 si
369 4624 488 4690 secreti
511 4626 725 4708 cognoscendi
749 4625 799 4690 ius
823 4645 886 4689 non
904 4623 1027 4700 habuit,
1052 4622 1245 4691 iniustitiam
1268 4643 1326 4688 seu
1348 4621 1398 4687 in-
