3044 5174
93 279 212 336 Ordines
220 281 449 336 saort-Preces
458 282 902 352 iniunctae—Impedimentaseu
910 281 1309 351 irregularitatesfflontereus.
1357 288 1422 351 415

93 465 145 528 est
161 457 343 544 ordinatio]
357 460 410 524 vel
424 463 550 546 primas
564 460 640 542 sesti
655 470 711 526 cut
726 463 903 526 dominicae
915 460 948 525 iu
964 460 1132 545 psalterio,
1148 466 1247 546 prout
1259 461 1422 527 ordinatio

93 550 252 627 inferia,
283 549 369 616 festo
393 555 451 614 aut
475 549 635 615 dominica
665 550 815 616 habenda
838 551 913 617 sit“.
961 551 1013 616 lta
1043 572 1086 616 ex
1110 551 1242 616 decreto
1267 552 1298 617 S.
1324 552 1363 617 lt.
1388 553 1421 617 Ο.

96 640 126 706 d.
152 641 183 705 d.
209 641 250 704 27
275 637 350 703 Iulii
375 639 460 703 1899
484 637 593 717 (Dec-r.
619 641 706 705 autb.
730 660 761 704 rr.
787 643 873 705 4042
899 639 1003 721 adl).

184 763 237 827 Ao
261 782 453 838 ouarsrrurr
477 764 516 826 31ι
532 761 570 827 R.
592 765 619 828 1.
651 761 750 827 Petet
765 763 937 827 Lentulum
962 763 1059 844 longe
1083 761 1220 845 rigidius
1244 762 1421 846 sumpsisse
1432 774 1484 827 724

93 851 328 934 obligationem
352 871 418 932 qua
441 854 626 928 teneretur,
650 851 748 933 idque
771 852 883 917 multis
905 852 938 916 in
963 851 1079 917 causis.
1127 851 1214 917 Nam
1238 873 1310 915 cum
1336 852 1422 918 circa

94 941 281 1006 recitandos
303 941 448 1023 psalmos
464 939 715 1023 paenitentiales
739 944 772 1006 et
795 940 928 1006 litanias
944 941 1100 1022 —idque
1116 942 1217 1006 semel
1233 944 1362 1006 tantum
1378 981 1422 990 —

94 1052 134 1095 ne
157 1031 309 1112 rigorose
333 1029 462 1111 quidem
479 1028 636 1111 obligatio
653 1028 783 1095 ostendi
806 1031 920 1114 possit,
945 1031 1043 1111 longe
1059 1030 1186 1096 facilius
1203 1050 1314 1094 eorum
1339 1031 1422 1096 reci-

93 1119 254 1185 tationem
278 1122 411 1202 poterat
433 1139 492 1201 pro
516 1139 575 1183 suo
599 1119 734 1186 arbitrio
759 1119 901 1203 differre.
948 1119 1039 1184 Idem
1062 1120 1159 1202 plane
1186 1119 1358 1184 dicendum
1383 1121 1421 1185 de

94 1214 254 1275 nocturno
277 1206 417 1285 sabbati,
441 1207 496 1289 qui
519 1228 579 1291 pro
602 1212 755 1291 suscepto
778 1209 1014 1274 subdiaconatu
1036 1208 1200 1273 iniunctus
1223 1214 1306 1275 erat.

183 1315 223 1381 R.
249 1317 279 1381 2.
326 1314 418 1392 Quod
442 1318 551 1380 autem
576 1315 617 1380 ad
641 1314 843 1381 recitandum
874 1314 1017 1380 officium
1040 1315 1185 1380 divinum
1209 1315 1345 1393 attinet,
1380 1315 1421 1380 ad

94 1403 181 1486 quod
205 1425 291 1469 nunc
315 1402 444 1469 nomine
468 1403 635 1468 Ecclesiae
658 1408 696 1469 ut
718 1403 868 1470 minister
890 1405 1038 1488 publicus
1062 1409 1211 1471 tenetur:
1236 1404 1317 1468 haec
1340 1404 1421 1469 obli·

93 1493 186 1576 gatio
215 1512 297 1558 saue
325 1513 390 1558 non
420 1493 542 1576 incepit
566 1514 587 1558 a
609 1499 769 1559 nocturno
792 1493 938 1568 sabbati,
973 1494 1064 1559 cuius
1087 1497 1216 1578 tempus
1239 1492 1420 1574 legitimum

94 1586 145 1648 est
169 1587 302 1666 tempus
331 1583 526 1647 nocturnum
556 1583 634 1647 ante
656 1582 872 1660 matutinum,
907 1604 970 1665 quo
990 1583 1152 1649 Lentulus
1182 1583 1323 1646 nondum
1349 1586 1422 1648 erat

93 1671 331 1746 subdiaconus,
362 1671 421 1736 sed
451 1692 612 1735 summum
643 1671 808 1753 obligatus
838 1675 890 1737 est
919 1672 962 1737 ad
991 1693 1063 1736 earn
1087 1672 1200 1736 horam
1232 1671 1419 1737 canonicam

95 1781 179 1842 quae
211 1759 388 1844 respondet
417 1759 555 1843 tempori
586 1759 810 1826 ordinationis.
857 1759 964 1837 Quare
994 1761 1021 1825 si
1052 1765 1128 1845 post
1157 1760 1271 1825 horam
1302 1783 1419 1827 nonam

95 1850 291 1916 matutinam
325 1848 494 1914 ordinatus
524 1852 591 1924 est,
625 1870 689 1914 non
713 1854 844 1915 tenetur
867 1848 910 1914 ad
931 1851 1082 1927 tertiam,
1113 1850 1170 1915 sed
1194 1871 1354 1914 summum
1379 1851 1419 1915 ad

94 1943 226 2004 sextam
249 1942 284 2005 et
307 1942 483 2020 sequentes
512 1936 620 2003 horas.
651 1976 696 1984 -
725 1937 827 2002 Immo
851 1940 981 2021 quando
1004 1939 1037 2004 in
1061 1939 1160 2004 choro
1184 1960 1295 2003 omnes
1319 1939 1419 2004 horae

95 2027 263 2110 usquead
287 2047 406 2092 nouam
430 2026 588 2091 inclusive
611 2027 676 2092 iam
700 2027 859 2094 recitatae
883 2033 993 2105 erant,
1026 2027 1240 2111 probabiliter
1263 2029 1419 2094 Lentulus

95 2138 160 2181 non
193 2120 327 2182 tenetur
357 2115 419 2181 nisi
451 2115 494 2180 ad
522 2121 698 2198 sequentes
728 2116 825 2181 horas
856 2138 877 2182 a
906 2117 1052 2200 vesperis
1083 2122 1117 2183 et
1147 2117 1316 2201 deinceps:
1350 2117 1419 2183 La·

95 2206 215 2272 croix
238 2205 258 2271 l.
283 2205 340 2281 IV,
367 2226 395 2273 n.
424 2207 519 2271 1187.

186 2311 225 2377 a.
250 2313 282 2376 3.
326 2310 417 2388 Quod
441 2331 520 2376 vero
543 2309 701 2377 Lentulus
725 2311 838 2375 eodem
868 2311 921 2376 die
952 2333 1023 2376 cum
1054 2311 1232 2377 minoribus
1256 2311 1420 2377 ordinibus

95 2400 192 2465 simul
216 2398 483 2466 subdiaconatum
516 2400 676 2484 suscepit,
708 2421 749 2464 ex
780 2421 816 2464 se
846 2405 960 2467 contra
990 2422 1132 2466 canones
1155 2405 1222 2467 est:
1254 2422 1284 2466 v.
1309 2401 1364 2468 lib.
1389 2404 1419 2469 5.

96 2491 210 2567 X30,
243 2491 272 2555 2.
319 2491 494 2565 Attamen,
526 2493 612 2555 teste
636 2488 669 2555 S.
693 2488 907 2573 Alphonso
931 2490 994 2568 VI,
1027 2492 1108 2568 797,
1142 2491 1195 2555 ubi
1220 2491 1419 2556 consuetudo

95 2580 203 2661 legem
232 2577 323 2643 illam
352 2599 416 2642 non
447 2579 618 2655 observat,
651 2578 683 2643 id
708 2587 809 2663 potest
832 2582 972 2646 tolerari.
1020 2580 1110 2656 Quod
1139 2579 1209 2662 ipse
1233 2580 1419 2661 Fagnanus,

95 2669 149 2750 qui
175 2666 260 2732 alias
283 2665 408 2749 rigidus
431 2671 546 2733 auctor
569 2688 641 2732 esse
664 2669 759 2745 solet,
785 2668 943 2735 concedit.
992 2669 1193 2752 Gasparri
1217 2691 1248 2735 n.
1275 2671 1348 2736 510.

186 2756 426 2823 Consuetudine
456 2777 534 2821 vero
567 2778 631 2822 non
662 2756 856 2834 adiuvante,
889 2778 931 2822 ue
961 2778 1072 2823 omnes
1105 2756 1233 2839 quidem
1265 2761 1420 2839 quattuor

95 2845 239 2911 minores
263 2845 393 2911 ordines
415 2846 468 2911 ias
492 2849 544 2912 est
567 2846 680 2911 eodem
705 2846 757 2912 die
780 2867 853 2910 cum
883 2851 1019 2913 tonsura
1042 2846 1191 2930 accipere
1214 2847 1283 2912 sive
1307 2868 1420 2911 saecu-

94 2936 221 3001 laribus
244 2934 314 2999 sive
337 2934 560 3018 regularibus:
592 2935 653 3001 nisi
684 2935 883 3019 posteriores
912 2936 1055 3001 habeant
1077 2935 1301 3020 privilegium,
1335 2935 1419 3017 quod

95 3025 200 3091 refert
233 3023 436 3108 Gasparri
469 3046 500 3090 n.
533 3026 597 3089 502
631 3025 683 3090 die
715 3027 732 3090 7
759 3025 847 3108 Sept.
876 3026 960 3090 1732
988 3024 1024 3089 Ρ.
1050 3024 1086 3091 P.
1120 3025 1191 3090 Soc.
1218 3025 1291 3089 lesu
1324 3025 1419 3089 resti·

94 3119 204 3180 tutum
234 3113 426 3198 ,recipiendi
452 3112 566 3178 eodem
592 3114 644 3179 die
669 3115 808 3198 primam
841 3119 1009 3179 tonsuram
1034 3134 1073 3179 ac
1098 3117 1253 3196 quattuor
1280 3115 1420 3178 minores

96 3204 262 3270 ordines“.

95 3392 408 3460 lMPEDIMENTA
445 3392 653 3459 ORDINUM
690 3393 1074 3460 SUSOIPIENDORUM
1107 3394 1163 3459 ET
1197 3395 1420 3460 EXERCEN-

403 3509 562 3576 DORUM
589 3509 671 3576 SEU
695 3509 1119 3577 IRREGULARITATES.

370 3654 695 3715 IRREGULARITAS
717 3657 768 3715 EX
790 3656 925 3716 ABUSU
946 3656 1147 3718 BAPTISMI.

658 3813 768 3880 (lasus.
787 3821 864 3891 (211)

186 3957 347 4018 Severinrrs
368 3957 509 4017 sacerdos
530 3957 728 4034 rebaptizavit
748 3977 841 4034 nuper
863 3959 918 4016 sub
940 3957 1114 4017 condicione
1135 3979 1256 4035 puerum
1279 3960 1342 4016 sola
1364 3960 1420 4018 hac

96 4040 220 4110 ratione,
242 4038 320 4114 quod
340 4038 508 4113 baptizatus
530 4045 610 4096 esset
631 4058 649 4096 a
671 4038 805 4097 ministro
826 4037 995 4108 haeretico;
1017 4038 1094 4097 idem
1116 4039 1186 4097 feeit
1208 4039 1302 4114 quoad
1325 4040 1418 4097 virum

97 4121 227 4179 adultum
248 4118 416 4193 theologiae
438 4117 635 4188 candidatum,
657 4119 706 4192 qui
728 4119 799 4176 nihil
821 4120 918 4195 potuit
939 4139 993 4177 suo
1015 4121 1161 4194 baptismo
1183 4138 1346 4194 opponere,
1369 4122 1419 4178 sed

66 4212 68 4237 l
97 4201 168 4260 mire
190 4200 365 4258 turbabatur
386 4219 404 4257 a
424 4199 558 4273 longiore
579 4205 711 4274 tempore
732 4198 827 4256 dubiis
849 4199 929 4258 eirea
951 4201 1127 4274 baptismum
1149 4218 1243 4267 suurn,
1266 4200 1323 4256 etsi
1345 4201 1420 4258 alios

96 4301 153 4340 oon
175 4280 266 4340 fuerit
286 4281 461 4356 scrupuloso
482 4280 530 4337 vel
558 4281 676 4337 turbato
697 4280 810 4337 animo:
840 4280 919 4337 hunc
947 4279 1038 4353 igitur
1066 4280 1102 4336 ad
1131 4281 1277 4336 sedandos
1299 4281 1420 4338 timores

97 4362 191 4421 denuo
212 4363 267 4421 sub
289 4360 463 4419 condicione
484 4359 658 4436 baptizavit.
688 4360 745 4418 Sed
766 4360 830 4435 ipse
850 4379 929 4417 nune
944 4360 1029 4417 timet
1044 4359 1079 4417 de
1094 4358 1323 4432 irregularitate,
1346 4380 1420 4435 quae

96 4450 156 4501 tum
179 4462 196 4501 a
217 4462 250 4502 se
272 4447 335 4501 tum
356 4443 394 4499 ab
415 4441 466 4499 illo
488 4438 654 4514 theologiae
676 4439 833 4498 candidato
855 4440 896 4497 sit
917 4444 1080 4497 eontracta.

96 4557 273 4628 Qnrnnrrun
295 4557 324 4615 1ο
345 4555 414 4630 quid
435 4555 476 4614 sit
495 4555 701 4629 irregularitas
723 4560 753 4613 et
774 4574 811 4613 ex
832 4574 888 4629 quo
910 4555 1007 4631 capite
1029 4554 1231 4614 contrahatur.

295 4655 328 4712 2⁰
348 4653 416 4729 quid
438 4652 479 4711 sit
498 4652 534 4710 de
553 4651 824 4727 irregularitatibus
844 4653 938 4711 nostri
959 4672 1055 4712 casus.
