3044 5174
377 289 503 344 Minister
520 288 622 360 paenit.
640 318 676 327 -
695 287 812 343 facultas
830 287 858 342 in
876 288 1058 344 moribundos.
1320 296 1385 360 259

48 466 255 534 custoditum
272 487 402 550 semper
419 465 491 543 fuit,
517 471 553 530 ut
576 466 666 531 nulla
689 465 733 533 sit
756 466 936 532 reservatio
960 465 993 530 in
1017 465 1155 532 articulo
1178 467 1303 543 mortis,
1332 472 1385 532 at-

49 576 114 637 que
139 556 214 621 ideo
238 576 352 620 omnes
374 555 563 622 sacerdotes
587 556 748 637 quoslibet
775 555 981 639 paenitentes
1005 577 1025 620 a
1050 556 1216 637 quibusvis
1240 557 1386 640 peccatis

50 652 85 711 et
118 644 268 710 censuris
301 645 472 710 absolvere
506 649 671 728 possunt.“
728 645 850 722 Quibus
882 646 991 709 verbis
1020 645 1154 721 PatreS,
1188 666 1385 729 quamquam

49 733 214 817 imprimis
249 733 507 799 reservationem
540 755 667 799 omnem
702 733 735 799 in
770 733 829 800 tali
864 738 1012 817 tempore
1047 755 1177 799 cessare
1211 735 1385 801 intendunt

51 844 222 897 asserere,
253 827 364 889 tamen
395 823 566 888 occasione
596 823 690 888 huius
713 823 897 888 sententiae
920 823 1042 904 aliquid
1071 823 1210 907 amplius
1234 825 1387 890 videntur

50 913 249 989 concedere,
286 912 437 977 nimirum
461 912 638 994 quemlibet
668 914 888 988 sacerdotem,
924 913 1023 977 etiam
1059 933 1123 976 non
1157 914 1385 995 approbatum,

50 1001 174 1066 habere
190 1001 456 1066 iurisdictionem.
485 1001 574 1077 Quae
590 1001 820 1084 interpretatio
836 1022 915 1066 sane
931 1000 1108 1084 probabilis
1124 1005 1186 1068 est.
1219 1003 1275 1068 lla.
1289 1026 1328 1068 m.
1343 1003 1384 1081 Il,

51 1093 135 1162 3922
161 1091 195 1157 S.
220 1089 339 1174 Alph.
364 1090 420 1166 Vl,
447 1094 521 1155 562.

140 1205 183 1272 R.
209 1207 240 1270 2.
287 1206 418 1271 Rituote
440 1206 622 1270 Rotundum
652 1204 781 1286 quidem
812 1203 866 1284 (de
896 1227 1033 1270 socrant.
1059 1209 1181 1289 poenit.
1208 1206 1250 1270 ab
1280 1206 1387 1289 initio)

50 1293 159 1376 magis
183 1293 325 1360 limitata
349 1294 509 1375 loquitur:
540 1293 707 1370 „Minister
731 1300 781 1358 est
805 1295 958 1359 sacerdos
973 1293 1097 1359 habens
1112 1299 1312 1378 potestatem
1328 1299 1385 1361 ab·

51 1382 203 1449 solvendi
227 1384 283 1449 vel
313 1383 511 1449 ordinariam
535 1384 585 1448 vel
614 1383 809 1465 delegatam.
857 1385 921 1451 Sed
944 1387 973 1448 si
990 1386 1172 1468 periculum
1195 1388 1305 1449 mortis
1328 1389 1386 1450 im·

51 1475 172 1538 mineat
189 1472 445 1558 approbaturque
462 1474 542 1537 desit
558 1474 783 1555 confessarius,
802 1472 930 1557 quilibet
945 1474 1093 1538 suicardus
1106 1481 1206 1558 potest
1223 1496 1241 1538 u
1259 1476 1386 1559 quibus-

51 1584 175 1648 cunque
200 1565 344 1627 oeusuris
369 1571 395 1626 et
416 1565 553 1647 pcccatis
576 1563 763 1627 absoluere.“

139 1692 196 1759 Au
221 1713 413 1769 ouursrruu
438 1695 476 1756 2¹¹¹
501 1694 539 1759 u.
560 1696 587 1758 1.
629 1693 744 1759 Stante
768 1693 927 1776 probabili
951 1693 1232 1776 interpretatione,
1258 1696 1298 1759 de
1322 1717 1384 1778 qua
1394 1705 1449 1758 452

51 1783 146 1848 modo
183 1783 307 1848 dictum
338 1787 405 1857 est,
437 1803 508 1846 cum
540 1783 680 1863 quadam
710 1783 826 1846 morali
857 1782 1052 1848 certitudine
1078 1784 1199 1849 valebit
1222 1785 1384 1851 absolutio

55 1877 227 1954 utcunque
258 1872 472 1937 asacerdote
501 1871 600 1937 etiarn
632 1893 694 1936 non
725 1872 905 1954 approbato
936 1871 1030 1948 data,
1062 1873 1132 1936 sive
1156 1873 1291 1938 absente
1315 1873 1385 1938 sive
1439 1935 1440 1938 ,

57 1967 235 2044 praesente
268 1959 465 2026 confessario
498 1961 690 2044 approbato,
743 1960 960 2025 Nihilominus
992 1961 1145 2042 quoniam
1176 1962 1208 2026 in
1242 1963 1385 2045 periculo

56 2051 174 2116 mortis
190 2049 295 2114 maior
311 2049 482 2126 certitudo,
507 2054 665 2130 quantum
681 2049 750 2113 fieri
766 2049 879 2134 possit,
904 2049 1119 2126 desideratur,
1144 2050 1286 2132 aliquale
1305 2052 1383 2117 illud

57 2140 191 2205 dubium
215 2140 300 2221 quod
325 2143 430 2204 restat
453 2140 684 2203 removendum
710 2143 770 2216 est,
794 2161 825 2206 v.
849 2160 881 2221 g.
905 2138 1111 2203 absolutione
1133 2160 1231 2223 super
1254 2143 1385 2226 aliquod

57 2232 231 2312 peccatum
255 2229 296 2292 ab
319 2228 501 2311 approbato
526 2228 726 2292 confessario
750 2227 868 2305 danda,
893 2228 964 2292 sive
988 2228 1051 2292 alio
1075 2230 1181 2294 modo.

145 2344 186 2408 R.
212 2347 242 2410 2.
290 2343 411 2407 Verum
443 2342 573 2407 dubium
604 2343 683 2407 illud
714 2365 798 2407 nuno
827 2364 987 2407 summum
1011 2344 1222 2425 restringitur
1245 2345 1286 2410 ad
1310 2366 1382 2410 euni

10 2456 15 2467 ·
55 2454 168 2499 casum
186 2454 250 2515 quo
267 2454 339 2497 oum
354 2433 526 2497 sacerdote
542 2432 805 2516 non-approbato
823 2432 921 2497 etiam
936 2433 1137 2516 approbatus
1150 2443 1220 2498 actu
1233 2457 1384 2520 praeseus

55 2526 114 2588 est.
163 2522 251 2587 Nam
283 2523 311 2585 si
342 2529 413 2586 actu
443 2542 600 2604 praesens
623 2543 687 2585 non
712 2526 778 2598 est,
810 2525 920 2604 potest
949 2527 1061 2587 tamen
1090 2522 1188 2587 facile
1212 2523 1383 2590 advocari:

57 2632 152 2676 omne
184 2609 316 2676 dubium
339 2632 416 2674 num
441 2610 603 2675 absolutio
633 2610 719 2675 forte
749 2611 838 2674 nulla
868 2632 925 2675 seu
954 2610 1100 2676 invalida
1129 2611 1188 2687 sit,
1220 2613 1384 2678 sublatum

55 2705 105 2767 est
130 2721 288 2783 responso
313 2702 345 2764 S.
366 2701 472 2782 Officii
495 2700 524 2764 d.
550 2700 580 2765 d.
606 2703 646 2763 29
671 2699 745 2763 Iulii
768 2702 870 2764 1891:
900 2721 981 2776 ,nou
1005 2704 1082 2764 sunt
1104 2699 1307 2782 inquietandi
1331 2703 1384 2785 qui

10 2846 15 2865 ‚
55 2792 173 2856 tenent
197 2788 339 2854 validam
364 2809 436 2853 esse
460 2788 696 2854 absolutionem
726 2787 758 2853 in
783 2788 920 2854 articulo
944 2789 1059 2854 mortis
1082 2811 1103 2855 a
1126 2791 1297 2857 sacerdote
1320 2813 1384 2857 non

54 2878 257 2963 approbate,
289 2881 382 2942 etium
406 2880 535 2963 quaudo
556 2879 654 2960 focile
677 2880 829 2942 aduocari
852 2901 907 2943 seu
932 2881 1042 2942 adesse
1060 2883 1213 2963 potuisset
1236 2882 1384 2946 arcados

54 2969 281 3055 rrpprobotus.“
332 2966 394 3031 Sed
418 2966 480 3031 nisi
503 2988 538 3031 re
561 2968 633 3050 ipsa
656 2966 767 3032 valida
791 2971 880 3032 esset
910 2967 1088 3045 absolutio,
1120 2968 1249 3033 omnino
1274 2974 1385 3035 essent

52 3056 258 3140 inquietandi
282 3056 335 3138 qui
361 3077 432 3120 eam
457 3076 515 3138 pro
540 3056 649 3121 valida
665 3055 832 3122 haberent.
872 3056 968 3121 Unde
986 3058 1025 3121 fit
1040 3077 1076 3120 re
1092 3056 1165 3139 ipsa
1180 3059 1383 3123 sacerdotem

54 3146 354 3229 non-approbatum
379 3144 412 3209 in
436 3145 574 3211 articulo
591 3145 706 3209 mortis
722 3144 843 3210 habere
859 3144 1051 3210 facultatem
1069 3145 1269 3223 absolvendi,
1294 3168 1383 3212 eam·

53 3257 115 3318 que
139 3235 194 3300 vel
225 3234 289 3299 iam
318 3238 418 3300 autea
441 3234 482 3298 ab
506 3233 654 3299 Ecclesia
678 3234 831 3301 collatam
861 3234 978 3312 fuisse,
1010 3234 1063 3298 vel
1094 3235 1211 3299 saltem
1243 3257 1327 3301 nunc
1351 3237 1383 3301 vi

54 3325 140 3390 illius
175 3323 299 3390 decreti
332 3323 489 3388 conferri:
522 3345 616 3388 secus
647 3322 732 3388 enim
765 3344 951 3408 supremum
975 3322 1143 3389 Ecclesiae
1175 3325 1318 3390 tribunal
1351 3327 1382 3391 in

55 3435 198 3480 errorem
229 3412 537 3497 perniciosissimum
567 3412 753 3489 induceret,
784 3411 881 3493 idque
905 3412 938 3477 in
962 3411 1053 3476 rein
1078 3434 1142 3494 qua
1165 3435 1223 3496 pro
1248 3414 1383 3480 arbitrio

55 3503 234 3569 remedium
258 3505 369 3586 potest
392 3502 525 3576 afferre;
551 3503 636 3584 quod
660 3502 714 3565 vel
738 3502 885 3583 cogitare
908 3501 1041 3584 impium
1066 3506 1126 3568 est.

142 3637 198 3701 Au
228 3654 420 3710 eunusmuu
450 3637 490 3699 3¹¹¹
520 3634 558 3701 R.
593 3637 620 3699 1.
673 3634 706 3699 Si
739 3634 885 3699 condicio
918 3640 1127 3715 aegrotorum
1156 3634 1214 3700 illa
1244 3643 1317 3702 erat
1346 3643 1444 3702 ut453

10 3738 13 3783 l
55 3748 152 3792 sensu
186 3723 408 3789 ecclesiastico
438 3724 569 3789 adesset
599 3723 756 3788 articulus
786 3724 918 3800 mortis,
952 3744 993 3787 ex
1024 3744 1180 3806 responso
1211 3725 1242 3792 S.
1275 3726 1381 3790 Officii

54 3839 130 3883 mox
162 3813 260 3879 relati
290 3812 424 3877 evidens
454 3817 506 3878 est
530 3817 684 3893 aegrotos
708 3813 781 3878 illos
805 3813 913 3878 valide
937 3811 1063 3877 absolvi
1087 3813 1233 3895 potuisse
1256 3836 1276 3879 a
1300 3817 1381 3880 Con-

54 3903 217 3979 stantin03
248 3923 288 3966 ac
312 3902 405 3985 proin
429 3901 677 3966 Constantinum
705 3909 795 3968 recte
819 3903 941 3984 egisse,
973 3902 999 3965 si
1025 3906 1201 3983 utcumque
1224 3905 1382 3986 suspicari

54 3998 187 4079 poterat
211 3991 326 4057 adesse
350 3991 476 4072 aliquos
499 3990 553 4072 qui
577 3991 662 4073 apud
686 3991 864 4074 parochum
888 4013 952 4056 non
975 3991 1115 4056 libenter
1132 3994 1380 4068 confiterentur;

53 4085 152 4150 immo
178 4080 331 4147 eximium
356 4081 505 4145 caritatis
533 4101 613 4163 opus
637 4080 794 4146 exercuit.

143 4198 184 4263 R.
211 4199 240 4263 2.
277 4196 433 4273 Quoniam
459 4195 589 4260 videtur
611 4195 756 4260 adfuisse
781 4196 875 4271 ratio,
901 4217 958 4260 cur
981 4194 1089 4259 omnia
1112 4193 1214 4260 inscio
1240 4197 1380 4278 parocho

52 4293 192 4374 peracta
228 4285 295 4350 sint
327 4292 361 4350 et
393 4285 493 4350 etiam
525 4306 610 4349 nunc
647 4285 788 4367 parocho
824 4286 987 4350 celentur:
1021 4285 1163 4367 prudens
1199 4291 1271 4351 erat
1305 4308 1380 4351 con-

51 4380 180 4453 silium,
205 4375 303 4440 immo
326 4374 384 4440 vix
408 4395 472 4438 non
496 4374 715 4439 necessarium
740 4375 903 4439 instruere
925 4374 1080 4444 infirmos,
1105 4376 1142 4436 ut
1166 4379 1298 4456 postea,
1323 4375 1380 4440 ad·

50 4470 175 4534 vocato
198 4463 351 4549 parocho,
377 4484 419 4528 ex
442 4463 587 4547 peccatis
611 4465 798 4547 praeteritis
821 4486 906 4528 nunc
930 4463 992 4527 rite
1016 4462 1132 4527 deletis
1149 4466 1382 4531 confiterentur

50 4559 166 4641 aliqua
188 4575 248 4639 pro
272 4575 330 4619 suo
354 4552 499 4618 arbitrio.
539 4553 591 4618 lta
614 4552 699 4617 enim
723 4553 965 4637 providebatur,
991 4557 1027 4616 ut
1050 4552 1211 4635 parochus
1235 4554 1304 4619 sine
1324 4555 1380 4619 ad·

50 4645 230 4714 miratione
253 4643 318 4709 alia
341 4647 550 4741 sacramenta
573 4641 784 4709 ministraret.

1120 4744 1173 4797 ll*
