3044 5174
115 398 118 405 '
179 391 792 471 sumptious·ac·cypnls.111ulslrltn‚
809 392 975 468 typographi
993 393 1261 468 editorispontiflcii,
1279 390 1414 470 l'rihurgi

92 468 264 542 ildegarius,
281 470 394 542 prodiit:
1230 491 1232 495 ·

94 659 784 882 runcinam
857 659 1411 874 nonnus.

411 1058 415 1065 ,
669 960 838 1055 sucronn

423 1139 687 1211 AUGUSTINO
711 1140 970 1210 LEHHKUHL
995 1144 1026 1210 S.
1050 1143 1081 1210 J.

171 1334 315 1389 ummo
334 1333 462 1400 NONA,
482 1335 534 1389 AB
553 1332 748 1389 AUCTORE
767 1333 1011 1390 uncooulrn
1030 1335 1080 1389 ET
1100 1333 1338 1388 EMENDATA.

199 1507 200 1511 ’
248 1508 309 1553 wli
324 1507 549 1551 APPROBATIONE
563 1494 657 1551 BEVffl
670 1508 807 1552 sucum.
820 1508 960 1554 ruinoso.
973 1509 1009 1552 ΕΤ
1024 1509 1125 1552 SUPER
1139 1509 1264 1551 0111111118.

95 1669 198 1725 ttomi
224 1669 251 1723 iu
277 1667 314 1722 8⁰.
353 1665 481 1737 (XXXVI
506 1672 534 1721 et
560 1666 628 1750 1716
655 1668 693 1752 p.)
731 1668 868 1723 Pretium:
891 1670 931 1723 M.
951 1669 983 1722 16
1003 1690 1036 1715 =
1056 1669 1105 1723 rr.
1124 1666 1173 1729 20;
1199 1684 1216 1722 a
1241 1668 1319 1721 dorso
1345 1667 1417 1720 corio

554 1739 663 1808 religati
682 1741 721 1795 Μ.
740 1740 775 1795 20
794 1762 828 1787 =
847 1741 896 1796 rr.
916 1739 959 1793 25.

94 1912 229 1968 volumen
250 1912 272 1968 1.
308 1909 456 1968 Gontincns
481 1909 650 1984 theologiam
675 1911 807 1969 moralem
834 1911 993 1984 generalem
1018 1914 1047 1969 ct
1071 1925 1106 1969 cr
1132 1909 1248 1985 speciali
1273 1909 1418 1986 theologia

166 1981 266 2040 morali
291 1984 433 2039 tractatus
459 1981 493 2040 tc
511 1980 665 2040 virtutihus
687 1986 715 2040 ct
740 1981 843 2040 ciliciis
862 1982 938 2041 ritae
957 1982 1136 2040 christianae.
1176 1982 1239 2054 (XX
1257 1987 1286 2038 et
1304 1985 1357 2040 818
1375 1984 1414 2056 p.)

95 2090 228 2145 volumen
247 2090 281 2144 11.
312 2087 459 2146 continens
478 2087 636 2172 theologico
653 2087 769 2145 nonalis
788 2088 920 2162 specialis
934 2089 1041 2162 partem
1054 2087 1199 2146 muniano
1214 2103 1262 2146 seu
1274 2091 1416 2147 tractatus

167 2160 201 2217 do
227 2159 358 2217 auhsihiia
377 2159 453 2217 vitae
479 2158 660 2217 christianae.
696 2159 759 2217 ilum
785 2160 891 2218 iuahm
916 2159 1124 2234 appendicibus.
1163 2161 1240 2229 (XVI
1258 2166 1287 2216 et
1305 2162 1357 2219 898
1376 2164 1415 2234 p.)

189 2394 211 2419 ,.
232 2395 238 2406 .
258 2395 264 2407 .
283 2353 374 2419 Quunt
391 2371 447 2409 aux
465 2353 563 2408 details
582 2352 752 2408 d’execution
770 2357 798 2407 et
823 2353 857 2408 de
881 2354 981 2420 forme,
1007 2353 1041 2408 ils
1066 2357 1129 2409 sont
1152 2353 1261 2423 soignes
1286 2371 1354 2409 avec
1379 2372 1416 2410 un

97 2423 184 2495 esprit
201 2424 234 2478 de
253 2423 378 2479 methodo
397 2425 583 2496 at'd'aualysa
601 2442 718 2496 presque
736 2425 842 2490 raihna,
862 2427 952 2496 coqui
964 2425 1031 2480 rond
1043 2424 1143 2480 l'etude
1154 2430 1184 2479 et
1195 2426 1223 2479 la
1235 2426 1416 2480 consultatiou

88 2494 131 2550 'de
149 2499 226 2550 notre
251 2496 359 2550 manuel
386 2496 448 2551 d’un
473 2515 560 2566 usage
585 2501 783 2552 extremement
807 2497 951 2566 profitable
975 2501 1004 2554 et
1027 2497 1118 2552 facile.
1154 2497 1236 2552 Aussi
1260 2496 1324 2552 bien
1348 2515 1417 2553 nous

96 2566 269 2632 l'aiflrmons,
295 2584 360 2621 sans
384 2570 488 2623 orainte
513 2569 598 2624 d'etre
623 2569 771 2624 dementis:
796 2570 930 2638 l'ouorape
954 2571 993 2635 du
1010 2571 1039 2624 P.
1059 2569 1208 2623 Iaehnrhahl
1232 2587 1266 2622 nc
1289 2572 1418 2624 damase

98 2638 161 2707 pu'ci
180 2642 235 2693 atre
247 2656 335 2693 ccanu
350 2657 425 2707 pour
443 2644 520 2695 creir
538 2644 610 2696 droit
628 2645 661 2695 dc
679 2642 730 2693 cite
745 2643 816 2693 duno
834 2643 871 2694 leo
886 2642 1172 2695 Grande-Simincires
1190 2643 1263 2694 ainsi
1281 2660 1332 2710 que
1348 2643 1418 2696 duno

96 2713 134 2764 1oe
156 2710 347 2779 Presbyllre8“
883 2728 922 2781 (La
936 2727 1052 2770 hlouitour
1066 2728 1094 2769 da
1108 2726 1187 2770 Roma.
1211 2727 1269 2769 1884.
1291 2728 1334 2772 Na.
1347 2729 1390 2779 48.)

187 2815 256 2870 “We
275 2818 383 2887 repeat,
408 2834 444 2870 no
462 2819 574 2872 modam
594 2819 670 2872 work
688 2836 723 2871 on
743 2819 834 2872 Morol
856 2816 986 2887 Theolopy
1011 2836 1062 2871 can
1087 2835 1211 2886 conrpore
1234 2820 1297 2871 scith
1318 2820 1417 2872 h'uther

97 2890 268 2942 Lehmkuhl's
286 2896 336 2942 two
353 2889 468 2943 columae
486 2889 528 2944 for
547 2890 759 2960 complaleness;
784 2888 851 2960 they
869 2889 967 2944 should
984 2890 1018 2945 be
1036 2889 1118 2943 found
1143 2890 1170 2942 in
1196 2889 1243 2942 the
1268 2888 1369 2960 lihrary
1389 2892 1419 2944 of

97 2977 181 3030 every
201 2958 315 3014 Priesi.”
767 2975 823 3029 (ita
837 2975 941 3031 chbay
956 2976 1058 3019 Gathoiic
1071 2975 1202 3018 Examinat.
1226 2976 1284 3020 1880.
1307 2975 1349 3019 llo.
1362 2977 1391 3027 8.)

685 3141 834 3149 ----—-—-—-
854 3143 860 3147 .

186 3257 313 3313 Eiusdem
333 3259 451 3314 auctoris

98 3389 499 3540 Compendium
535 3391 816 3540 theologiae
852 3391 1064 3505 moralis.
1111 3375 1417 3550 5333?ssssng

168 3553 246 3621 com
271 3553 507 3641 approbatione
529 3554 611 3621 Rov,
636 3553 788 3641 Archiep.
812 3554 962 3639 Friburg.
986 3556 1022 3622 et
1044 3552 1158 3639 Super.
1184 3553 1323 3622 Ordinis,
1371 3556 1417 3621 8⁰.

168 3644 290 3725 (XXIV
320 3650 355 3712 et
385 3646 449 3711 618
479 3646 527 3730 p.)
572 3644 734 3711 Pretium:
765 3647 811 3711 M.
837 3646 854 3711 7
881 3673 922 3697 --
951 3645 1007 3711 rr.
1037 3646 1129 3722 8.75;
1161 3644 1301 3711 adoreo
1331 3645 1418 3711 corio

168 3734 261 3817 relig.
286 3736 332 3801 Μ.
357 3736 434 3801 8.60
457 3762 499 3788 --
524 3735 581 3801 Fr.
597 3736 714 3802 noro.

187 3874 218 3928 lu
237 3893 290 3929 uno
309 3874 452 3930 mediocris
470 3874 550 3930 molis
568 3873 705 3930 volumine
723 3873 810 3930 lector
827 3874 962 3945 integram
980 3872 1145 3942 theologiam
1164 3872 1292 3928 moralem
1305 3891 1420 3931 nervose

98 3945 265 4017 explicatam
284 3945 406 4001 inveniet
423 3963 485 4001 cum
504 3946 628 4003 omuibus
647 3947 927 4016 ferequacetiouihus
945 3945 1081 4017 practicis,
1100 3944 1187 4014 iisque
1206 3944 1288 3999 etiam
1307 3947 1342 4001 ex'
1361 3947 1419 4001 iure

99 4016 244 4083 canonico,
272 4018 399 4087 liturgia,
426 4016 565 4086 theologia
588 4018 734 4090 pastorali,
762 4037 832 4089 quas
856 4019 884 4074 in
909 4019 1010 4073 maiore
1035 4034 1116 4088 opere
1141 4016 1261 4071 eiusdem
1287 4018 1419 4072 auctoris:

97 4091 252 4158 ,Theolopc‘c
270 4090 392 4144 moralic‘
411 4090 439 4144 in
457 4090 525 4145 duos
543 4094 631 4145 tomos
656 4090 801 4146 distributo
826 4094 960 4157 tractatas
984 4088 1081 4153 hahet;
1106 4106 1155 4159 pro
1181 4088 1303 4142 uberiore
1327 4091 1417 4143 autem

97 4161 231 4230 capienda
250 4161 400 4216 eruditione
419 4164 448 4215 et
465 4161 562 4215 intima
579 4178 670 4216 rerum
688 4161 785 4217 notitia
803 4161 952 4217 remittitur
970 4161 1004 4215 ad
1023 4158 1112 4231 ipsum
1128 4177 1195 4230 opus
1208 4159 1296 4215 maius
1309 4158 1420 4229 eiusque

98 4249 224 4287 numeros
243 4233 418 4302 marginales.
455 4232 544 4299 Quare
563 4232 630 4289 illud
648 4251 698 4317 pro
716 4234 865 4305 copiosiore
883 4234 973 4288 studio
998 4236 1027 4286 et
1051 4249 1100 4303 pro
1125 4230 1297 4302 profundiore
1321 4231 1419 4286 intelli·

100 4303 194 4372 gentia
212 4322 319 4372 eorum,
345 4322 415 4375 quae
433 4304 598 4360 confessario
616 4309 689 4360 scrtu
706 4306 861 4361 necessaria
878 4308 957 4370 sunt,
982 4302 1132 4367 deserviam
1157 4303 1311 4375 pro-prima
1328 4307 1419 4358 autem

96 4375 268 4430 institutione
287 4394 379 4431 eorum
398 4375 603 4432 candidatorum
621 4375 791 4447 theologiae,
816 4376 863 4447 qui
889 4377 1012 4432 breviora
1038 4378 1158 4447 tempore
1183 4392 1234 4446 ope
1259 4374 1421 4447 professoris

98 4448 124 4500 iu
143 4450 238 4503 nostra
255 4447 400 4519 disciplina
418 4447 516 4503 instrui
534 4448 647 4515 dehent,
674 4452 702 4505 et
720 4466 768 4520 pro
786 4448 948 4504 adinventis
966 4447 1015 4513 iis,
1040 4445 1102 4516 qui,
1127 4446 1156 4500 in
1181 4464 1246 4501 cura
1269 4448 1419 4521 animarum

96 4519 148 4572 toti
167 4520 306 4590 occupati,
332 4522 366 4574 ad
386 4518 555 4575 recolendam
574 4519 740 4588 theologiam
758 4521 888 4576 moralem
907 4521 974 4576 adeo
992 4518 1175 4573 necessariam
1194 4518 1287 4573 furtim
1312 4520 1419 4572 tantum

97 4591 228 4660 temporis
247 4592 397 4663 particulas
416 4591 548 4661 quasdam
566 4591 722 4663 impendere
740 4597 863 4665 possunt,
881 4593 932 4647 hoc
952 4591 1004 4646 erit
1022 4589 1225 4662 compendium.

149 4683 317 4731 Lehmkuini.
332 4686 403 4730 canuc
419 4687 579 4731 conscientiae.
598 4686 627 4730 11.
1179 4679 1213 4733 38
