3044 5174
340 287 536 359 [mpedimento
554 286 719 344 matrimonii
737 289 905 346 dirimentis:
925 289 1169 346 clandestiuitatis.
1356 295 1423 360 563

97 516 446 584 IMPEDIMENTUM
462 517 894 588 CLANDES'I'INITATIS.
911 557 955 566 —-
967 520 1251 587 Assrsrunrla
1264 521 1423 587 MATRI·

446 650 577 716 MONII
600 650 687 716 PER
710 650 1069 719 DELEGATIONEM.

661 815 772 883 Casus.
793 823 870 893 (281)

183 964 370 1024 Hortulanus
384 969 414 1024 et
428 965 560 1036 Silvano,
583 983 648 1023 curu
664 965 696 1024 in
718 986 771 1025 suo
792 967 857 1025 loco
877 965 1095 1026 matrimonium
1116 966 1191 1027 inire
1212 969 1423 1030 convenienter

94 1065 153 1106 non
175 1049 309 1122 possent,
331 1049 511 1122 acceperunt
531 1065 550 1104 a
571 1064 624 1104 suo
646 1047 776 1122 parocho
798 1047 971 1106 facultatem
987 1048 1181 1107 contrahendi
1203 1067 1303 1107 coram
1325 1068 1421 1109 sacer·

95 1126 163 1186 dote
194 1127 252 1185 sibi
278 1128 354 1185 banc
375 1125 457 1197 viso;
486 1125 608 1185 eandem
637 1125 809 1186 facultatem
831 1128 965 1187 Romana
992 1133 1022 1185 et
1042 1128 1188 1188 Hercules
1217 1131 1254 1188 ab
1282 1129 1422 1207 episcopo

93 1207 272 1266 habuerunt.
314 1205 385 1265 (lum
408 1224 466 1265 una
488 1206 621 1265 alterave
643 1207 708 1266 vice
736 1206 848 1266 frustra
875 1212 1045 1267 tentassent
1072 1227 1196 1284 peregre
1217 1209 1422 1270 ecclesiastico

94 1287 154 1346 ritu
177 1305 277 1346 coram
298 1286 429 1363 parocho
450 1286 666 1346 matrimonium
688 1287 779 1359 inire,
808 1307 844 1345 ex
865 1287 1019 1364 inopinato
1041 1289 1236 1365 apparentia
1258 1291 1422 1350 confinibus

95 1366 254 1438 dioecesis,
275 1385 333 1443 quo
354 1386 392 1426 cx
407 1365 608 1443 compluribus
629 1366 813 1427 dioecesibus
835 1369 872 1427 ad
888 1369 1102 1428 conferentiam
1117 1370 1332 1429 sacerdotalem
1355 1390 1422 1430 con·

95 1452 254 1518 venerant,
275 1446 306 1505 in
327 1447 514 1506 sacerdotum
539 1453 686 1506 conventu
707 1447 806 1524 ibique
821 1448 975 1509 declarant
989 1468 1072 1508 suum
1089 1468 1265 1509 consensum
1282 1456 1422 1523 mutuum,
1440 1468 1443 1472 ·

95 1528 334 1606 repugnantibus
356 1527 560 1587 sacerdotibus
582 1527 717 1587 omnibus
739 1528 787 1604 qui
810 1529 942 1588 aderant.
977 1529 1116 1588 Tumultu
1137 1529 1228 1599 facto,
1250 1532 1423 1591 sacerdotes

95 1608 202 1685 reliqui
224 1607 381 1678 recedunt,
410 1608 550 1684 solusque
577 1609 725 1684 parochus
746 1614 880 1668 remanat
901 1628 967 1668 cum
997 1609 1124 1684 singulis
1145 1609 1282 1687 paribus:
1311 1612 1359 1687 qui
1381 1612 1424 1670 in·

95 1695 202 1766 specta
223 1688 367 1748 facultate
388 1687 621 1765 nupturientium
643 1689 707 1764 ipse
728 1689 832 1748 haeret
846 1708 957 1766 anceps
972 1689 1051 1748 circa
1066 1690 1197 1748 valorem
1212 1696 1242 1749 et
1256 1691 1424 1751 nullitatem

95 1769 358 1830 matrimoniorum.

96 1893 277 1965 Quannrrura
306 1896 334 1951 1⁰
362 1892 411 1970 qui
437 1892 477 1952 sit
505 1893 653 1970 parochus
681 1893 818 1970 proprius
847 1893 930 1953 cuius
960 1893 1134 1953 assistentia
1160 1894 1192 1953 in
1222 1895 1424 1954 contrahendo

365 1973 550 2033 matrimonio
572 1992 610 2032 ex
631 1973 762 2033 Concilio
784 1973 863 2034 Trid.
885 1973 1051 2050 requiritur.

313 2074 343 2130 2⁰
363 2090 439 2148 quae
461 2071 608 2146 delegatio
630 2072 797 2147 requiratur
818 2077 848 2131 st
869 2071 1008 2132 sufficiat.

312 2171 343 2230 3⁰
364 2170 433 2247 quid
454 2170 491 2229 ad
514 2189 615 2229 casum
637 2162 678 2229 sit
698 2169 860 2229 dicendum.

693 2351 829 2419 Salutio.

188 2507 241 2571 An
265 2524 457 2580 quaasrruu
484 2507 519 2569 1²
544 2505 582 2571 R.
603 2508 630 2571 1.
670 2505 836 2570 parochus
860 2505 1019 2589 proprius,
1044 2505 1135 2571 cuius
1159 2505 1347 2572 assistentia
1370 2503 1452 2570 vela

94 2593 263 2678 delegatio
283 2595 325 2659 ad
340 2593 559 2660 assistendum
584 2595 770 2677 requiritur,
795 2598 846 2661 est
868 2596 1030 2679 parochus
1054 2594 1205 2680 proprius
1221 2594 1290 2660 sive
1314 2592 1425 2679 sponsi

94 2687 168 2752 sive
198 2704 348 2767 sponsae.
395 2681 515 2759 Quodsi
546 2704 589 2749 ex
614 2684 677 2750 loci
701 2684 934 2751 consuetudine
964 2686 1053 2750 solus
1082 2705 1223 2767 sponsae
1256 2685 1309 2749 vel
1336 2684 1425 2749 solus

94 2774 210 2928 qunsi
242 2772 404 2856 parochus
436 2773 561 2848 aditur,
593 2772 625 2837 id
656 2793 698 2838 ex
729 2772 879 2839 decentia
908 2775 961 2851 fit,
992 2795 1057 2839 nou
1087 2774 1197 2856 tangit
1228 2771 1426 2839 matrimonii

95 2886 139 2931 va
154 2884 254 2928 orem.

189 2978 227 3044 a.
253 2980 283 3044 2.
323 2979 481 3063 Proprias
505 2976 623 3042 dicitur
645 2976 807 3061 parochus
831 2998 873 3042 ox
897 2977 1057 3043 domicilio
1074 2978 1127 3042 vel
1152 2976 1424 3059 quasi-domicilio

95 3087 302 3153 sponsorum,
326 3066 374 3133 ita
398 3070 435 3133 ut
458 3065 513 3149 qui
535 3066 636 3132 habet
659 3067 753 3149 plura
770 3066 933 3132 domicilia
948 3068 1001 3131 vel
1019 3066 1292 3148 quasi-domicilia
1316 3087 1426 3131 coram

96 3155 245 3241 quolibet
268 3177 399 3221 suorum
422 3156 638 3240 parochorum
663 3155 857 3221 contrahere
881 3155 993 3239 possit.

187 3263 290 3328 Immo
314 3262 622 3345 quasi-domicilium
647 3262 755 3343 quoad
778 3262 1019 3329 matrimonium
1041 3282 1103 3327 non
1121 3283 1196 3328 raro
1213 3265 1310 3327 latias
1326 3261 1427 3327 sumi·

95 3357 152 3419 tur
176 3373 275 3435 quarn
297 3351 330 3416 in
354 3352 427 3417 aliis
450 3351 601 3433 negotiis.
634 3351 738 3416 Sensu
762 3351 891 3436 proprio
920 3350 1227 3434 quasi-domicilium
1247 3352 1427 3434 acquiritur

95 3463 157 3527 per
180 3441 343 3508 actualem
366 3439 603 3507 habitationem
619 3461 691 3506 cum
709 3439 817 3506 animo
834 3440 951 3505 ibidem
968 3440 1180 3524 permanendi
1195 3462 1254 3525 per
1271 3441 1426 3507 maiorem

96 3529 176 3598 anni
205 3533 348 3615 partem,
379 3530 400 3596 i.
426 3551 453 3597 e.
484 3530 603 3595 saltem
632 3550 691 3613 per
714 3551 774 3594 sex
798 3551 943 3608 menses,
974 3529 1071 3611 idque
1098 3529 1211 3596 statim
1236 3530 1425 3611 acquiritur,

95 3620 282 3704 generatim
313 3624 424 3685 tamen
455 3640 497 3684 ex
526 3619 730 3685 habitatione
760 3640 819 3704 per
850 3640 995 3683 mensem
1027 3622 1163 3703 peracta
1196 3629 1425 3700 argumentum

96 3709 240 3775 sumitur
269 3709 309 3773 ad
335 3708 536 3793 probandam
568 3712 667 3791 atque
698 3708 952 3773 confirmandam
983 3709 1186 3773 voluntatem
1227 3729 1324 3788 quarn
1355 3707 1427 3791 quis

97 3797 178 3866 dicit
201 3818 236 3863 se
261 3797 382 3863 habere
406 3796 540 3874 diutius,
572 3798 591 3863 i.
618 3818 644 3863 e.
670 3819 729 3882 per
752 3796 943 3880 requisitum
967 3802 1113 3881 tempus,
1138 3796 1180 3861 ibi
1204 3797 1425 3880 permanendi.

97 3886 271 3954 Habitatio
286 3907 506 3971 parmensem
527 3887 609 3953 facit
626 3889 916 3972 praesumptionem
935 3885 1161 3970 nupturientes
1177 3906 1289 3950 verum
1307 3886 1426 3964 dicere,

97 3977 126 4043 si
162 3976 363 4042 contendunt
407 3975 468 4041 sibi
503 3975 535 4040 in
568 3975 677 4042 animo
717 3996 789 4041 esse
831 3998 890 4061 per
923 3976 1080 4041 maiorem
1114 3974 1190 4039 anni
1222 3979 1350 4058 partem
1383 3975 1427 4040 ibi

97 4086 305 4133 commorari.

188 4173 259 4238 Lex
281 4173 395 4238 localis
420 4177 471 4239 est
493 4192 552 4255 pro
576 4171 718 4237 statibus
745 4171 924 4238 foederatis
948 4170 1120 4237 Americae
1151 4170 1427 4254 septentrionalis,

97 4267 135 4330 ut
158 4262 304 4328 sufficiat
326 4264 460 4347 simplex
483 4264 682 4326 commoratio
711 4283 931 4345 parmensem
960 4261 1031 4326 sine
1061 4259 1217 4326 ulteriore
1247 4260 1428 4326 intentione

97 4352 151 4419 vel
175 4350 401 4433 inquisitione,
433 4355 470 4416 ut
499 4354 575 4433 post
605 4370 677 4416 earn
710 4371 819 4416 coram
842 4349 985 4433 parocho
1018 4349 1081 4415 loci
1111 4348 1244 4430 eiusque
1275 4349 1428 4431 delegato

96 4439 342 4509 matrimonium
366 4439 513 4506 contrahi
537 4439 651 4523 possit.

188 4547 275 4614 Alibi
299 4546 430 4612 videtur
452 4546 644 4630 praeparari
668 4545 827 4611 communi
852 4546 925 4627 lego
949 4566 1064 4610 norma
1088 4544 1220 4626 quaein
1237 4543 1429 4627 particulari

96 4659 176 4705 casu
201 4637 268 4703 iarn
292 4640 419 4703 statuta
443 4638 511 4714 est,
536 4638 582 4714 ut,
604 4644 675 4721 post
698 4638 970 4702 commorationem
993 4657 1049 4700 aaa
1071 4636 1227 4699 maasiam
1252 4634 1431 4716 quomodo·

1168 4738 1222 4793 36·
