3044 5174
278 318 471 390 impedimenta
489 318 653 373 matrimonii
671 317 841 373 dirimentis:
860 316 1104 373 Glaudeatinitatis.
1292 320 1357 386 565

66 494 266 579 pugnaverit
296 516 354 560 seu
383 494 630 562 contradixerit.
677 495 764 562 Nam
787 495 844 560 vix
866 494 1021 579 possibile
1044 498 1096 561 eat
1125 493 1158 559 id
1188 493 1357 573 accidisse,

66 592 207 667 tequam
241 605 435 650 consensum
467 584 740 650 matrimonialem
772 585 885 651 datum
917 583 1117 669 perceperit:
1151 583 1209 648 sed
1240 587 1358 666 postea

66 695 159 738 mum
185 677 300 739 contra
323 673 354 738 id
379 672 465 755 quod
489 673 612 739 factum
635 679 686 741 est
708 674 779 758 ipse
803 695 876 739 oum
901 672 1034 756 reliquis
1057 671 1282 739 sacerdotibus
1305 675 1358 738 est

66 767 245 829 otestatus.
293 762 432 840 Verum,
460 761 488 826 si
511 767 589 829 ante
612 761 735 830 factum
760 783 817 828 seu
841 784 900 847 per
923 762 1026 829 solam
1050 761 1291 843 delegationem
1313 781 1357 826 ex

66 857 125 918 rte
160 851 303 935 episcopi
337 855 371 918 et
406 873 499 917 suam
533 851 636 935 ipsius
667 852 868 918 habitualem
899 873 979 934 erga
1010 851 1196 935 episcopum
1227 849 1356 916 subiec-

66 962 151 1008 mem
182 940 348 1022 legitimus
370 940 468 1007 testis
491 941 557 1006 iam
580 944 669 1019 erat,
700 941 901 1023 subsequens
932 940 1128 1025 protestatio
1159 939 1193 1004 id
1223 937 1355 1006 irritare

66 1053 92 1095 ·n
118 1029 236 1114 potuit.

118 1137 235 1218 Neque
259 1136 389 1201 videtur
412 1137 544 1202 obstare
570 1137 655 1218 quod
679 1135 789 1221 sponsi
819 1158 929 1203 coram
959 1136 1109 1203 omnibus
1131 1134 1356 1202 sacerdotibus

65 1226 240 1308 ngregatis
263 1226 359 1290 simul
383 1246 576 1290 consensum
599 1247 692 1291 suurn
717 1225 880 1303 dederint,
905 1225 1065 1291 neminem
1089 1225 1276 1310 specialiter
1299 1225 1355 1290 de·

66 1319 200 1398 mantes
223 1336 333 1381 coram
357 1335 420 1397 quo
443 1319 610 1396 tamquam
634 1318 721 1381 teste
740 1314 942 1380 auctorizato
967 1313 1129 1381 voluerint
1151 1313 1354 1381 contrahere.

66 1427 115 1470 arn
139 1410 227 1470 certe
250 1405 425 1469 voluerunt
447 1402 641 1469 contrahere
663 1425 773 1470 coram
797 1425 835 1470 eo
859 1425 968 1470 coram
992 1424 1055 1486 quo
1071 1403 1180 1470 valido
1202 1406 1354 1488 possent;

66 1514 128 1576 que
160 1494 186 1558 si
217 1493 327 1576 plures
357 1497 483 1570 essent,
517 1513 627 1558 coram
659 1514 698 1558 eo
728 1494 781 1558 vel
811 1493 851 1558 iis
884 1492 938 1577 qui
967 1493 1030 1558 rite
1060 1513 1254 1558 consensum
1281 1514 1356 1576 per-

66 1586 192 1666 perent:
224 1587 425 1666 quapropter
454 1581 638 1663 designatio
668 1603 710 1648 ex
741 1586 835 1666 parte
865 1603 1058 1666 sponsorum
1081 1580 1247 1647 sufficiens
1271 1584 1354 1658 erat,

66 1693 129 1755 que
167 1671 266 1737 etiam
310 1671 475 1736 sufficiens
518 1671 653 1738 testium
696 1692 859 1738 numerus.
916 1671 1044 1738 Sufficit
1082 1669 1166 1737 enim
1210 1676 1248 1737 ut
1285 1675 1356 1735 tres

66 1765 133 1827 stes
176 1781 370 1826 consensum
412 1759 686 1826 matrimonialem
723 1759 949 1845 perceperint,
991 1761 1079 1826 inter
1116 1781 1197 1844 quos
1235 1760 1354 1825 saltem

66 1873 112 1915 ‚us
146 1850 200 1932 qui
230 1848 329 1915 fuerit
362 1849 457 1915 testis
489 1849 761 1927 auctoritativus3
792 1849 976 1934 percepisse
1006 1854 1116 1916 autern
1141 1869 1254 1915 omnes
1276 1870 1355 1914 con·

66 1960 158 2004 nsum
183 1959 278 2021 quem
309 1937 420 2022 sponsi
443 1938 680 2022 exprimerent,
705 1960 815 2005 eorum
840 1938 1058 2023 repugnantia
1081 1942 1115 2005 et
1138 1936 1355 2005 contradictio

66 2029 110 2096 tis
134 2027 288 2095 ostendit.

116 2144 156 2210 a.
181 2147 211 2210 4.
245 2144 334 2209 inter
357 2144 576 2208 Hortulanum
600 2142 701 2225 igitur
724 2147 758 2209 et
781 2143 949 2209 Silvanum
973 2164 1083 2209 coram
1106 2142 1252 2224 legitimo
1276 2163 1354 2226 par·

66 2235 108 2299 ho
132 2235 185 2298 vel
217 2233 369 2315 delegato
400 2232 642 2298 matrimonium
671 2234 894 2299 renovandum
924 2254 983 2298 seu
1011 2232 1259 2298 revalidandum
1290 2235 1352 2298 est.

66 2345 90 2388 'o
111 2322 366 2388 circumstantiis
382 2327 416 2388 ct
431 2320 692 2403 inquisitionibus
708 2322 805 2388 factis
828 2321 869 2387 de
883 2321 1064 2388 intentione
1080 2326 1115 2389 et
1133 2320 1354 2387 declaratione

66 2434 165 2477 ,orum
196 2433 404 2495 sponsorum,
438 2411 590 2476 Herculis
623 2418 657 2478 ot
687 2411 870 2488 Romanae,
903 2412 1088 2478 consultum
1118 2410 1246 2494 quidem
1280 2430 1353 2475 esse

66 2505 153 2578 test,
184 2506 222 2567 ut
251 2500 293 2566 ad
323 2500 485 2566 cautelam
514 2499 628 2566 similis
659 2501 828 2567 renovatio
852 2503 926 2577 liat;
960 2505 1108 2567 attamen
1136 2500 1176 2566 de
1199 2499 1352 2566 nullitate

67 2592 213 2656 llatenus
237 2594 376 2666 constat,
399 2588 498 2655 immo
521 2594 616 2656 tanta
640 2596 692 2656 est
709 2612 769 2675 pro
784 2591 897 2656 valore
913 2589 1111 2656 matrimonii
1128 2610 1239 2655 eorum
1255 2609 1352 2672 prae-

66 2680 167 2763 mptio
192 2683 229 2745 ut
252 2679 351 2745 etiam
375 2678 521 2761 practice
545 2683 582 2746 ut
604 2679 758 2762 coniuges
782 2699 882 2762 ogere
904 2679 1042 2762 possint.

66 2879 375 2946 [PEDIMENTUM
392 2879 1119 2947 CLANDESTlNl'l'ATlS.—PEREGRINI
1133 2880 1218 2946 VEL
1232 2877 1349 2946 VAGI.

586 3055 697 3122 Casus.
715 3063 792 3131 (282)

117 3218 142 3273 l.
166 3216 283 3286 Remus,
304 3214 336 3274 in
357 3214 525 3274 Americam
546 3213 752 3289 emigraturus,
774 3213 805 3273 in
826 3213 932 3273 itinere
953 3213 1186 3273 familiaritatem
1208 3231 1273 3272 cum
1289 3213 1349 3272 Hu-

66 3301 110 3356 rta
131 3295 206 3365 iniit,
229 3314 361 3371 eamque,
383 3314 449 3354 cunr
464 3301 570 3372 parata
584 3295 624 3354 sit
645 3314 746 3354 secum
767 3293 925 3371 proficisci,
946 3293 1029 3353 initis
1044 3292 1233 3370 sponsalibus
1248 3312 1348 3352 secum

66 3376 107 3435 cit
128 3381 216 3451 atque
237 3375 268 3434 in
289 3377 356 3452 ipsa
377 3395 469 3447 nave,
498 3376 636 3434 hortante
658 3374 829 3444 sacerdote,
855 3374 904 3450 qui
925 3376 963 3434 ab
984 3374 1124 3451 episcopo
1146 3379 1250 3450 portus
1272 3375 1349 3434 uude

66 3459 159 3516 iverat
180 3456 275 3525 navis,
302 3456 473 3514 facultatem
495 3456 612 3532 accepit
631 3455 818 3514 ministrandi
834 3460 1022 3514 sacramenta
1036 3454 1067 3513 iu
1081 3453 1260 3532 quibuslibet
1274 3455 1348 3515 easi-

66 3558 79 3597 a
100 3536 331 3607 recurrentibus,
353 3537 413 3595 ritu
433 3535 638 3595 ecclesiastico
660 3555 725 3595 eam
747 3535 828 3594 ducit
849 3555 979 3594 uxorem.

104 3635 131 3693 2.
160 3633 256 3693 Titius
278 3639 309 3692 ot
328 3635 433 3703 Anna,
462 3633 672 3703 colonienses,
695 3653 760 3693 cum
782 3633 860 3692 domi
881 3638 1025 3710 exparte
1047 3637 1239 3708 cognatorum
1260 3633 1349 3709 impe-

66 3721 144 3774 mtur
166 3713 321 3790 quominus
343 3713 560 3774 matrimonium
582 3714 660 3774 inter
681 3732 714 3773 se
739 3715 849 3784 ineant,
874 3713 1062 3784 conveniunt,
1086 3717 1118 3772 ut
1140 3718 1258 3773 tentent
1279 3733 1348 3772 num

66 3801 101 3855 te
122 3795 153 3853 in
174 3794 280 3854 itinere
302 3795 478 3854 contrahere
499 3794 622 3871 possint.
658 3794 754 3854 Titius
775 3795 875 3869 igitur,
897 3793 946 3870 qui
967 3814 1073 3854 nomen
1095 3794 1212 3853 interim
1235 3793 1349 3854 dederit

66 3882 125 3935 ttae
147 3875 393 3945 fallibilistarum,
415 3874 541 3935 Londini
564 3874 691 3934 civiliter
712 3894 777 3934 cum
799 3876 888 3934 Anna
909 3875 1073 3945 contrahit;
1096 3893 1153 3951 quo
1174 3875 1271 3945 facto,
1294 3875 1348 3933 Pa·

66 3957 112 4016 ios
135 3976 167 4016 se
189 3956 345 4015 conferunt
365 3954 479 4032 ibique,
502 3956 587 4015 domo
609 3954 807 4015 commorandi
829 3975 920 4015 causa
942 3956 1105 4024 conducta,
1127 3960 1196 4031 post
1216 3974 1347 4014 mensem

66 4037 204 4096 ntrahunt
224 4036 283 4095 ritu
305 4036 518 4106 ecclesiastico,
540 4036 647 4096 silente
669 4036 746 4095 Titio
768 4036 880 4095 desua
902 4035 1064 4112 apostasia,
1086 4054 1151 4094 cum
1173 4035 1347 4111 religionem

66 4118 186 4178 iversim
207 4136 310 4195 parum
333 4123 423 4176 curet.
452 4116 554 4187 Immo,
577 4116 761 4176 matrimonio
784 4122 946 4186 contracto,
969 4116 1069 4175 statim
1092 4134 1157 4174 cum
1179 4135 1271 4174 uxore
1293 4137 1348 4175 sua

66 4197 213 4256 rumniam
233 4196 343 4273 repetit
362 4197 470 4272 ibique,
492 4198 637 4256 suadente
659 4216 760 4265 uxore,
782 4197 873 4273 pudet
893 4216 959 4256 eum
983 4196 1214 4255 fallibilistorum
1236 4201 1346 4269 sectae,

66 4297 127 4355 que,
150 4277 176 4336 si
197 4296 284 4352 quarn
306 4276 369 4336 edit
390 4277 556 4348 ecclesiam,
580 4276 669 4336 aliam
690 4276 753 4336 adit
774 4276 832 4335 nisi
853 4276 1038 4336 catholicam.

66 4421 200 4462 'marnoa
222 4404 251 4459 1⁰
272 4400 321 4476 qui
343 4401 404 4493 sint
424 4401 552 4460 habendi
573 4421 626 4479 pro
641 4401 807 4479 peregrinis
822 4401 869 4460 vel
884 4401 971 4476 vagis
986 4400 1016 4460 in
1032 4401 1232 4461 contrahendo
1248 4401 1347 4461 matri·

275 4499 381 4541 memo.

223 4581 254 4638 2⁰
274 4579 343 4654 quid
365 4580 401 4639 de
422 4598 523 4638 eorum
544 4579 741 4640 matrimoniis
762 4581 931 4640 notandum.

224 4678 253 4734 3⁰
274 4675 344 4752 quid
365 4676 401 4735 de
422 4676 616 4736 matrimoniis
638 4677 673 4736 do
694 4676 800 4754 quibus
821 4677 852 4737 in
873 4696 946 4737 casu
966 4676 1061 4754 primo
1082 4681 1113 4736 et
1133 4674 1271 4736 secundo.
