3044 5174
334 292 500 346 Matrimonii
518 292 712 362 impedimenta
730 293 905 364 impedientia
923 311 972 348 eeu
991 295 1169 365 prohibentia.
1349 302 1414 364 525

85 474 148 535 est.
177 502 223 513 ·-
247 467 473 534 Oonlesserius
496 468 550 533 vel
579 469 743 552 parochus
772 470 973 535 solummodo
1004 474 1041 537 ut
1070 471 1275 536 consiliarius
1305 472 1415 540 decla·

85 578 164 624 rare
196 560 308 641 potest
340 577 401 641 pro
434 557 506 623 foro
541 557 759 624 conscientiae
793 559 827 624 in
862 579 961 624 causa
995 560 1085 625 clara
1120 565 1154 625 et
1188 564 1298 638 certa,
1338 562 1415 645 quid

86 646 242 715 alterutri
274 666 468 730 sponsorum
499 646 611 725 liceat,
644 647 693 714 ita
722 651 832 713 tamen
860 651 898 714 ut
927 650 1014 715 alter
1042 649 1147 732 possit
1176 671 1341 733 recursum
1373 653 1414 716 ad

86 735 292 821 superiorem
320 735 460 801 iudicem
490 736 715 820 interponere:
744 756 808 818 quo
837 736 1041 821 interposito,
1067 739 1227 821 parochus
1250 761 1320 805 rem
1343 761 1416 804 sus·

86 826 232 909 pendere
255 825 353 891 debet
376 845 481 907 neque
504 825 634 891 interim
662 825 905 892 matrimonium
928 826 1185 894 contrahendum
1208 833 1319 912 potest
1341 849 1416 913 per·

87 915 233 982 mittere.

179 1021 218 1087 R.
243 1026 274 1088 4.
314 1019 367 1086 lix
382 1019 422 1086 iis
438 1041 522 1103 quae
544 1021 631 1087 dicta
647 1024 725 1087 sunt
739 1025 833 1105 patet
847 1021 882 1087 iu
897 1026 1009 1088 nostro
1027 1043 1104 1089 casn
1121 1023 1266 1107 potuisse
1282 1025 1320 1091 R.
1337 1047 1416 1110 pon-

86 1111 221 1189 tificem,
244 1110 300 1176 sed
325 1130 389 1175 non
414 1109 595 1176 ordinarios
617 1111 773 1187 locorum,
796 1110 940 1178 indicare
963 1133 1040 1177 num
1059 1113 1145 1179 ratio
1167 1113 1212 1180 sit
1235 1135 1293 1179 cur
1317 1114 1415 1180 etiam

86 1200 194 1266 invito
218 1199 326 1284 priore
348 1218 468 1283 sponso
490 1199 658 1283 sponsalia
677 1199 865 1266 Edeltrudis
888 1199 1070 1280 solvantur,
1094 1207 1194 1285 atque
1210 1203 1258 1269 illi
1273 1204 1417 1270 facultas

87 1289 290 1356 concedatur
311 1287 441 1354 ineundi
465 1288 561 1355 mixti
583 1288 792 1356 matrimonii.

179 1414 233 1479 An
256 1432 448 1489 ouansrruu
471 1414 510 1477 4⁰²
534 1412 572 1479 R.
600 1415 628 1478 1.
675 1412 811 1490 Quando
838 1414 880 1479 ad
904 1412 1139 1479 confessarium
1163 1415 1216 1481 vel
1239 1416 1479 1499 parochumele

88 1502 239 1569 defertur
261 1502 414 1568 voluntas
436 1502 542 1587 partis
565 1501 745 1569 catholicae
760 1502 892 1568 ineundi
909 1501 1104 1569 matrimonii
1129 1503 1234 1582 mixti,
1259 1505 1320 1570 nisi
1342 1509 1418 1572 suut

88 1591 237 1659 rationes
260 1598 399 1677 copertos
422 1612 505 1673 quae
529 1590 654 1657 faciant
681 1591 760 1656 illud
784 1592 1024 1658 matrimonium
1055 1591 1200 1658 debitum
1224 1594 1277 1659 vel
1308 1593 1417 1677 quasi·

88 1681 252 1747 debitum:
277 1701 341 1762 quo
364 1680 526 1746 recentior
549 1680 655 1746 adhuc
678 1685 729 1746 est
750 1681 808 1746 illa
828 1682 991 1760 voluntas,
1016 1702 1055 1746 eo
1078 1680 1197 1748 fortius
1219 1680 1352 1750 insistat
1375 1683 1416 1748 ad

89 1767 344 1836 dissuadendum
374 1774 408 1836 et
438 1791 497 1854 pro
527 1768 651 1834 viribus
679 1769 918 1855 impediendum
948 1769 1036 1838 istud
1066 1771 1324 1842 matrimonium,
1359 1793 1417 1836 ex-

89 1859 208 1943 positis
237 1857 390 1943 periculis
421 1862 520 1941 atque
543 1857 712 1924 Ecclesiae
741 1859 877 1941 legibus.
925 1857 1103 1926 Prudentia
1133 1864 1244 1926 tamen
1267 1860 1418 1927 suadebit

89 1949 139 2015 ita
162 1948 273 2013 verbis
303 1947 465 2014 moderari
489 1952 543 2026 ut,
574 1947 601 2013 si
631 1947 718 2014 forte
742 1952 878 2014 conatus
902 1949 1095 2024 frustretur,
1129 1948 1334 2032 relinquatur
1362 1950 1417 2015 via

89 2036 261 2103 evadendi.
308 2036 472 2103 Videlicet
494 2037 655 2121 parochus
686 2041 720 2103 et
749 2036 969 2103 confessarius
991 2037 1040 2103 ita
1063 2042 1166 2120 agant
1193 2044 1316 2104 utnon
1341 2059 1417 2103 con-

88 2127 251 2194 stituatur
280 2147 359 2210 pars
388 2126 549 2192 catholica
578 2125 611 2190 in
641 2127 852 2211 persuasione
880 2148 916 2192 se
939 2149 959 2193 a
982 2127 1113 2194 mortali
1143 2132 1278 2212 peccato
1301 2128 1417 2193 immu-

89 2237 166 2283 nem
191 2234 263 2281 esse
287 2237 352 2281 non
375 2236 487 2300 posse,
519 2213 665 2293 etiamsi,
697 2217 782 2282 datis
812 2216 1006 2283 necessariis
1032 2217 1185 2296 cautelis,
1217 2215 1418 2301 dispensatio

89 2302 317 2372 ecclesiastica
340 2304 440 2371 fuerit
462 2305 607 2373 obtenta.

181 2420 221 2486 R.
247 2422 277 2487 2.
321 2419 456 2497 Quando
479 2419 582 2503 igitur
605 2425 743 2486 conatus
766 2419 866 2488 fuerit
888 2420 1046 2499 incessus,
1070 2422 1204 2505 parochi
1229 2423 1419 2506 plerumque

90 2510 166 2588 erit,
191 2511 219 2575 si
243 2510 284 2576 de
307 2509 459 2576 cautione
482 2509 668 2575 necessaria
691 2510 799 2576 danda
822 2510 952 2577 dubium
977 2511 1101 2576 morale
1124 2532 1188 2576 non
1204 2512 1418 2595 relinquetur,

91 2598 267 2683 exquirere
290 2619 407 2665 causas
431 2603 465 2666 et
488 2597 629 2680 dirigere
653 2598 783 2665 litteras
806 2599 968 2685 supplices
983 2600 1054 2666 sive
1070 2598 1111 2667 ad
1128 2599 1325 2666 ordinarium
1349 2602 1419 2667 sive

91 2690 135 2756 ad
159 2689 193 2757 S.
217 2688 334 2754 Sedem
358 2710 417 2773 pro
440 2687 644 2773 imploranda
667 2688 919 2772 dispensatione.

183 2804 222 2870 R.
247 2806 277 2870 3.
324 2802 577 2887 Dispensatione
600 2802 695 2881 data,
727 2804 908 2871 catholicae
937 2805 1024 2888 parti
1055 2825 1127 2871 eam
1159 2805 1419 2884 communicabit,

92 2893 186 2960 iacta
200 2893 376 2967 mentione,
401 2896 499 2976 prout
514 2913 567 2958 res
583 2913 619 2957 se
634 2893 758 2970 tulerit,
781 2894 1022 2978 dispensatione
1037 2915 1102 2959 non
1119 2896 1272 2961 obstante
1287 2916 1420 2961 manere

91 3003 162 3049 rem
192 2982 225 3048 iu
255 2983 357 3048 libero
388 2981 523 3048 arbitrio
554 2981 694 3066 positam
724 3003 829 3064 neque
857 2983 1087 3066 obligationem
1111 2983 1310 3049 matrimonii
1334 2985 1420 3048 illius

90 3071 225 3138 ineundi
248 3072 374 3137 adesse.
410 3071 531 3148 Quodsi
554 3071 752 3138 matrimonii
774 3072 862 3137 illins
877 3072 1008 3138 ineundi
1023 3074 1178 3139 voluntas
1193 3073 1418 3156 permanserit,

91 3182 178 3244 quae
200 3161 315 3245 praxis
338 3160 502 3226 servanda
524 3159 623 3226 sitin
648 3160 958 3244 proclamationibus
988 3167 1022 3228 et
1051 3161 1084 3227 in
1114 3161 1185 3246 ipso
1213 3162 1419 3228 matrimonio

91 3251 244 3327 ineundo,
268 3249 391 3316 consuli
416 3250 513 3316 debet
536 3250 591 3315 lex
614 3249 668 3315 vel
691 3251 891 3317 consuetudo
916 3251 1117 3318 dioecesana.

184 3365 222 3431 R.
247 3369 277 3431 4.
316 3365 478 3431 Nimirum
502 3366 608 3448 quoad
633 3365 731 3433 ritum
756 3365 942 3432 celebrandi
965 3366 1163 3432 matrimonii
1187 3368 1319 3432 consule
1336 3388 1419 3449 quae

90 3476 194 3539 supra
217 3455 306 3520 dicta
328 3458 405 3522 sunt
427 3455 460 3519 in
485 3475 562 3520 casu
587 3456 652 3520 258
676 3478 708 3522 n.
732 3458 795 3521 881
814 3476 884 3538 sqq.

183 3571 222 3636 R.
241 3573 271 3638 5.
303 3569 414 3648 Quoad
434 3571 709 3654 proclamationes
733 3571 832 3637 etiam
857 3572 1043 3654 praefertur
1066 3592 1146 3636 sane
1162 3592 1232 3636 mos
1248 3572 1480 3638 omittendi914

91 3661 224 3727 omnino
248 3660 540 3744 proclamationes,
571 3680 685 3725 verum
716 3659 745 3725 si
774 3661 835 3730 hoc
858 3660 927 3726 fieri
951 3681 1014 3726 non
1039 3659 1159 3744 possit,
1191 3660 1319 3737 licebit,
1344 3661 1420 3726 reli·

91 3749 200 3833 gionis
224 3771 416 3833 sponsorum
441 3750 605 3814 mentione
628 3771 692 3814 non
715 3748 823 3826 fecta,
854 3750 1129 3834 proclamationes
1160 3749 1275 3816 solitas
1298 3750 1418 3816 facere.

91 3840 165 3918 Qua
188 3839 221 3903 in
243 3860 280 3904 re
303 3843 416 3905 exstat
431 3859 622 3923 responsum
643 3841 675 3906 S.
695 3839 802 3921 Officii
819 3840 848 3905 d.
867 3839 897 3905 d.
915 3843 940 3904 4
951 3839 1023 3904 Iulii
1043 3841 1127 3904 1874
1148 3839 1188 3904 de
1205 3839 1419 3904 matrimoniis

91 3928 207 3994 mixtis
236 3927 322 3993 inter
352 3928 531 3994 catholicos
562 3933 596 3994 et
627 3927 791 3992 infideles:
830 3929 948 4004 ,Posse
979 3929 1051 3994 fieri
1083 3928 1355 4012 proclamationes
1386 3927 1419 3992 in

91 4016 310 4084 matrimoniis
332 4016 373 4082 de
397 4017 513 4100 quibus
536 4017 656 4099 agitur,
681 4021 843 4099 quatenus
860 4018 1054 4100 Apostolica
1077 4018 1320 4102 dispensatione
1343 4038 1419 4080 con-

90 4106 279 4182 trahantur,
295 4127 471 4191 suppressa
486 4111 598 4172 tamen
615 4106 779 4172 mentione
792 4107 958 4189 religionis
972 4107 1265 4173 contrahentium“.
1292 4105 1419 4172 Nihilo·

91 4197 201 4262 minus
230 4196 325 4261 simul
354 4195 601 4279 significabatur
624 4216 666 4260 ex
689 4201 800 4262 mente
823 4197 855 4262 S.
876 4196 982 4261 Officii
1006 4217 1078 4261 esse
1102 4197 1200 4261 haec:
1225 4197 1253 4261 si
1277 4195 1342 4260 alia
1364 4195 1419 4260 via

92 4284 257 4352 certitudo
286 4288 395 4351 status
424 4285 517 4350 liberi
542 4285 803 4351 contrahentium
828 4285 952 4367 acquiri
981 4285 1101 4369 possit,
1133 4288 1236 4371 inopis
1262 4287 1418 4370 expedire,

91 4376 125 4441 iu
150 4374 343 4457 quibusdam
367 4374 485 4440 saltem
509 4374 647 4451 casibus,
671 4379 709 4440 ut
732 4376 828 4440 detur
851 4375 1051 4458 dispensatio
1075 4375 1239 4450 ebaunis,
1263 4395 1326 4457 quo
1350 4375 1419 4440 evi·

91 4469 184 4532 tetur
207 4464 384 4546 periculum
408 4463 633 4529 admirationis
657 4469 691 4530 et
713 4464 876 4540 scandali;
907 4484 1008 4546 qnare
1038 4463 1072 4529 id
1101 4464 1254 4547 prudenti
1283 4463 1419 4529 arbitrio

91 4554 319 4638 episcoporum
352 4553 490 4635 relinqui
515 4552 650 4634 (Collect.
675 4555 708 4617 S.
734 4554 847 4638 Corrpr.
883 4556 922 4619 de
946 4555 1041 4638 Prop.
1075 4554 1149 4620 Fid.
1175 4554 1224 4620 ed.
1258 4574 1287 4618 a.
1322 4554 1416 4629 1893,

92 4664 123 4710 n.
157 4641 267 4724 1223).
315 4642 435 4720 Quodsi
468 4643 500 4707 in
533 4641 749 4708 matrimoniis
780 4642 895 4709 mixtis
925 4642 1012 4708 inter
1044 4642 1239 4709 christianos
1272 4646 1305 4707 et
1336 4663 1417 4708 uon·
