3044 5174
334 279 478 335 Obstetrix
497 281 646 351 baptizans.
664 310 701 319 —
719 280 851 350 Baptismi
871 280 1026 335 conferendi
1045 281 1129 335 locus.
1347 286 1388 349 41

56 454 117 520 sed
142 454 224 520 illud
247 455 358 521 reddit
380 455 467 521 illico
490 458 549 521 aut
572 455 715 521 validum
740 456 768 520 si
791 457 937 522 condicio
961 477 997 521 re
1019 457 1091 541 ipss
1112 457 1310 536 verificatur,
1334 461 1392 524 aut

56 542 241 609 invalidum
266 545 295 610 si
318 545 466 610 condicio
489 544 659 610 verificata
682 566 746 609 non
770 550 830 612 est.

151 642 227 709 Etsi
258 642 362 724 igitur
391 662 412 707 a
442 642 632 708 conferente
663 647 732 708 tum
766 645 922 727 temporis
955 643 1101 726 dignosci
1132 648 1275 726 nequeat
1306 645 1392 710 sitne

59 730 211 796 condicio
242 732 394 816 apposita
416 752 497 796 vera
520 752 639 808 necne,
670 753 709 797 ac
739 733 834 817 proin
857 733 953 797 valor
975 733 1171 799 sacramenti
1196 754 1261 798 non
1289 733 1393 817 possit

60 820 228 903 dignosci;
256 820 481 897 nihilominus,
506 820 533 885 si
556 826 673 904 postea
696 826 900 906 compertum
922 821 1023 888 fuerit
1046 822 1266 887 condicionem
1291 822 1393 889 fuisse

60 930 194 988 veram,
226 910 391 976 constabit
417 915 508 976 certo
538 910 578 975 de
601 910 731 986 valore;
762 912 790 976 si
814 916 1016 996 compertum
1047 912 1147 977 fuerit
1170 912 1392 978 condicionem

60 1021 126 1065 non
151 998 256 1065 luisse
279 999 493 1078 verificatam‚
518 1001 683 1066 constabit
706 1001 747 1065 de
770 1002 923 1067 nullitate
947 1001 1154 1068 sacramenti.

152 1105 193 1174 R.
227 1109 256 1172 2.
304 1106 402 1172 Proin
436 1110 466 1172 si
497 1106 672 1190 Apollonia
703 1131 737 1173 re
767 1130 841 1173 nero
872 1111 917 1174 ito
948 1108 1163 1174 intentionem
1196 1107 1392 1185 efformavit,

60 1194 249 1280 baptismus
264 1216 362 1261 verus
379 1199 437 1262 aut
452 1196 560 1261 nullus
576 1196 649 1275 fuit,
665 1203 763 1281 prout
778 1197 959 1281 periculum
970 1198 1059 1264 vitae
1075 1202 1223 1281 tempore
1239 1196 1393 1282 baptismi

60 1284 233 1372 exstiterit
263 1290 321 1351 aut
350 1306 415 1349 non
446 1285 623 1352 exstiterit.
675 1285 739 1352 Sed
769 1286 797 1352 si
827 1287 867 1352 de
896 1287 959 1352 boo
989 1286 1060 1371 ipso
1091 1287 1210 1353 debeat
1239 1287 1392 1366 dubitari,

59 1373 220 1459 baptismi
243 1375 338 1439 valor
359 1379 472 1440 manet
495 1374 621 1440 dubius.

151 1462 240 1529 Hinc
255 1462 386 1529 videtur
402 1462 530 1529 facilius
545 1463 709 1547 parochus
724 1463 903 1548 sumpsisse
918 1463 1146 1530 certitudinem
1159 1465 1228 1530 veri
1246 1464 1391 1548 periculi.

59 1551 149 1618 Nam
174 1551 239 1618 nisi
262 1552 303 1618 de
325 1552 387 1618 boc
409 1553 506 1637 plene
529 1552 660 1618 omnino
679 1553 873 1633 constiterit,
898 1553 1010 1621 debuit
1033 1558 1067 1620 et
1091 1554 1187 1620 debet
1210 1554 1316 1620 adhuc
1332 1555 1392 1619 sub

60 1641 254 1708 condicione
277 1641 475 1726 baptismum
497 1645 658 1726 repetere.

152 1748 193 1817 R.
225 1751 256 1814 3.
302 1748 406 1814 Immo
438 1749 618 1815 examinari
652 1748 782 1815 omnino
816 1749 978 1815 obstetrix
1011 1749 1109 1816 debet
1139 1771 1216 1814 num
1250 1750 1392 1815 fortasse

60 1836 161 1922 paulo
192 1837 292 1904 aliter
320 1837 499 1904 intenderit
521 1858 560 1904 ac
583 1838 687 1904 verba
709 1859 767 1923 per
790 1859 826 1903 se
849 1842 976 1904 sonent.
1024 1838 1179 1905 Fortasse
1203 1839 1288 1904 enim
1311 1838 1391 1904 illud

65 1947 202 2004 „verum
226 1927 424 2011 periculum*
445 1926 610 1993 intellexit
625 1928 666 1992 de
682 1928 792 1994 futuro
818 1931 948 1994 eventu.
980 1926 1116 2005 Quodsi
1139 1928 1267 2005 fecerit,
1291 1928 1391 1994 etiam

60 2016 171 2100 magis
195 2016 327 2082 dubium
344 2015 508 2082 redditum
525 2019 576 2082 est
599 2016 780 2100 baptisma;
805 2038 880 2082 nam
899 2017 1068 2083 reducitur
1084 2017 1126 2083 ad
1148 2018 1279 2082 modurn
1296 2038 1390 2100 quem

62 2105 257 2173 observavit
278 2106 313 2171 in
336 2106 478 2171 seeundo
502 2126 589 2172 casu.
1216 2111 1218 2116 '

150 2210 193 2280 R.
218 2213 249 2279 4.
288 2211 326 2277 Iu
349 2211 491 2277 secundo
513 2210 616 2294 igitur
639 2232 718 2278 casu
741 2211 980 2296 imprudentius
1003 2211 1102 2278 etiam
1127 2211 1196 2295 egit
1219 2211 1390 2279 obstetrix.
1400 2225 1435 2279 65

61 2300 230 2386 Apposuit
245 2300 465 2367 condicionem
491 2301 530 2366 de
554 2301 674 2367 futuro.
711 2301 800 2378 Quae
816 2301 843 2366 si
861 2305 912 2367 est
934 2302 975 2367 de
990 2301 1103 2367 liberis
1119 2301 1392 2384 contingentibus,

63 2395 154 2457 certe
177 2389 359 2456 invalidum
390 2389 498 2457 reddit
520 2394 776 2468 sacramentnm,
808 2394 844 2457 ut
867 2411 967 2475 supra
990 2391 1111 2456 dictum
1136 2395 1188 2457 est
1210 2413 1241 2457 n.
1268 2393 1304 2468 73
1335 2391 1392 2456 sed

63 2479 165 2546 etiarn
195 2480 327 2562 quando
351 2483 402 2545 est
432 2479 472 2544 de
495 2479 760 2561 contingentibus
784 2500 826 2544 ex
850 2501 950 2546 cansa
973 2480 1117 2546 naturali
1140 2485 1174 2547 et
1197 2480 1392 2560 necessaria,

63 2568 174 2636 reddit
196 2573 439 2635 sacramentum
463 2569 606 2635 dubium.

152 2657 263 2735 Quare
285 2658 394 2723 infans
415 2656 472 2725 ille
495 2658 550 2740 qui
573 2679 645 2723 cum
670 2657 730 2723 tali
753 2657 915 2740 baptismo
944 2657 1116 2723 defunctus
1140 2662 1191 2724 est
1214 2679 1278 2723 non
1301 2665 1392 2725 certo

63 2746 119 2812 sed
135 2747 353 2831 probabiliter
367 2751 496 2814 tantum
513 2751 565 2813 est
581 2747 776 2830 baptizatus,
793 2747 999 2830 sepeliendus
1014 2751 1125 2813 tamen
1142 2750 1180 2812 ut
1195 2747 1391 2830 baptizatus.

64 2835 122 2913 Qui
138 2857 221 2902 vero
237 2836 422 2920 supervixit
444 2836 563 2914 infans,
587 2836 840 2920 rebaptizandus
863 2835 992 2918 quidem
1011 2840 1072 2915 eat,
1096 2838 1132 2902 at
1156 2836 1391 2903 condicionate.

10 2992 13 3001 ·
149 2967 206 3034 An
222 2989 414 3046 ouarsrrnu
430 2971 470 3033 2¹¹
484 2969 523 3034 R.
544 2971 572 3035 1.
607 2968 643 3034 In
661 2967 818 3033 eiusmodi
841 2968 994 3053 periculis
1017 2990 1101 3052 quae
1120 2977 1215 3055 potat
1230 2967 1391 3037 obstetrix
1400 2979 1435 3034 66

64 3059 226 3125 exsistere
249 3061 382 3125 tenetur
403 3057 516 3140 utique
538 3057 715 3142 baptizare,
741 3058 838 3140 idque
857 3058 1016 3136 absolute,
1040 3080 1105 3123 non
1121 3058 1180 3123 sub
1204 3057 1392 3124 condicione

68 3147 112 3226 ,si
134 3168 255 3212 verum
285 3146 385 3214 fuerit
414 3147 610 3231 periculum“
645 3148 698 3212 vel
728 3146 773 3222 „si
795 3168 831 3212 se
861 3150 977 3230 postea
1000 3151 1038 3213 ut
1060 3147 1265 3213 mortiferum
1288 3147 1392 3213 mani·

10 3262 14 3349 .
64 3237 275 3304 testaverit“.
321 3236 375 3302 Its
397 3236 482 3301 enim
514 3236 630 3301 dubius
653 3236 800 3302 redditur
829 3236 1012 3320 baptismus
1035 3242 1069 3303 et
1099 3237 1169 3301 sine
1192 3237 1320 3302 ratione
1343 3237 1392 3301 in-

66 3327 197 3393 ducitur
226 3329 297 3392 tum
326 3325 505 3410 pericnlum
536 3346 577 3391 ne
606 3324 714 3391 infans
744 3326 813 3390 sine
843 3325 1006 3410 baptismo
1030 3347 1109 3392 vero
1139 3326 1292 3404 decedat,
1322 3330 1394 3392 tum

65 3415 246 3483 necessitas
268 3419 385 3498 postea
407 3415 575 3499 repetendi
600 3416 806 3481 sacramenti.

154 3521 193 3588 R.
220 3523 251 3588 2.
286 3521 394 3588 Unica
417 3522 502 3588 ratio
527 3523 566 3587 ob
591 3542 687 3603 quam
705 3521 866 3588 obstetrix
891 3520 1112 3587 condicionem
1132 3521 1260 3587 adicere
1283 3525 1394 3607 potest

68 3613 116 3678 vel
148 3611 249 3678 debet
278 3616 331 3677 est
354 3611 517 3677 obiectiva
545 3610 791 3694 impossibilitas
818 3611 971 3695 baptismi
1001 3632 1073 3676 cum
1098 3611 1293 3678 certitudine
1317 3633 1393 3676 con·

10 3727 25 3751 ἰ
70 3701 208 3778 terendi,
240 3699 422 3783 sciliceta)
446 3700 474 3765 si
504 3701 633 3782 quando
664 3722 728 3765 non
753 3705 883 3766 constat
912 3705 1022 3766 utrum
1053 3700 1162 3766 infans
1186 3700 1285 3767 etiam
1309 3722 1394 3766 nune

71 3791 159 3858 vivat
186 3810 232 3857 an
259 3788 326 3855 iarn
356 3789 400 3855 sit
429 3794 593 3860 mortuus:
624 3790 658 3870 b)
682 3791 710 3854 si
741 3789 861 3872 attingi
890 3791 1005 3873 nequit
1034 3794 1133 3873 eaput
1162 3789 1298 3856 infantis
1328 3790 1392 3856 iam

10 3864 31 3977 l
73 3881 213 3946 eminens
243 3879 330 3960 quod
360 3899 446 3961 aqua
476 3879 644 3944 abluatur:
678 3879 711 3943 in
741 3883 880 3960 utroque
910 3901 987 3945 casu
1019 3878 1164 3945 condicio
1194 3900 1267 3944 esse
1298 3879 1394 3945 debet

25 3980 32 4059 p
79 3970 115 4046 ,si
137 3990 175 4036 es
199 3970 325 4052 capax“
345 3969 398 4033 vel
427 3968 471 4044 „si
494 3969 677 4051 baptismus
700 3968 863 4051 possibilis
887 3971 970 4044 est“‚
995 3968 1027 4033 in
1051 3968 1192 4033 secundo
1209 3989 1288 4033 vero
1305 3988 1392 4046 casu,

24 4072 31 4107 ἓ
77 4056 320 4144 quamprimum
338 4061 437 4142 caput
453 4057 651 4140 egrediatur,
676 4059 736 4122 sub
753 4058 940 4124 condicione
956 4058 1060 4141 repeti
1085 4057 1267 4142 baptismus
1286 4058 1392 4123 debet.

24 4168 37 4207 t

10 4210 104 4283 22·

14 3580 25 3623 l

379 4267 624 4333 BAPTISMUS
648 4267 724 4333 UBI
748 4267 1080 4335 CONFERENDUS.

28 4464 36 4535 l
634 4424 743 4491 dauns.
765 4433 821 4502 (19)

10 4555 34 4641 q·
156 4568 309 4646 Repertus
343 4567 490 4642 parochus
518 4566 629 4644 reperit
655 4568 686 4624 in
716 4587 770 4625 sua
800 4566 942 4643 parocbia
970 4565 1119 4640 antiquam
1149 4564 1391 4624 consuetudinem

29 4644 34 4727 l
82 4665 127 4722 qua
145 4653 286 4726 parentes
307 4647 423 4705 nobiles
445 4652 474 4705 et
496 4646 621 4719 divites,
644 4647 670 4706 si
691 4647 808 4721 longius
830 4646 942 4705 distant
963 4648 1001 4705 ab
1023 4645 1164 4717 ecclesia,
1186 4645 1340 4721 postulant
1359 4651 1392 4705 ut
