3044 5174
422 295 619 366 Indulgentiae.
637 326 674 334 —
692 295 777 350 Valor
796 299 825 352 et
843 297 1022 353 condiciones.
1322 303 1387 367 365

50 476 158 534 obstat
179 472 251 549 quin
271 475 414 548 defunctio
435 491 487 531 eas
509 472 679 548 acquiratis.
707 473 883 550 Rependent
900 473 970 533 illae
991 473 1108 534 animae
1123 474 1208 534 vobis
1223 471 1389 534 certissime

54 553 303 625 misericordiam,
326 573 383 630 qua
404 571 589 630 summopere
610 553 758 629 indigetis.

50 668 239 740 Quaumrua
260 667 290 727 1ο
310 666 465 807 ppspintne
485 667 687 805 intdulgsntiae
707 688 761 746 pro
783 668 931 728 defunctis
945 669 1057 747 acquiri
1081 672 1119 729 ab
1139 669 1177 730 iis
1199 670 1248 746 qui
1268 669 1389 729 suntin

318 768 332 807 s
348 767 398 806 au
419 766 512 825 pecca
527 767 545 807 r.

263 847 294 903 2⁰
313 850 434 904 rectene
464 845 637 922 exposuerit
666 845 802 922 Ignatius
833 847 997 906 doctrinam
1028 847 1207 907 catholicam
1238 847 1273 905 de
1303 847 1390 907 bonis

317 925 455 1003 operibus
476 930 673 1002 peccatorum.

659 1114 797 1181 Salutio.

54 1326 58 1334 ¹
151 1252 206 1318 An
229 1274 421 1330 quanerruu
455 1257 491 1318 1¹²¹
521 1253 559 1320 R.
587 1255 615 1320 1.
662 1252 836 1320 Probabile
866 1259 917 1320 est
946 1276 1044 1339 posse
1075 1276 1131 1322 eos
1162 1257 1216 1339 qui
1248 1258 1453 1323 nondumoat

58 1343 186 1411 sintin
209 1347 302 1410 statu
324 1342 467 1425 gratiae,
492 1342 712 1426 indulgentias
735 1365 795 1427 pro
818 1343 983 1409 defunctis
1005 1345 1136 1412 lucrari.
1160 1385 1204 1394 —
1228 1346 1391 1412 Nimirum

59 1456 101 1499 eo:
123 1441 247 1499 natura
270 1435 319 1498 rei
341 1433 421 1497 nihil
444 1433 564 1498 obstat.
598 1432 683 1497 Nam
708 1433 829 1498 nonin
845 1433 958 1498 valore
974 1455 1119 1517 operum,
1143 1456 1265 1516 quasa
1287 1437 1391 1501 fideli-

61 1523 123 1587 bus
147 1524 370 1605 praestantur,
395 1520 672 1604 indulgentiarum
695 1522 827 1604 largitio
852 1522 986 1600 nititur,
1010 1524 1068 1588 sed
1091 1524 1124 1588 in
1147 1525 1303 1590 thesauro
1327 1526 1391 1591 Ec·

60 1611 194 1677 clesiae.
226 1611 337 1693 Atque
360 1631 403 1675 ex
426 1630 524 1695 opere
548 1616 684 1695 operato
701 1613 836 1677 effectus
852 1612 1052 1695 producitur,
1077 1634 1142 1678 nou
1164 1613 1270 1678 minus
1294 1636 1391 1697 quam

61 1700 97 1766 in
119 1699 349 1766 satisfactione
371 1700 613 1766 sacramentali.
659 1699 739 1765 Cum
762 1700 796 1765 in
819 1701 876 1766 illa
898 1701 1016 1783 igitur,
1047 1702 1075 1767 si
1098 1703 1270 1786 paenitens
1293 1703 1392 1770 satis·

62 1789 244 1855 factionem
266 1810 429 1874 peragens
451 1789 485 1854 in
508 1794 678 1873 peccatum
703 1790 853 1874 relapsus
877 1790 987 1868 fuerit,
1012 1790 1161 1857 efficacia
1183 1793 1393 1876 suspenditur

62 1877 197 1962 quidem
220 1879 276 1944 sed
302 1899 365 1944 non
389 1878 576 1962 perimitur,
610 1879 657 1944 ita
680 1879 780 1944 etiam
804 1879 836 1943 in
860 1879 1012 1962 operibus
1035 1880 1312 1963 indulgentiarum
1335 1903 1393 1947 ne·

61 1989 157 2034 cesse
180 1972 322 2045 nonest,
348 1972 385 2033 ut
398 1971 534 2051 propter
549 1970 673 2032 statum
696 1969 824 2052 peccati
847 1968 917 2034 eius
940 1968 996 2051 qui
1018 1969 1076 2034 illa
1099 1970 1229 2053 peragit
1245 1971 1393 2037 efficacia

63 2057 266 2142 perimatur:
290 2062 325 2123 et
347 2077 546 2139 quamquam
569 2056 773 2140 indulgentia
789 2057 852 2142 ipsi
868 2059 1017 2141 operanti
1041 2081 1214 2145 numquam
1237 2061 1393 2143 prodesse

63 2145 198 2231 poterit,
223 2149 334 2230 potest
355 2151 467 2212 tamen
491 2147 605 2212 statim
621 2147 796 2212 transferri
819 2147 852 2211 in
868 2147 1073 2212 commodum
1089 2148 1325 2216 defunctorum.
1348 2188 1392 2197 —

64 2235 142 2302 Non
165 2235 215 2301 ita
238 2240 363 2302 certum
387 2238 447 2310 est,
472 2257 548 2300 num
572 2235 652 2300 nihil
676 2237 787 2302 obstet
810 2259 848 2302 ex
866 2239 1069 2302 ordinatione
1086 2239 1207 2323 divino,
1231 2237 1252 2303 i.
1270 2259 1298 2305 e.
1315 2259 1392 2303 num

62 2329 216 2410 potestas
240 2323 403 2390 achristo
420 2325 587 2390 Ecclesiae
602 2325 723 2390 collata
747 2346 889 2407 eousque
905 2346 941 2390 se
963 2325 1131 2406 extendat,
1157 2332 1194 2393 ut
1209 2327 1308 2393 etiarn
1333 2348 1392 2412 per

63 2414 175 2480 media
198 2434 300 2498 opera
321 2434 443 2491 eorum,
468 2413 579 2495 quiin
603 2417 694 2480 statu
718 2414 907 2480 inimicitiae
923 2415 983 2480 Dei
1008 2420 1095 2495 sunt,
1118 2415 1308 2481 thesaurum
1330 2417 1395 2483 Ec-

65 2503 189 2569 clesiae
212 2502 245 2567 in
268 2503 418 2568 favorem
441 2503 622 2568 animarum
645 2504 678 2568 in
702 2504 892 2587 purgatorio
920 2504 1048 2588 aperire
1072 2526 1115 2570 ex
1137 2527 1241 2588 eoque
1264 2505 1395 2591 dispen-

58 2612 144 2658 sare
167 2591 280 2675 possit.
327 2591 567 2672 sedquoniam
591 2613 653 2657 non
678 2598 809 2660 constat
838 2595 879 2659 de
901 2597 1049 2661 restricta
1071 2597 1254 2679 potestate,
1285 2595 1395 2681 potius

63 2681 261 2748 sumendum
283 2684 334 2747 est
356 2680 538 2746 Ecclesiam
560 2702 667 2765 posse.

157 2770 283 2837 Ultima
298 2770 476 2837 difficultas
492 2774 552 2847 est,
570 2792 646 2835 num
663 2794 698 2836 rc
713 2774 786 2856 ipsc
801 2773 941 2839 Ecclesia
958 2772 1006 2840 ita
1021 2774 1212 2838 thesaurum
1227 2773 1395 2839 Ecclesiae

59 2860 259 2944 dispensare
288 2859 430 2925 voluerit
462 2863 496 2925 et
525 2862 613 2944 celii,
646 2860 772 2926 scilicet
803 2866 912 2927 utrum
941 2861 974 2925 in
1005 2862 1152 2927 omnibus
1182 2861 1394 2945 indulgentiis

67 2947 246 3033 propositis
270 2948 492 3014 condicionem
515 2952 624 3015 status
647 2950 776 3030 gratiae
800 2954 837 3016 ut
860 2950 1078 3016 necessariam
1095 2955 1206 3035 ponat,
1232 2973 1274 3016 an
1297 2951 1394 3016 iniis

63 3038 147 3104 solis
169 3038 204 3103 in
226 3037 343 3120 quibus
365 3037 450 3103 hanc
474 3037 694 3103 condicionem
726 3038 934 3122 expresserit.
982 3039 1019 3105 In
1044 3061 1108 3122 qua
1131 3041 1321 3122 quaestione
1345 3041 1394 3105 di-

63 3126 206 3193 cendum
229 3127 359 3192 omnino
382 3130 462 3212 puto
485 3148 550 3191 non
573 3149 670 3211 posse
694 3130 776 3193 sumi
801 3149 873 3193 esse
896 3130 980 3194 horre
994 3129 1208 3206 voluntatem,
1233 3150 1298 3211 qna
1312 3129 1394 3196 velit

64 3217 101 3281 in
132 3215 281 3281 omnibus
304 3215 515 3299 indulgentiis
531 3237 604 3281 eam
620 3217 839 3283 condicionem
857 3239 900 3281 ox
915 3238 975 3282 aua
991 3222 1086 3302 parte
1109 3239 1240 3301 ponere,
1266 3219 1394 3285 etiamsi

65 3305 217 3371 Christus
241 3325 312 3370 eam
335 3326 401 3371 nou
424 3305 581 3389 posuerit.
627 3307 713 3371 Nam
738 3308 770 3372 S.
797 3308 829 3372 Ο.
855 3308 983 3393 lndnlq.
1009 3307 1038 3375 d.
1064 3308 1093 3373 d.
1120 3310 1161 3371 22
1185 3308 1280 3375 Febr.
1308 3310 1391 3374 1847

64 3396 274 3476 interrogata
297 3415 399 3478 resp:
428 3395 602 3472 ,Consulat
624 3396 781 3479 probatos
804 3399 985 3461 auctores.“
1020 3396 1111 3474 Quod
1134 3397 1243 3481 potius
1266 3397 1394 3480 signum

67 3487 123 3549 est
146 3483 328 3548 Ecclesiam
358 3483 437 3548 nihil
467 3485 528 3549 hac
552 3484 585 3548 in
608 3506 644 3548 re
669 3484 903 3561 determinare,
935 3485 993 3550 sed
1016 3485 1105 3551 aliud
1128 3507 1191 3551 non
1215 3488 1393 3571 postulare,

67 3572 132 3638 uisi
156 3571 242 3654 quod
266 3572 537 3639 exordinatione
561 3573 680 3639 Christi
703 3574 925 3639 necessarium
948 3573 1058 3640 fuerit.

159 3662 255 3728 Unde
278 3663 435 3728 concludo
459 3665 584 3728 certum
616 3662 746 3743 quidem
777 3685 841 3728 non
865 3683 955 3740 esse,
985 3664 1043 3728 sed
1066 3664 1234 3748 probabile
1264 3664 1394 3730 omnino

65 3772 127 3816 eas
150 3750 382 3833 indulgentias,
407 3773 466 3835 pro
490 3752 606 3834 quibus
630 3752 672 3816 ad
696 3774 796 3836 opera
812 3753 1017 3837 praescripta
1033 3753 1230 3836 perficienda
1247 3754 1395 3821 Ecclesia

67 3862 135 3905 non
159 3840 359 3924 expresserit
382 3841 613 3906 necessitatem
636 3847 745 3907 status
767 3842 906 3924 gratiae,
931 3842 959 3907 ei
975 3843 1163 3909 declaratae
1186 3844 1252 3909 sint
1273 3843 1395 3927 ,appli-

69 3929 192 3996 cabiles
216 3930 417 4007 defunctis“,
446 3951 544 4014 posse
567 3951 626 4014 pro
659 3931 822 3997 defunctis
851 3931 974 4014 acquiri
1006 3933 1105 3999 etiam
1136 3933 1178 3998 ab
1208 3934 1248 3997 iis
1277 3933 1332 4015 qui
1363 3932 1394 3996 in

65 4022 161 4085 statu
184 4019 314 4102 gratiae
337 4040 401 4085 non
425 4024 610 4085 versantur.

160 4125 200 4192 R.
226 4128 255 4192 2.
301 4125 451 4192 Praetice
474 4126 507 4190 in
531 4126 628 4208 longe
657 4126 805 4210 plurimis
828 4127 1104 4210 indulgentiarum
1136 4129 1396 4194 concessionibus
1405 4144 1458 4198 644

68 4236 131 4300 pro
154 4214 342 4282 condicione
364 4221 472 4282 status
496 4215 625 4297 gratiae
649 4219 847 4300 exprimitur.
894 4217 1001 4294 Quare
1032 4219 1072 4282 ab
1096 4218 1135 4282 iis
1158 4218 1252 4292 solis,
1284 4218 1395 4299 quiin

67 4308 162 4371 statu
184 4304 314 4387 gratiae
336 4309 423 4381 sunt,
447 4304 509 4370 hae
532 4305 757 4386 indulgentiae
773 4305 926 4372 videntur
942 4306 1065 4388 acquiri
1089 4327 1194 4389 posse,
1220 4306 1318 4370 etiarn
1337 4327 1395 4388 pro

69 4393 245 4460 defunctis.
292 4394 379 4459 Nam
405 4393 553 4459 Ecclesia
576 4395 629 4459 vel
653 4395 791 4478 requirit
820 4395 919 4459 —id
944 4396 1030 4477 quod
1053 4395 1086 4458 in
1105 4397 1265 4478 plenariis
1289 4394 1396 4459 indul·

66 4484 192 4567 gentiis
220 4483 291 4549 fere
321 4484 406 4549 solet
435 4483 505 4549 fieri
527 4519 572 4529 —
596 4484 833 4549 confessionem
863 4489 898 4550 et
920 4506 947 4550 s.
972 4483 1247 4561 communionem,
1279 4484 1331 4548 vel
1362 4484 1396 4548 in

67 4572 249 4640 recitandis
265 4572 364 4638 certis
385 4572 535 4656 precibus
551 4574 697 4655 requirit,
715 4579 752 4640 ut
771 4573 933 4650 ,contrito
949 4573 1064 4637 corde“
1091 4572 1285 4638 recitentur:
1311 4574 1397 4655 quod

69 4663 151 4729 nihil
174 4662 264 4729 aliud
287 4663 361 4728 vult
383 4661 491 4727 dicere
514 4661 576 4727 nisi
599 4666 633 4728 in
658 4670 743 4728 statu
766 4664 893 4748 proiice
915 4663 1154 4745 sanctificantia,
1180 4662 1212 4726 in
1237 4683 1300 4746 quo
1324 4663 1397 4747 quis
