<?xml version="1.0" encoding="UTF-8"?>
<!DOCTYPE html PUBLIC "-//W3C//DTD XHTML 1.0 Transitional//EN"
    "http://www.w3.org/TR/xhtml1/DTD/xhtml1-transitional.dtd">
<html xmlns="http://www.w3.org/1999/xhtml" xml:lang="en" lang="en">
 <head>
  <title>
</title>
<meta http-equiv="Content-Type" content="text/html;charset=utf-8" />
  <meta name='ocr-system' content='tesseract 3.04.00' />
  <meta name='ocr-capabilities' content='ocr_page ocr_carea ocr_par ocr_line ocrx_word'/>
</head>
<body>
  <div class='ocr_page' id='page_1' title='image "./casusconscienti00lehmgoog_0244.png"; bbox 0 0 3044 5174; ppageno 0'>
   <div class='ocr_carea' id='block_1_1' title="bbox 153 263 1021 335">
    <p class='ocr_par' dir='ltr' id='par_1_1' title="bbox 153 263 1021 335">
     <span class='ocr_line' id='line_1_1' title="bbox 153 263 1021 335; baseline -0.008 -9"><span class='ocrx_word' id='word_1_1' title='bbox 153 269 217 331; x_wconf 84' lang='lat'>222</span> <span class='ocrx_word' id='word_1_2' title='bbox 607 264 812 319; x_wconf 71' lang='lat' dir='ltr'><strong>Sacramentum</strong></span> <span class='ocrx_word' id='word_1_3' title='bbox 830 263 1021 335; x_wconf 87' lang='lat' dir='ltr'>paenitentiae.</span> 
     </span>
    </p>
   </div>
   <div class='ocr_carea' id='block_1_2' title="bbox 75 440 1516 2217">
    <p class='ocr_par' dir='ltr' id='par_1_2' title="bbox 75 440 1516 2217">
     <span class='ocr_line' id='line_1_2' title="bbox 75 440 1478 526; baseline -0.001 -20"><span class='ocrx_word' id='word_1_4' title='bbox 75 519 76 522; x_wconf 8' lang='grc' dir='ltr'><strong>Ἴ</strong></span> <span class='ocrx_word' id='word_1_5' title='bbox 153 442 211 507; x_wconf 93' lang='lat' dir='ltr'>sed</span> <span class='ocrx_word' id='word_1_6' title='bbox 235 441 320 524; x_wconf 92' lang='lat' dir='ltr'>quod</span> <span class='ocrx_word' id='word_1_7' title='bbox 344 440 440 506; x_wconf 91' lang='lat' dir='ltr'>nimis</span> <span class='ocrx_word' id='word_1_8' title='bbox 464 441 570 507; x_wconf 90' lang='lat' dir='ltr'>obiter</span> <span class='ocrx_word' id='word_1_9' title='bbox 593 441 737 507; x_wconf 92' lang='lat' dir='ltr'>dolorem</span> <span class='ocrx_word' id='word_1_10' title='bbox 769 446 802 508; x_wconf 92' lang='lat' dir='ltr'>et</span> <span class='ocrx_word' id='word_1_11' title='bbox 832 441 1035 526; x_wconf 89' lang='lat' dir='ltr'>propositum</span> <span class='ocrx_word' id='word_1_12' title='bbox 1067 441 1264 525; x_wconf 81' lang='lat' dir='ltr'>conceperit.</span> <span class='ocrx_word' id='word_1_13' title='bbox 1311 440 1402 506; x_wconf 90' lang='lat' dir='ltr'>Nam</span> <span class='ocrx_word' id='word_1_14' title='bbox 1424 441 1478 522; x_wconf 93' lang='lat' dir='ltr'>qui</span> 
     </span>
     <span class='ocr_line' id='line_1_3' title="bbox 153 529 1479 616; baseline 0 -22"><span class='ocrx_word' id='word_1_15' title='bbox 153 530 265 612; x_wconf 90' lang='lat' dir='ltr'>quinto</span> <span class='ocrx_word' id='word_1_16' title='bbox 289 530 414 596; x_wconf 92' lang='lat' dir='ltr'>decimo</span> <span class='ocrx_word' id='word_1_17' title='bbox 438 552 566 613; x_wconf 93' lang='lat' dir='ltr'>quoqne</span> <span class='ocrx_word' id='word_1_18' title='bbox 590 530 642 596; x_wconf 92' lang='lat' dir='ltr'>die</span> <span class='ocrx_word' id='word_1_19' title='bbox 665 533 856 609; x_wconf 85' lang='lat' dir='ltr'>confitetur,</span> <span class='ocrx_word' id='word_1_20' title='bbox 887 531 915 596; x_wconf 93' lang='lat' dir='ltr'>si</span> <span class='ocrx_word' id='word_1_21' title='bbox 936 535 1078 616; x_wconf 71' lang='lat' dir='ltr'>praviter</span> <span class='ocrx_word' id='word_1_22' title='bbox 1101 531 1213 616; x_wconf 90' lang='lat' dir='ltr'>lapsus</span> <span class='ocrx_word' id='word_1_23' title='bbox 1236 529 1357 608; x_wconf 81' lang='lat' dir='ltr'>fuerit,</span> <span class='ocrx_word' id='word_1_24' title='bbox 1389 535 1479 596; x_wconf 83' lang='lat' dir='ltr'>certe</span> 
     </span>
     <span class='ocr_line' id='line_1_4' title="bbox 153 619 1480 704; baseline 0 -21"><span class='ocrx_word' id='word_1_25' title='bbox 153 619 238 684; x_wconf 90' lang='lat' dir='ltr'>serio</span> <span class='ocrx_word' id='word_1_26' title='bbox 263 640 335 685; x_wconf 89' lang='lat' dir='ltr'>sese</span> <span class='ocrx_word' id='word_1_27' title='bbox 359 640 513 685; x_wconf 85' lang='lat' dir='ltr'>exercere</span> <span class='ocrx_word' id='word_1_28' title='bbox 537 620 634 685; x_wconf 90' lang='lat' dir='ltr'>debet</span> <span class='ocrx_word' id='word_1_29' title='bbox 656 620 689 684; x_wconf 94' lang='lat' dir='ltr'>in</span> <span class='ocrx_word' id='word_1_30' title='bbox 713 620 825 686; x_wconf 92' lang='lat' dir='ltr'>dolore</span> <span class='ocrx_word' id='word_1_31' title='bbox 849 624 884 686; x_wconf 91' lang='lat' dir='ltr'>et</span> <span class='ocrx_word' id='word_1_32' title='bbox 906 620 1091 704; x_wconf 82' lang='lat' dir='ltr'>proposit03</span> <span class='ocrx_word' id='word_1_33' title='bbox 1115 620 1143 686; x_wconf 91' lang='lat' dir='ltr'>si</span> <span class='ocrx_word' id='word_1_34' title='bbox 1166 619 1316 704; x_wconf 85' lang='lat' dir='ltr'>graviter</span> <span class='ocrx_word' id='word_1_35' title='bbox 1338 639 1405 684; x_wconf 91' lang='lat' dir='ltr'>non</span> <span class='ocrx_word' id='word_1_36' title='bbox 1428 626 1480 684; x_wconf 87' lang='lat' dir='ltr'>est</span> 
     </span>
     <span class='ocr_line' id='line_1_5' title="bbox 152 708 1478 792; baseline 0 -20"><span class='ocrx_word' id='word_1_37' title='bbox 152 708 280 792; x_wconf 90' lang='lat' dir='ltr'>lapsus,</span> <span class='ocrx_word' id='word_1_38' title='bbox 312 708 549 774; x_wconf 89' lang='lat' dir='ltr'>confessionem</span> <span class='ocrx_word' id='word_1_39' title='bbox 579 709 721 790; x_wconf 89' lang='lat' dir='ltr'>dirigere</span> <span class='ocrx_word' id='word_1_40' title='bbox 744 710 841 776; x_wconf 91' lang='lat' dir='ltr'>debet</span> <span class='ocrx_word' id='word_1_41' title='bbox 863 731 927 775; x_wconf 90' lang='lat' dir='ltr'>non</span> <span class='ocrx_word' id='word_1_42' title='bbox 952 710 994 775; x_wconf 91' lang='lat' dir='ltr'>ad</span> <span class='ocrx_word' id='word_1_43' title='bbox 1017 709 1089 775; x_wconf 88' lang='lat' dir='ltr'>sola</span> <span class='ocrx_word' id='word_1_44' title='bbox 1112 708 1319 786; x_wconf 76' lang='lat' dir='ltr'>essentialia,</span> <span class='ocrx_word' id='word_1_45' title='bbox 1353 708 1411 774; x_wconf 87' lang='lat' dir='ltr'>sed</span> <span class='ocrx_word' id='word_1_46' title='bbox 1436 709 1478 773; x_wconf 92' lang='lat' dir='ltr'>ad</span> 
     </span>
     <span class='ocr_line' id='line_1_6' title="bbox 153 796 1478 882; baseline 0 -21"><span class='ocrx_word' id='word_1_47' title='bbox 153 797 309 862; x_wconf 87' lang='lat' dir='ltr'>maiorem</span> <span class='ocrx_word' id='word_1_48' title='bbox 334 796 476 864; x_wconf 84' lang='lat' dir='ltr'>fructum</span> <span class='ocrx_word' id='word_1_49' title='bbox 499 796 679 880; x_wconf 89' lang='lat' dir='ltr'>spiritualis</span> <span class='ocrx_word' id='word_1_50' title='bbox 701 799 869 882; x_wconf 83' lang='lat' dir='ltr'>profectus</span> <span class='ocrx_word' id='word_1_51' title='bbox 893 798 1154 882; x_wconf 89' lang='lat' dir='ltr'>concipiendum:</span> <span class='ocrx_word' id='word_1_52' title='bbox 1178 799 1320 881; x_wconf 90' lang='lat' dir='ltr'>quinon</span> <span class='ocrx_word' id='word_1_53' title='bbox 1335 797 1478 881; x_wconf 90' lang='lat' dir='ltr'>concipi·</span> 
     </span>
     <span class='ocr_line' id='line_1_7' title="bbox 153 885 1477 971; baseline -0.001 -19"><span class='ocrx_word' id='word_1_54' title='bbox 153 891 224 964; x_wconf 90' lang='lat' dir='ltr'>tur,</span> <span class='ocrx_word' id='word_1_55' title='bbox 249 885 311 950; x_wconf 88' lang='lat' dir='ltr'>nisi</span> <span class='ocrx_word' id='word_1_56' title='bbox 334 886 407 967; x_wconf 91' lang='lat' dir='ltr'>quis</span> <span class='ocrx_word' id='word_1_57' title='bbox 429 890 512 952; x_wconf 81' lang='lat' dir='ltr'>serio</span> <span class='ocrx_word' id='word_1_58' title='bbox 535 891 570 954; x_wconf 90' lang='lat' dir='ltr'>et</span> <span class='ocrx_word' id='word_1_59' title='bbox 592 887 714 952; x_wconf 88' lang='lat' dir='ltr'>maiore</span> <span class='ocrx_word' id='word_1_60' title='bbox 738 909 810 953; x_wconf 91' lang='lat' dir='ltr'>cum</span> <span class='ocrx_word' id='word_1_61' title='bbox 834 887 1094 954; x_wconf 76' lang='lat' dir='ltr'>consideratione</span> <span class='ocrx_word' id='word_1_62' title='bbox 1117 888 1151 953; x_wconf 93' lang='lat' dir='ltr'>in</span> <span class='ocrx_word' id='word_1_63' title='bbox 1174 889 1320 954; x_wconf 91' lang='lat' dir='ltr'>dolorem</span> <span class='ocrx_word' id='word_1_64' title='bbox 1343 891 1380 954; x_wconf 91' lang='lat' dir='ltr'>et</span> <span class='ocrx_word' id='word_1_65' title='bbox 1402 907 1477 971; x_wconf 93' lang='lat' dir='ltr'>pro-</span> 
     </span>
     <span class='ocr_line' id='line_1_8' title="bbox 152 973 1478 1059; baseline 0.001 -20"><span class='ocrx_word' id='word_1_66' title='bbox 152 974 296 1059; x_wconf 89' lang='lat' dir='ltr'>positum</span> <span class='ocrx_word' id='word_1_67' title='bbox 311 973 487 1042; x_wconf 85' lang='lat' dir='ltr'>incumbat.</span> <span class='ocrx_word' id='word_1_68' title='bbox 512 1013 556 1020; x_wconf 91' lang='lat'><em>-</em></span> <span class='ocrx_word' id='word_1_69' title='bbox 579 975 670 1053; x_wconf 86' lang='lat' dir='ltr'>Quod</span> <span class='ocrx_word' id='word_1_70' title='bbox 686 979 798 1042; x_wconf 89' lang='lat' dir='ltr'>autem</span> <span class='ocrx_word' id='word_1_71' title='bbox 814 977 977 1042; x_wconf 91' lang='lat' dir='ltr'>oblivione</span> <span class='ocrx_word' id='word_1_72' title='bbox 993 977 1103 1044; x_wconf 89' lang='lat' dir='ltr'>omisit</span> <span class='ocrx_word' id='word_1_73' title='bbox 1125 976 1304 1043; x_wconf 78' lang='lat' dir='ltr'>laesionem</span> <span class='ocrx_word' id='word_1_74' title='bbox 1327 975 1478 1043; x_wconf 86' lang='lat' dir='ltr'>caritatis</span> 
     </span>
     <span class='ocr_line' id='line_1_9' title="bbox 154 1063 1476 1149; baseline 0 -20"><span class='ocrx_word' id='word_1_75' title='bbox 154 1068 188 1129; x_wconf 92' lang='lat' dir='ltr'>et</span> <span class='ocrx_word' id='word_1_76' title='bbox 212 1063 451 1142; x_wconf 82' lang='lat' dir='ltr'>submissionis,</span> <span class='ocrx_word' id='word_1_77' title='bbox 481 1086 627 1149; x_wconf 90' lang='lat' dir='ltr'>suppono</span> <span class='ocrx_word' id='word_1_78' title='bbox 651 1086 716 1130; x_wconf 92' lang='lat' dir='ltr'>non</span> <span class='ocrx_word' id='word_1_79' title='bbox 739 1066 794 1148; x_wconf 93' lang='lat' dir='ltr'>agi</span> <span class='ocrx_word' id='word_1_80' title='bbox 818 1066 858 1131; x_wconf 93' lang='lat' dir='ltr'>de</span> <span class='ocrx_word' id='word_1_81' title='bbox 888 1066 1020 1132; x_wconf 80' lang='lat' dir='ltr'>mortali</span> <span class='ocrx_word' id='word_1_82' title='bbox 1043 1065 1205 1132; x_wconf 87' lang='lat' dir='ltr'>laesione:</span> <span class='ocrx_word' id='word_1_83' title='bbox 1237 1064 1385 1146; x_wconf 90' lang='lat' dir='ltr'>alioquin</span> <span class='ocrx_word' id='word_1_84' title='bbox 1413 1085 1476 1130; x_wconf 91' lang='lat' dir='ltr'>non</span> 
     </span>
     <span class='ocr_line' id='line_1_10' title="bbox 154 1153 1478 1238; baseline 0 -20"><span class='ocrx_word' id='word_1_85' title='bbox 154 1153 276 1232; x_wconf 85' lang='lat' dir='ltr'>Titius,</span> <span class='ocrx_word' id='word_1_86' title='bbox 307 1153 365 1218; x_wconf 87' lang='lat' dir='ltr'>sed</span> <span class='ocrx_word' id='word_1_87' title='bbox 389 1153 483 1220; x_wconf 87' lang='lat' dir='ltr'>Titus</span> <span class='ocrx_word' id='word_1_88' title='bbox 513 1154 730 1238; x_wconf 88' lang='lat' dir='ltr'>suspicionem</span> <span class='ocrx_word' id='word_1_89' title='bbox 754 1156 880 1221; x_wconf 84' lang='lat' dir='ltr'>faceret</span> <span class='ocrx_word' id='word_1_90' title='bbox 903 1155 943 1220; x_wconf 91' lang='lat' dir='ltr'>de</span> <span class='ocrx_word' id='word_1_91' title='bbox 967 1154 1064 1236; x_wconf 89' lang='lat' dir='ltr'>gravi</span> <span class='ocrx_word' id='word_1_92' title='bbox 1086 1155 1240 1237; x_wconf 90' lang='lat' dir='ltr'>neglectu</span> <span class='ocrx_word' id='word_1_93' title='bbox 1268 1153 1303 1219; x_wconf 93' lang='lat' dir='ltr'>in</span> <span class='ocrx_word' id='word_1_94' title='bbox 1326 1153 1478 1220; x_wconf 86' lang='lat' dir='ltr'>examine</span> 
     </span>
     <span class='ocr_line' id='line_1_11' title="bbox 154 1242 1478 1327; baseline 0.001 -20"><span class='ocrx_word' id='word_1_95' title='bbox 154 1247 254 1323; x_wconf 91' lang='lat' dir='ltr'>atque</span> <span class='ocrx_word' id='word_1_96' title='bbox 277 1243 363 1307; x_wconf 90' lang='lat' dir='ltr'>serio</span> <span class='ocrx_word' id='word_1_97' title='bbox 387 1243 611 1327; x_wconf 89' lang='lat' dir='ltr'>corripiendus</span> <span class='ocrx_word' id='word_1_98' title='bbox 634 1248 732 1311; x_wconf 91' lang='lat' dir='ltr'>esset.</span> <span class='ocrx_word' id='word_1_99' title='bbox 773 1244 924 1310; x_wconf 84' lang='lat' dir='ltr'>Ceterum</span> <span class='ocrx_word' id='word_1_100' title='bbox 947 1243 1120 1310; x_wconf 82' lang='lat' dir='ltr'>etiamtum</span> <span class='ocrx_word' id='word_1_101' title='bbox 1139 1243 1301 1310; x_wconf 78' lang='lat' dir='ltr'>certitudo</span> <span class='ocrx_word' id='word_1_102' title='bbox 1325 1242 1366 1308; x_wconf 92' lang='lat' dir='ltr'>de</span> <span class='ocrx_word' id='word_1_103' title='bbox 1390 1263 1478 1308; x_wconf 94' lang='lat' dir='ltr'>com·</span> 
     </span>
     <span class='ocr_line' id='line_1_12' title="bbox 152 1330 1477 1417; baseline 0.002 -23"><span class='ocrx_word' id='word_1_104' title='bbox 152 1330 251 1395; x_wconf 90' lang='lat' dir='ltr'>misso</span> <span class='ocrx_word' id='word_1_105' title='bbox 275 1331 371 1413; x_wconf 87' lang='lat' dir='ltr'>gravi</span> <span class='ocrx_word' id='word_1_106' title='bbox 393 1332 559 1414; x_wconf 90' lang='lat' dir='ltr'>sacrilegii</span> <span class='ocrx_word' id='word_1_107' title='bbox 581 1336 718 1417; x_wconf 90' lang='lat' dir='ltr'>peccato</span> <span class='ocrx_word' id='word_1_108' title='bbox 742 1333 883 1397; x_wconf 90' lang='lat' dir='ltr'>nondum</span> <span class='ocrx_word' id='word_1_109' title='bbox 906 1333 1056 1400; x_wconf 89' lang='lat' dir='ltr'>habetur.</span> <span class='ocrx_word' id='word_1_110' title='bbox 1103 1332 1251 1415; x_wconf 89' lang='lat' dir='ltr'>Inquirat</span> <span class='ocrx_word' id='word_1_111' title='bbox 1273 1330 1378 1413; x_wconf 90' lang='lat' dir='ltr'>igitur</span> <span class='ocrx_word' id='word_1_112' title='bbox 1401 1352 1477 1398; x_wconf 91' lang='lat' dir='ltr'>con·</span> 
     </span>
     <span class='ocr_line' id='line_1_13' title="bbox 153 1419 1478 1504; baseline 0.001 -19"><span class='ocrx_word' id='word_1_113' title='bbox 153 1419 310 1485; x_wconf 86' lang='lat' dir='ltr'>fossarius</span> <span class='ocrx_word' id='word_1_114' title='bbox 334 1420 495 1486; x_wconf 90' lang='lat' dir='ltr'>nonnihil:</span> <span class='ocrx_word' id='word_1_115' title='bbox 524 1421 709 1504; x_wconf 79' lang='lat' dir='ltr'>„Numquid</span> <span class='ocrx_word' id='word_1_116' title='bbox 734 1421 966 1488; x_wconf 86' lang='lat' dir='ltr'>conscientiam</span> <span class='ocrx_word' id='word_1_117' title='bbox 990 1421 1134 1488; x_wconf 88' lang='lat' dir='ltr'>habuisti</span> <span class='ocrx_word' id='word_1_118' title='bbox 1156 1421 1190 1486; x_wconf 92' lang='lat' dir='ltr'>in</span> <span class='ocrx_word' id='word_1_119' title='bbox 1205 1441 1327 1503; x_wconf 90' lang='lat' dir='ltr'>genere</span> <span class='ocrx_word' id='word_1_120' title='bbox 1342 1420 1478 1487; x_wconf 86' lang='lat' dir='ltr'>subesse</span> 
     </span>
     <span class='ocr_line' id='line_1_14' title="bbox 154 1509 1478 1594; baseline 0.002 -20"><span class='ocrx_word' id='word_1_121' title='bbox 154 1509 254 1574; x_wconf 91' lang='lat' dir='ltr'>etiam</span> <span class='ocrx_word' id='word_1_122' title='bbox 277 1509 343 1574; x_wconf 91' lang='lat' dir='ltr'>alia</span> <span class='ocrx_word' id='word_1_123' title='bbox 366 1515 513 1594; x_wconf 89' lang='lat' dir='ltr'>peccata,</span> <span class='ocrx_word' id='word_1_124' title='bbox 538 1531 675 1592; x_wconf 89' lang='lat' dir='ltr'>quorum</span> <span class='ocrx_word' id='word_1_125' title='bbox 701 1510 842 1575; x_wconf 90' lang='lat' dir='ltr'>nondum</span> <span class='ocrx_word' id='word_1_126' title='bbox 859 1510 1109 1576; x_wconf 80' lang='lat' dir='ltr'>recordaberis?</span> <span class='ocrx_word' id='word_1_127' title='bbox 1133 1531 1210 1577; x_wconf 90' lang='lat' dir='ltr'>esne</span> <span class='ocrx_word' id='word_1_128' title='bbox 1226 1509 1416 1594; x_wconf 88' lang='lat' dir='ltr'>suspicatus</span> <span class='ocrx_word' id='word_1_129' title='bbox 1439 1530 1478 1576; x_wconf 90' lang='lat' dir='ltr'>ea</span> 
     </span>
     <span class='ocr_line' id='line_1_15' title="bbox 152 1599 1477 1682; baseline 0.002 -20"><span class='ocrx_word' id='word_1_130' title='bbox 152 1619 250 1681; x_wconf 89' lang='lat' dir='ltr'>posse</span> <span class='ocrx_word' id='word_1_131' title='bbox 280 1618 352 1663; x_wconf 90' lang='lat' dir='ltr'>esse</span> <span class='ocrx_word' id='word_1_132' title='bbox 382 1599 522 1681; x_wconf 79' lang='lat' dir='ltr'>gravia?</span> <span class='ocrx_word' id='word_1_133' title='bbox 568 1599 657 1665; x_wconf 90' lang='lat' dir='ltr'>Num</span> <span class='ocrx_word' id='word_1_134' title='bbox 686 1603 829 1664; x_wconf 91' lang='lat' dir='ltr'>mentem</span> <span class='ocrx_word' id='word_1_135' title='bbox 859 1599 959 1664; x_wconf 89' lang='lat' dir='ltr'>subiit</span> <span class='ocrx_word' id='word_1_136' title='bbox 988 1599 1075 1665; x_wconf 90' lang='lat' dir='ltr'>seria</span> <span class='ocrx_word' id='word_1_137' title='bbox 1104 1599 1263 1682; x_wconf 82' lang='lat' dir='ltr'>cogitatio</span> <span class='ocrx_word' id='word_1_138' title='bbox 1293 1605 1329 1666; x_wconf 90' lang='lat' dir='ltr'>te</span> <span class='ocrx_word' id='word_1_139' title='bbox 1359 1599 1477 1665; x_wconf 91' lang='lat' dir='ltr'>debere</span> 
     </span>
     <span class='ocr_line' id='line_1_16' title="bbox 152 1686 1476 1773; baseline 0.002 -22"><span class='ocrx_word' id='word_1_140' title='bbox 152 1686 268 1752; x_wconf 91' lang='lat' dir='ltr'>melius</span> <span class='ocrx_word' id='word_1_141' title='bbox 291 1688 518 1770; x_wconf 84' lang='lat' dir='ltr'>recogitare?“</span> <span class='ocrx_word' id='word_1_142' title='bbox 555 1689 587 1754; x_wconf 91' lang='lat' dir='ltr'>Si</span> <span class='ocrx_word' id='word_1_143' title='bbox 612 1689 653 1754; x_wconf 93' lang='lat' dir='ltr'>ad</span> <span class='ocrx_word' id='word_1_144' title='bbox 676 1691 805 1773; x_wconf 74' lang='lat' dir='ltr'>stapulo</span> <span class='ocrx_word' id='word_1_145' title='bbox 828 1688 909 1753; x_wconf 90' lang='lat' dir='ltr'>haec</span> <span class='ocrx_word' id='word_1_146' title='bbox 932 1689 1126 1773; x_wconf 75' lang='lat' dir='ltr'>affirmative</span> <span class='ocrx_word' id='word_1_147' title='bbox 1147 1687 1346 1773; x_wconf 88' lang='lat' dir='ltr'>respondere</span> <span class='ocrx_word' id='word_1_148' title='bbox 1370 1688 1476 1764; x_wconf 89' lang='lat' dir='ltr'>debet,</span> 
     </span>
     <span class='ocr_line' id='line_1_17' title="bbox 152 1775 1478 1863; baseline -0.001 -21"><span class='ocrx_word' id='word_1_149' title='bbox 152 1775 410 1842; x_wconf 88' lang='lat' dir='ltr'>concludendum</span> <span class='ocrx_word' id='word_1_150' title='bbox 433 1781 485 1844; x_wconf 89' lang='lat' dir='ltr'>est</span> <span class='ocrx_word' id='word_1_151' title='bbox 500 1776 609 1843; x_wconf 81' lang='lat' dir='ltr'>Titum</span> <span class='ocrx_word' id='word_1_152' title='bbox 626 1776 755 1844; x_wconf 84' lang='lat' dir='ltr'>defectu</span> <span class='ocrx_word' id='word_1_153' title='bbox 772 1778 932 1843; x_wconf 85' lang='lat' dir='ltr'>examinis</span> <span class='ocrx_word' id='word_1_154' title='bbox 952 1777 1100 1860; x_wconf 91' lang='lat' dir='ltr'>graviter</span> <span class='ocrx_word' id='word_1_155' title='bbox 1115 1797 1280 1863; x_wconf 88' lang='lat' dir='ltr'>peccasse.</span> <span class='ocrx_word' id='word_1_156' title='bbox 1304 1814 1351 1823; x_wconf 90' lang='lat'>—</span> <span class='ocrx_word' id='word_1_157' title='bbox 1373 1777 1478 1844; x_wconf 80' lang='lat' dir='ltr'>Titius</span> 
     </span>
     <span class='ocr_line' id='line_1_18' title="bbox 152 1866 1477 1952; baseline 0.002 -22"><span class='ocrx_word' id='word_1_158' title='bbox 152 1886 241 1944; x_wconf 87' lang='lat' dir='ltr'>vero,</span> <span class='ocrx_word' id='word_1_159' title='bbox 267 1886 340 1930; x_wconf 89' lang='lat' dir='ltr'>cum</span> <span class='ocrx_word' id='word_1_160' title='bbox 363 1866 451 1932; x_wconf 91' lang='lat' dir='ltr'>ultra</span> <span class='ocrx_word' id='word_1_161' title='bbox 474 1866 618 1932; x_wconf 90' lang='lat' dir='ltr'>debitum</span> <span class='ocrx_word' id='word_1_162' title='bbox 642 1870 772 1949; x_wconf 91' lang='lat' dir='ltr'>tempus</span> <span class='ocrx_word' id='word_1_163' title='bbox 794 1866 828 1931; x_wconf 92' lang='lat' dir='ltr'>in</span> <span class='ocrx_word' id='word_1_164' title='bbox 844 1887 984 1933; x_wconf 83' lang='lat' dir='ltr'>examen</span> <span class='ocrx_word' id='word_1_165' title='bbox 999 1866 1221 1952; x_wconf 88' lang='lat' dir='ltr'>impendisset,</span> <span class='ocrx_word' id='word_1_166' title='bbox 1246 1867 1477 1950; x_wconf 82' lang='lat' dir='ltr'>neglegentiae</span> 
     </span>
     <span class='ocr_line' id='line_1_19' title="bbox 152 1954 1516 2040; baseline -0.001 -20"><span class='ocrx_word' id='word_1_167' title='bbox 152 1975 228 2020; x_wconf 89' lang='lat' dir='ltr'>reus</span> <span class='ocrx_word' id='word_1_168' title='bbox 244 1976 308 2019; x_wconf 90' lang='lat' dir='ltr'>non</span> <span class='ocrx_word' id='word_1_169' title='bbox 326 1961 424 2032; x_wconf 89' lang='lat' dir='ltr'>esset,</span> <span class='ocrx_word' id='word_1_170' title='bbox 448 1956 506 2020; x_wconf 92' lang='lat' dir='ltr'>sed</span> <span class='ocrx_word' id='word_1_171' title='bbox 523 1955 665 2022; x_wconf 89' lang='lat' dir='ltr'>fortasse</span> <span class='ocrx_word' id='word_1_172' title='bbox 680 1955 896 2039; x_wconf 89' lang='lat' dir='ltr'>imprudentis</span> <span class='ocrx_word' id='word_1_173' title='bbox 913 1954 1187 2040; x_wconf 85' lang='lat' dir='ltr'>scrupulositatis,</span> <span class='ocrx_word' id='word_1_174' title='bbox 1211 1976 1276 2037; x_wconf 92' lang='lat' dir='ltr'>qua</span> <span class='ocrx_word' id='word_1_175' title='bbox 1292 1957 1365 2022; x_wconf 87' lang='lat' dir='ltr'>sine</span> <span class='ocrx_word' id='word_1_176' title='bbox 1382 1957 1477 2039; x_wconf 91' lang='lat' dir='ltr'>culpa</span> <span class='ocrx_word' id='word_1_177' title='bbox 1514 1982 1516 2019; x_wconf 92' lang='lat'>:</span> 
     </span>
     <span class='ocr_line' id='line_1_20' title="bbox 151 2042 1516 2128; baseline 0.001 -20"><span class='ocrx_word' id='word_1_178' title='bbox 151 2043 247 2126; x_wconf 91' lang='lat' dir='ltr'>gravi</span> <span class='ocrx_word' id='word_1_179' title='bbox 270 2044 446 2128; x_wconf 89' lang='lat' dir='ltr'>impeditus</span> <span class='ocrx_word' id='word_1_180' title='bbox 469 2049 543 2110; x_wconf 91' lang='lat' dir='ltr'>erat</span> <span class='ocrx_word' id='word_1_181' title='bbox 559 2066 579 2110; x_wconf 92' lang='lat' dir='ltr'>a</span> <span class='ocrx_word' id='word_1_182' title='bbox 595 2065 747 2110; x_wconf 86' lang='lat' dir='ltr'>verorum</span> <span class='ocrx_word' id='word_1_183' title='bbox 771 2044 957 2111; x_wconf 82' lang='lat' dir='ltr'>defectuum</span> <span class='ocrx_word' id='word_1_184' title='bbox 982 2044 1179 2127; x_wconf 89' lang='lat' dir='ltr'>cognitione,</span> <span class='ocrx_word' id='word_1_185' title='bbox 1203 2042 1380 2110; x_wconf 87' lang='lat' dir='ltr'>inhaerens</span> <span class='ocrx_word' id='word_1_186' title='bbox 1403 2065 1477 2127; x_wconf 91' lang='lat' dir='ltr'>per·</span> <span class='ocrx_word' id='word_1_187' title='bbox 1514 2070 1516 2077; x_wconf 95' lang='lat'>·</span> 
     </span>
     <span class='ocr_line' id='line_1_21' title="bbox 151 2133 465 2217; baseline 0.003 -19"><span class='ocrx_word' id='word_1_188' title='bbox 151 2133 365 2217; x_wconf 86' lang='lat' dir='ltr'>plexitatibus</span> <span class='ocrx_word' id='word_1_189' title='bbox 388 2133 465 2199; x_wconf 90' lang='lat' dir='ltr'>suis.</span> 
     </span>
    </p>
   </div>
   <div class='ocr_carea' id='block_1_3' title="bbox 91 2247 1516 3472">
    <p class='ocr_par' dir='ltr' id='par_1_3' title="bbox 91 2247 1516 3472">
     <span class='ocr_line' id='line_1_22' title="bbox 91 2247 1478 2333; baseline -0.006 -11"><span class='ocrx_word' id='word_1_190' title='bbox 91 2268 144 2322; x_wconf 80' lang='lat'>382</span> <span class='ocrx_word' id='word_1_191' title='bbox 242 2248 280 2314; x_wconf 87' lang='lat' dir='ltr'>R.</span> <span class='ocrx_word' id='word_1_192' title='bbox 318 2252 348 2314; x_wconf 89' lang='lat'>3.</span> <span class='ocrx_word' id='word_1_193' title='bbox 403 2247 628 2315; x_wconf 82' lang='lat' dir='ltr'>Confessarius</span> <span class='ocrx_word' id='word_1_194' title='bbox 661 2249 694 2314; x_wconf 88' lang='lat' dir='ltr'>in</span> <span class='ocrx_word' id='word_1_195' title='bbox 730 2251 821 2314; x_wconf 76' lang='lat' dir='ltr'>tertio</span> <span class='ocrx_word' id='word_1_196' title='bbox 859 2269 937 2314; x_wconf 88' lang='lat' dir='ltr'>casu</span> <span class='ocrx_word' id='word_1_197' title='bbox 972 2247 1042 2313; x_wconf 91' lang='lat' dir='ltr'>sine</span> <span class='ocrx_word' id='word_1_198' title='bbox 1072 2268 1174 2313; x_wconf 89' lang='lat' dir='ltr'>causa</span> <span class='ocrx_word' id='word_1_199' title='bbox 1203 2247 1331 2314; x_wconf 90' lang='lat' dir='ltr'>remisit</span> <span class='ocrx_word' id='word_1_200' title='bbox 1366 2248 1478 2333; x_wconf 90' lang='lat' dir='ltr'>paeni·</span> 
     </span>
     <span class='ocr_line' id='line_1_23' title="bbox 152 2336 1516 2420; baseline -0.001 -17"><span class='ocrx_word' id='word_1_201' title='bbox 152 2340 277 2404; x_wconf 90' lang='lat' dir='ltr'>tentem</span> <span class='ocrx_word' id='word_1_202' title='bbox 314 2337 355 2402; x_wconf 92' lang='lat' dir='ltr'>ad</span> <span class='ocrx_word' id='word_1_203' title='bbox 390 2359 489 2403; x_wconf 90' lang='lat' dir='ltr'>unum</span> <span class='ocrx_word' id='word_1_204' title='bbox 525 2339 684 2404; x_wconf 90' lang='lat' dir='ltr'>alterume</span> <span class='ocrx_word' id='word_1_205' title='bbox 720 2337 814 2404; x_wconf 90' lang='lat' dir='ltr'>diem.</span> <span class='ocrx_word' id='word_1_206' title='bbox 861 2338 925 2403; x_wconf 89' lang='lat' dir='ltr'>Per</span> <span class='ocrx_word' id='word_1_207' title='bbox 957 2358 992 2402; x_wconf 91' lang='lat' dir='ltr'>se</span> <span class='ocrx_word' id='word_1_208' title='bbox 1024 2336 1153 2419; x_wconf 92' lang='lat' dir='ltr'>quidem</span> <span class='ocrx_word' id='word_1_209' title='bbox 1187 2337 1275 2402; x_wconf 89' lang='lat' dir='ltr'>male</span> <span class='ocrx_word' id='word_1_210' title='bbox 1307 2358 1374 2402; x_wconf 90' lang='lat' dir='ltr'>non</span> <span class='ocrx_word' id='word_1_211' title='bbox 1409 2338 1477 2420; x_wconf 87' lang='lat' dir='ltr'>egit</span> <span class='ocrx_word' id='word_1_212' title='bbox 1514 2406 1516 2411; x_wconf 70' lang='grc'>,</span> 
     </span>
     <span class='ocr_line' id='line_1_24' title="bbox 153 2425 1516 2509; baseline 0.001 -19"><span class='ocrx_word' id='word_1_213' title='bbox 153 2426 349 2509; x_wconf 91' lang='lat' dir='ltr'>postulando</span> <span class='ocrx_word' id='word_1_214' title='bbox 373 2431 410 2492; x_wconf 91' lang='lat' dir='ltr'>ut</span> <span class='ocrx_word' id='word_1_215' title='bbox 434 2427 523 2492; x_wconf 83' lang='lat' dir='ltr'>Cuno</span> <span class='ocrx_word' id='word_1_216' title='bbox 553 2430 639 2492; x_wconf 81' lang='lat' dir='ltr'>altro</span> <span class='ocrx_word' id='word_1_217' title='bbox 662 2428 851 2492; x_wconf 80' lang='lat' dir='ltr'>seoriborom</span> <span class='ocrx_word' id='word_1_218' title='bbox 883 2427 985 2492; x_wconf 83' lang='lat' dir='ltr'>uitam</span> <span class='ocrx_word' id='word_1_219' title='bbox 1016 2447 1107 2491; x_wconf 89' lang='lat' dir='ltr'>suam</span> <span class='ocrx_word' id='word_1_220' title='bbox 1132 2425 1343 2509; x_wconf 90' lang='lat' dir='ltr'>recogitaret.</span> <span class='ocrx_word' id='word_1_221' title='bbox 1391 2426 1476 2492; x_wconf 90' lang='lat' dir='ltr'>Nam</span> <span class='ocrx_word' id='word_1_222' title='bbox 1514 2476 1516 2481; x_wconf 74' lang='lat'><em>.</em></span> 
     </span>
     <span class='ocr_line' id='line_1_25' title="bbox 153 2515 1516 2600; baseline 0.001 -21"><span class='ocrx_word' id='word_1_223' title='bbox 153 2515 181 2580; x_wconf 94' lang='lat' dir='ltr'>si</span> <span class='ocrx_word' id='word_1_224' title='bbox 219 2515 337 2581; x_wconf 85' lang='lat' dir='ltr'>fuisset</span> <span class='ocrx_word' id='word_1_225' title='bbox 374 2516 445 2583; x_wconf 86' lang='lat' dir='ltr'>vita</span> <span class='ocrx_word' id='word_1_226' title='bbox 483 2516 671 2594; x_wconf 85' lang='lat' dir='ltr'>uniformis,</span> <span class='ocrx_word' id='word_1_227' title='bbox 715 2515 814 2598; x_wconf 91' lang='lat' dir='ltr'>longa</span> <span class='ocrx_word' id='word_1_228' title='bbox 856 2516 957 2581; x_wconf 87' lang='lat' dir='ltr'>series</span> <span class='ocrx_word' id='word_1_229' title='bbox 1000 2535 1158 2580; x_wconf 90' lang='lat' dir='ltr'>annorum</span> <span class='ocrx_word' id='word_1_230' title='bbox 1200 2515 1367 2600; x_wconf 91' lang='lat' dir='ltr'>potuisset</span> <span class='ocrx_word' id='word_1_231' title='bbox 1409 2516 1476 2580; x_wconf 87' lang='lat' dir='ltr'>for·</span> <span class='ocrx_word' id='word_1_232' title='bbox 1514 2590 1516 2595; x_wconf 68' lang='lat'>,</span> 
     </span>
     <span class='ocr_line' id='line_1_26' title="bbox 153 2604 1516 2689; baseline 0.001 -19"><span class='ocrx_word' id='word_1_233' title='bbox 153 2609 260 2682; x_wconf 88' lang='lat' dir='ltr'>tasse,</span> <span class='ocrx_word' id='word_1_234' title='bbox 296 2605 353 2670; x_wconf 92' lang='lat' dir='ltr'>sed</span> <span class='ocrx_word' id='word_1_235' title='bbox 386 2605 460 2682; x_wconf 83' lang='lat' dir='ltr'>vix,</span> <span class='ocrx_word' id='word_1_236' title='bbox 496 2605 552 2670; x_wconf 95' lang='lat' dir='ltr'>illo</span> <span class='ocrx_word' id='word_1_237' title='bbox 585 2606 692 2688; x_wconf 91' lang='lat' dir='ltr'>spatio</span> <span class='ocrx_word' id='word_1_238' title='bbox 724 2605 882 2689; x_wconf 91' lang='lat' dir='ltr'>temporis</span> <span class='ocrx_word' id='word_1_239' title='bbox 915 2604 1079 2689; x_wconf 90' lang='lat' dir='ltr'>percurri;</span> <span class='ocrx_word' id='word_1_240' title='bbox 1115 2624 1230 2670; x_wconf 90' lang='lat' dir='ltr'>verum</span> <span class='ocrx_word' id='word_1_241' title='bbox 1262 2605 1334 2672; x_wconf 85' lang='lat' dir='ltr'>vita</span> <span class='ocrx_word' id='word_1_242' title='bbox 1366 2604 1477 2672; x_wconf 87' lang='lat' dir='ltr'>multis</span> <span class='ocrx_word' id='word_1_243' title='bbox 1514 2646 1516 2679; x_wconf 68' lang='lat' dir='ltr'>r</span> 
     </span>
     <span class='ocr_line' id='line_1_27' title="bbox 153 2692 1516 2779; baseline 0.001 -21"><span class='ocrx_word' id='word_1_244' title='bbox 153 2692 356 2776; x_wconf 85' lang='lat' dir='ltr'>diversisque</span> <span class='ocrx_word' id='word_1_245' title='bbox 387 2694 528 2777; x_wconf 91' lang='lat' dir='ltr'>negotiis</span> <span class='ocrx_word' id='word_1_246' title='bbox 557 2694 725 2779; x_wconf 91' lang='lat' dir='ltr'>implicata</span> <span class='ocrx_word' id='word_1_247' title='bbox 754 2699 791 2760; x_wconf 92' lang='lat' dir='ltr'>ut</span> <span class='ocrx_word' id='word_1_248' title='bbox 820 2694 854 2759; x_wconf 92' lang='lat' dir='ltr'>in</span> <span class='ocrx_word' id='word_1_249' title='bbox 877 2697 1020 2759; x_wconf 90' lang='lat' dir='ltr'>mentem</span> <span class='ocrx_word' id='word_1_250' title='bbox 1043 2697 1217 2760; x_wconf 90' lang='lat' dir='ltr'>revocetur</span> <span class='ocrx_word' id='word_1_251' title='bbox 1239 2694 1370 2776; x_wconf 90' lang='lat' dir='ltr'>longius</span> <span class='ocrx_word' id='word_1_252' title='bbox 1394 2699 1477 2760; x_wconf 91' lang='lat' dir='ltr'>tem·</span> <span class='ocrx_word' id='word_1_253' title='bbox 1514 2714 1516 2723; x_wconf 90' lang='lat'>·</span> 
     </span>
     <span class='ocr_line' id='line_1_28' title="bbox 152 2781 1476 2867; baseline 0.002 -21"><span class='ocrx_word' id='word_1_254' title='bbox 152 2803 213 2864; x_wconf 90' lang='lat' dir='ltr'>pus</span> <span class='ocrx_word' id='word_1_255' title='bbox 238 2783 384 2865; x_wconf 89' lang='lat' dir='ltr'>requirit.</span> <span class='ocrx_word' id='word_1_256' title='bbox 416 2784 636 2850; x_wconf 89' lang='lat' dir='ltr'>Nihilominus</span> <span class='ocrx_word' id='word_1_257' title='bbox 660 2782 872 2867; x_wconf 90' lang='lat' dir='ltr'>spectandum</span> <span class='ocrx_word' id='word_1_258' title='bbox 897 2787 969 2848; x_wconf 89' lang='lat' dir='ltr'>erat</span> <span class='ocrx_word' id='word_1_259' title='bbox 991 2781 1157 2864; x_wconf 86' lang='lat' dir='ltr'>ingenium</span> <span class='ocrx_word' id='word_1_260' title='bbox 1181 2782 1333 2850; x_wconf 76' lang='lat' dir='ltr'>(lunonis.</span> <span class='ocrx_word' id='word_1_261' title='bbox 1366 2783 1476 2849; x_wconf 81' lang='lat' dir='ltr'>Even-</span> 
     </span>
     <span class='ocr_line' id='line_1_29' title="bbox 152 2871 1475 2957; baseline 0 -21"><span class='ocrx_word' id='word_1_262' title='bbox 152 2875 206 2936; x_wconf 90' lang='lat' dir='ltr'>tus</span> <span class='ocrx_word' id='word_1_263' title='bbox 246 2871 391 2938; x_wconf 90' lang='lat' dir='ltr'>ostendit</span> <span class='ocrx_word' id='word_1_264' title='bbox 429 2894 503 2938; x_wconf 91' lang='lat' dir='ltr'>cum</span> <span class='ocrx_word' id='word_1_265' title='bbox 542 2873 603 2938; x_wconf 87' lang='lat' dir='ltr'>sibi</span> <span class='ocrx_word' id='word_1_266' title='bbox 643 2873 792 2938; x_wconf 91' lang='lat' dir='ltr'>relictum</span> <span class='ocrx_word' id='word_1_267' title='bbox 832 2893 872 2937; x_wconf 90' lang='lat' dir='ltr'>ne</span> <span class='ocrx_word' id='word_1_268' title='bbox 913 2871 1024 2937; x_wconf 90' lang='lat' dir='ltr'>multis</span> <span class='ocrx_word' id='word_1_269' title='bbox 1063 2871 1192 2954; x_wconf 90' lang='lat' dir='ltr'>quidem</span> <span class='ocrx_word' id='word_1_270' title='bbox 1227 2871 1342 2937; x_wconf 89' lang='lat' dir='ltr'>diebus</span> <span class='ocrx_word' id='word_1_271' title='bbox 1380 2893 1475 2957; x_wconf 90' lang='lat' dir='ltr'>posse</span> 
     </span>
     <span class='ocr_line' id='line_1_30' title="bbox 152 2959 1476 3038; baseline 0.002 -13"><span class='ocrx_word' id='word_1_272' title='bbox 152 2980 290 3025; x_wconf 85' lang='lat' dir='ltr'>examen</span> <span class='ocrx_word' id='word_1_273' title='bbox 321 2961 432 3027; x_wconf 88' lang='lat' dir='ltr'>finire:</span> <span class='ocrx_word' id='word_1_274' title='bbox 466 2963 508 3028; x_wconf 90' lang='lat' dir='ltr'>ad</span> <span class='ocrx_word' id='word_1_275' title='bbox 544 2966 672 3028; x_wconf 89' lang='lat' dir='ltr'>tantam</span> <span class='ocrx_word' id='word_1_276' title='bbox 710 2960 808 3026; x_wconf 89' lang='lat' dir='ltr'>animi</span> <span class='ocrx_word' id='word_1_277' title='bbox 842 2959 1061 3027; x_wconf 89' lang='lat' dir='ltr'>carnificinam</span> <span class='ocrx_word' id='word_1_278' title='bbox 1096 2982 1161 3026; x_wconf 92' lang='lat' dir='ltr'>non</span> <span class='ocrx_word' id='word_1_279' title='bbox 1194 2965 1337 3028; x_wconf 89' lang='lat' dir='ltr'>tenetur.</span> <span class='ocrx_word' id='word_1_280' title='bbox 1391 2961 1476 3038; x_wconf 86' lang='lat' dir='ltr'>Qua-</span> 
     </span>
     <span class='ocr_line' id='line_1_31' title="bbox 152 3049 1476 3135; baseline 0.001 -21"><span class='ocrx_word' id='word_1_281' title='bbox 152 3055 287 3134; x_wconf 85' lang='lat' dir='ltr'>propter</span> <span class='ocrx_word' id='word_1_282' title='bbox 320 3055 495 3133; x_wconf 86' lang='lat' dir='ltr'>postquam</span> <span class='ocrx_word' id='word_1_283' title='bbox 525 3051 613 3117; x_wconf 83' lang='lat' dir='ltr'>Cuno</span> <span class='ocrx_word' id='word_1_284' title='bbox 643 3072 702 3135; x_wconf 92' lang='lat' dir='ltr'>per</span> <span class='ocrx_word' id='word_1_285' title='bbox 735 3051 849 3117; x_wconf 89' lang='lat' dir='ltr'>horam</span> <span class='ocrx_word' id='word_1_286' title='bbox 881 3049 1062 3133; x_wconf 90' lang='lat' dir='ltr'>praeterita</span> <span class='ocrx_word' id='word_1_287' title='bbox 1092 3049 1328 3132; x_wconf 88' lang='lat' dir='ltr'>recogitasset,</span> <span class='ocrx_word' id='word_1_288' title='bbox 1361 3050 1476 3116; x_wconf 90' lang='lat' dir='ltr'>melius</span> 
     </span>
     <span class='ocr_line' id='line_1_32' title="bbox 152 3137 1476 3222; baseline 0.001 -19"><span class='ocrx_word' id='word_1_289' title='bbox 152 3139 285 3205; x_wconf 86' lang='lat' dir='ltr'>fecisset</span> <span class='ocrx_word' id='word_1_290' title='bbox 309 3140 541 3217; x_wconf 86' lang='lat' dir='ltr'>confessarius,</span> <span class='ocrx_word' id='word_1_291' title='bbox 572 3141 600 3205; x_wconf 93' lang='lat' dir='ltr'>si</span> <span class='ocrx_word' id='word_1_292' title='bbox 623 3139 934 3222; x_wconf 89' lang='lat' dir='ltr'>interrogationibus</span> <span class='ocrx_word' id='word_1_293' title='bbox 963 3160 1037 3204; x_wconf 91' lang='lat' dir='ltr'>eum</span> <span class='ocrx_word' id='word_1_294' title='bbox 1067 3137 1204 3205; x_wconf 88' lang='lat' dir='ltr'>iuvisset</span> <span class='ocrx_word' id='word_1_295' title='bbox 1232 3138 1476 3222; x_wconf 84' lang='lat' dir='ltr'>integritatem-</span> 
     </span>
     <span class='ocr_line' id='line_1_33' title="bbox 153 3227 1477 3313; baseline 0.002 -20"><span class='ocrx_word' id='word_1_296' title='bbox 153 3249 215 3310; x_wconf 93' lang='lat' dir='ltr'>que</span> <span class='ocrx_word' id='word_1_297' title='bbox 245 3228 417 3294; x_wconf 86' lang='lat' dir='ltr'>formalem</span> <span class='ocrx_word' id='word_1_298' title='bbox 446 3233 673 3313; x_wconf 91' lang='lat' dir='ltr'>procurasset,</span> <span class='ocrx_word' id='word_1_299' title='bbox 704 3229 856 3312; x_wconf 86' lang='lat' dir='ltr'>imposito</span> <span class='ocrx_word' id='word_1_300' title='bbox 886 3233 1063 3312; x_wconf 90' lang='lat' dir='ltr'>praecepto</span> <span class='ocrx_word' id='word_1_301' title='bbox 1094 3233 1146 3306; x_wconf 89' lang='lat' dir='ltr'>ut,</span> <span class='ocrx_word' id='word_1_302' title='bbox 1180 3227 1207 3292; x_wconf 93' lang='lat' dir='ltr'>si</span> <span class='ocrx_word' id='word_1_303' title='bbox 1231 3248 1316 3310; x_wconf 89' lang='lat' dir='ltr'>qnae</span> <span class='ocrx_word' id='word_1_304' title='bbox 1338 3232 1477 3313; x_wconf 88' lang='lat' dir='ltr'>peccata</span> 
     </span>
     <span class='ocr_line' id='line_1_34' title="bbox 153 3316 1476 3401; baseline 0 -19"><span class='ocrx_word' id='word_1_305' title='bbox 153 3318 273 3382; x_wconf 87' lang='lat' dir='ltr'>omissa</span> <span class='ocrx_word' id='word_1_306' title='bbox 311 3322 428 3401; x_wconf 90' lang='lat' dir='ltr'>postea</span> <span class='ocrx_word' id='word_1_307' title='bbox 465 3319 567 3384; x_wconf 91' lang='lat' dir='ltr'>menti</span> <span class='ocrx_word' id='word_1_308' title='bbox 605 3325 832 3397; x_wconf 89' lang='lat' dir='ltr'>occurrerent,</span> <span class='ocrx_word' id='word_1_309' title='bbox 873 3319 906 3383; x_wconf 93' lang='lat' dir='ltr'>in</span> <span class='ocrx_word' id='word_1_310' title='bbox 946 3316 1096 3400; x_wconf 89' lang='lat' dir='ltr'>sequenti</span> <span class='ocrx_word' id='word_1_311' title='bbox 1135 3317 1340 3383; x_wconf 86' lang='lat' dir='ltr'>confessione</span> <span class='ocrx_word' id='word_1_312' title='bbox 1379 3338 1476 3384; x_wconf 91' lang='lat' dir='ltr'>accu-</span> 
     </span>
     <span class='ocr_line' id='line_1_35' title="bbox 151 3410 313 3472; baseline 0.006 -1"><span class='ocrx_word' id='word_1_313' title='bbox 151 3410 313 3472; x_wconf 78' lang='lat' dir='ltr'>narentur.</span> 
     </span>
    </p>
   </div>
   <div class='ocr_carea' id='block_1_4' title="bbox 149 3502 1477 4657">
    <p class='ocr_par' dir='ltr' id='par_1_4' title="bbox 149 3502 1477 4657">
     <span class='ocr_line' id='line_1_36' title="bbox 241 3502 1474 3589; baseline 0 -21"><span class='ocrx_word' id='word_1_314' title='bbox 241 3504 354 3581; x_wconf 90' lang='lat' dir='ltr'>Immo,</span> <span class='ocrx_word' id='word_1_315' title='bbox 379 3504 406 3569; x_wconf 90' lang='lat' dir='ltr'>si</span> <span class='ocrx_word' id='word_1_316' title='bbox 422 3504 601 3589; x_wconf 90' lang='lat' dir='ltr'>periculum</span> <span class='ocrx_word' id='word_1_317' title='bbox 618 3508 747 3569; x_wconf 89' lang='lat' dir='ltr'>eratne</span> <span class='ocrx_word' id='word_1_318' title='bbox 764 3504 862 3581; x_wconf 88' lang='lat' dir='ltr'>Cuno,</span> <span class='ocrx_word' id='word_1_319' title='bbox 887 3503 987 3569; x_wconf 91' lang='lat' dir='ltr'>etiam</span> <span class='ocrx_word' id='word_1_320' title='bbox 1003 3503 1045 3568; x_wconf 88' lang='lat' dir='ltr'>ad</span> <span class='ocrx_word' id='word_1_321' title='bbox 1061 3502 1165 3568; x_wconf 89' lang='lat' dir='ltr'>solam</span> <span class='ocrx_word' id='word_1_322' title='bbox 1182 3504 1296 3569; x_wconf 91' lang='lat' dir='ltr'>horam</span> <span class='ocrx_word' id='word_1_323' title='bbox 1312 3502 1474 3578; x_wconf 89' lang='lat' dir='ltr'>dimissus,</span> 
     </span>
     <span class='ocr_line' id='line_1_37' title="bbox 152 3591 1475 3677; baseline 0 -20"><span class='ocrx_word' id='word_1_324' title='bbox 152 3592 347 3677; x_wconf 89' lang='lat' dir='ltr'>perterritus</span> <span class='ocrx_word' id='word_1_325' title='bbox 375 3615 440 3659; x_wconf 91' lang='lat' dir='ltr'>non</span> <span class='ocrx_word' id='word_1_326' title='bbox 469 3595 609 3672; x_wconf 90' lang='lat' dir='ltr'>rediret,</span> <span class='ocrx_word' id='word_1_327' title='bbox 640 3593 739 3659; x_wconf 90' lang='lat' dir='ltr'>etiam</span> <span class='ocrx_word' id='word_1_328' title='bbox 769 3599 845 3675; x_wconf 90' lang='lat' dir='ltr'>post</span> <span class='ocrx_word' id='word_1_329' title='bbox 877 3614 1016 3658; x_wconf 86' lang='lat' dir='ltr'>examen</span> <span class='ocrx_word' id='word_1_330' title='bbox 1045 3593 1228 3658; x_wconf 90' lang='lat' dir='ltr'>semihorae</span> <span class='ocrx_word' id='word_1_331' title='bbox 1257 3591 1475 3659; x_wconf 89' lang='lat' dir='ltr'>confessarius</span> 
     </span>
     <span class='ocr_line' id='line_1_38' title="bbox 152 3681 1476 3767; baseline -0.001 -19"><span class='ocrx_word' id='word_1_332' title='bbox 152 3687 225 3749; x_wconf 88' lang='lat' dir='ltr'>tuto</span> <span class='ocrx_word' id='word_1_333' title='bbox 250 3681 319 3747; x_wconf 89' lang='lat' dir='ltr'>eius</span> <span class='ocrx_word' id='word_1_334' title='bbox 342 3684 576 3748; x_wconf 88' lang='lat' dir='ltr'>confessionem</span> <span class='ocrx_word' id='word_1_335' title='bbox 602 3682 710 3767; x_wconf 90' lang='lat' dir='ltr'>potuit</span> <span class='ocrx_word' id='word_1_336' title='bbox 733 3682 916 3757; x_wconf 87' lang='lat' dir='ltr'>admittere,</span> <span class='ocrx_word' id='word_1_337' title='bbox 940 3682 1149 3765; x_wconf 90' lang='lat' dir='ltr'>suppleturus</span> <span class='ocrx_word' id='word_1_338' title='bbox 1165 3686 1276 3748; x_wconf 91' lang='lat' dir='ltr'>tamen</span> <span class='ocrx_word' id='word_1_339' title='bbox 1292 3702 1351 3765; x_wconf 89' lang='lat' dir='ltr'>per</span> <span class='ocrx_word' id='word_1_340' title='bbox 1375 3682 1476 3749; x_wconf 90' lang='lat' dir='ltr'>inter·</span> 
     </span>
     <span class='ocr_line' id='line_1_39' title="bbox 153 3770 1476 3856; baseline 0.001 -20"><span class='ocrx_word' id='word_1_341' title='bbox 153 3773 358 3854; x_wconf 81' lang='lat' dir='ltr'>rogationes,</span> <span class='ocrx_word' id='word_1_342' title='bbox 383 3778 420 3839; x_wconf 88' lang='lat' dir='ltr'>ut</span> <span class='ocrx_word' id='word_1_343' title='bbox 442 3777 541 3838; x_wconf 92' lang='lat' dir='ltr'>antea</span> <span class='ocrx_word' id='word_1_344' title='bbox 564 3773 641 3839; x_wconf 84' lang='lat' dir='ltr'>dixi.</span> <span class='ocrx_word' id='word_1_345' title='bbox 689 3772 775 3836; x_wconf 91' lang='lat' dir='ltr'>Nam</span> <span class='ocrx_word' id='word_1_346' title='bbox 799 3771 920 3837; x_wconf 86' lang='lat' dir='ltr'>sufficit</span> <span class='ocrx_word' id='word_1_347' title='bbox 943 3771 972 3834; x_wconf 88' lang='lat' dir='ltr'>si</span> <span class='ocrx_word' id='word_1_348' title='bbox 996 3770 1214 3836; x_wconf 88' lang='lat' dir='ltr'>confessarius</span> <span class='ocrx_word' id='word_1_349' title='bbox 1237 3790 1379 3836; x_wconf 85' lang='lat' dir='ltr'>examen</span> <span class='ocrx_word' id='word_1_350' title='bbox 1402 3793 1476 3856; x_wconf 93' lang='lat' dir='ltr'>sup·</span> 
     </span>
     <span class='ocr_line' id='line_1_40' title="bbox 152 3859 1476 3946; baseline 0 -21"><span class='ocrx_word' id='word_1_351' title='bbox 152 3861 242 3945; x_wconf 89' lang='lat' dir='ltr'>plere</span> <span class='ocrx_word' id='word_1_352' title='bbox 265 3866 376 3944; x_wconf 91' lang='lat' dir='ltr'>potest</span> <span class='ocrx_word' id='word_1_353' title='bbox 406 3868 440 3928; x_wconf 92' lang='lat' dir='ltr'>et</span> <span class='ocrx_word' id='word_1_354' title='bbox 469 3862 600 3946; x_wconf 89' lang='lat' dir='ltr'>supplet</span> <span class='ocrx_word' id='word_1_355' title='bbox 628 3862 804 3927; x_wconf 89' lang='lat' dir='ltr'>secundum</span> <span class='ocrx_word' id='word_1_356' title='bbox 836 3881 906 3924; x_wconf 89' lang='lat' dir='ltr'>eam</span> <span class='ocrx_word' id='word_1_357' title='bbox 938 3859 1170 3942; x_wconf 89' lang='lat' dir='ltr'>obligationem</span> <span class='ocrx_word' id='word_1_358' title='bbox 1201 3880 1299 3942; x_wconf 89' lang='lat' dir='ltr'>quam</span> <span class='ocrx_word' id='word_1_359' title='bbox 1330 3861 1476 3926; x_wconf 89' lang='lat' dir='ltr'>condicio</span> 
     </span>
     <span class='ocr_line' id='line_1_41' title="bbox 152 3948 1477 4034; baseline 0.001 -19"><span class='ocrx_word' id='word_1_360' title='bbox 152 3950 351 4034; x_wconf 88' lang='lat' dir='ltr'>paenitentis</span> <span class='ocrx_word' id='word_1_361' title='bbox 389 3950 535 4034; x_wconf 90' lang='lat' dir='ltr'>imponit.</span> <span class='ocrx_word' id='word_1_362' title='bbox 594 3952 714 4016; x_wconf 91' lang='lat' dir='ltr'>Verum</span> <span class='ocrx_word' id='word_1_363' title='bbox 749 3949 890 4015; x_wconf 80' lang='lat' dir='ltr'>Curionis</span> <span class='ocrx_word' id='word_1_364' title='bbox 929 3948 1092 4026; x_wconf 89' lang='lat' dir='ltr'>condicio,</span> <span class='ocrx_word' id='word_1_365' title='bbox 1132 3970 1174 4014; x_wconf 85' lang='lat' dir='ltr'>ex</span> <span class='ocrx_word' id='word_1_366' title='bbox 1208 3949 1400 4033; x_wconf 88' lang='lat' dir='ltr'>supposito,</span> <span class='ocrx_word' id='word_1_367' title='bbox 1440 3971 1477 4016; x_wconf 89' lang='lat' dir='ltr'>ea</span> 
     </span>
     <span class='ocr_line' id='line_1_42' title="bbox 153 4037 1475 4124; baseline 0 -20"><span class='ocrx_word' id='word_1_368' title='bbox 153 4045 225 4106; x_wconf 91' lang='lat' dir='ltr'>erat</span> <span class='ocrx_word' id='word_1_369' title='bbox 260 4045 297 4106; x_wconf 90' lang='lat' dir='ltr'>ut</span> <span class='ocrx_word' id='word_1_370' title='bbox 331 4041 401 4124; x_wconf 90' lang='lat' dir='ltr'>ipse</span> <span class='ocrx_word' id='word_1_371' title='bbox 433 4062 497 4106; x_wconf 90' lang='lat' dir='ltr'>non</span> <span class='ocrx_word' id='word_1_372' title='bbox 529 4044 698 4107; x_wconf 91' lang='lat' dir='ltr'>teneretur</span> <span class='ocrx_word' id='word_1_373' title='bbox 730 4039 771 4105; x_wconf 91' lang='lat' dir='ltr'>ad</span> <span class='ocrx_word' id='word_1_374' title='bbox 805 4038 1036 4103; x_wconf 86' lang='lat' dir='ltr'>discussionem</span> <span class='ocrx_word' id='word_1_375' title='bbox 1069 4037 1120 4103; x_wconf 90' lang='lat' dir='ltr'>sui</span> <span class='ocrx_word' id='word_1_376' title='bbox 1151 4058 1210 4120; x_wconf 91' lang='lat' dir='ltr'>per</span> <span class='ocrx_word' id='word_1_377' title='bbox 1241 4042 1348 4105; x_wconf 90' lang='lat' dir='ltr'>totam</span> <span class='ocrx_word' id='word_1_378' title='bbox 1382 4060 1415 4107; x_wconf 82' lang='lat' dir='ltr'>v,</span> <span class='ocrx_word' id='word_1_379' title='bbox 1445 4060 1475 4122; x_wconf 88' lang='lat' dir='ltr'>g.</span> 
     </span>
     <span class='ocr_line' id='line_1_43' title="bbox 153 4126 1476 4211; baseline 0.002 -19"><span class='ocrx_word' id='word_1_380' title='bbox 153 4128 237 4193; x_wconf 92' lang='lat' dir='ltr'>diem</span> <span class='ocrx_word' id='word_1_381' title='bbox 272 4130 524 4207; x_wconf 89' lang='lat' dir='ltr'>instituendam,</span> <span class='ocrx_word' id='word_1_382' title='bbox 564 4151 669 4211; x_wconf 91' lang='lat' dir='ltr'>neque</span> <span class='ocrx_word' id='word_1_383' title='bbox 706 4134 817 4194; x_wconf 90' lang='lat' dir='ltr'>tamen</span> <span class='ocrx_word' id='word_1_384' title='bbox 855 4132 930 4211; x_wconf 85' lang='lat' dir='ltr'>post</span> <span class='ocrx_word' id='word_1_385' title='bbox 968 4132 1037 4193; x_wconf 91' lang='lat' dir='ltr'>tam</span> <span class='ocrx_word' id='word_1_386' title='bbox 1074 4126 1205 4208; x_wconf 88' lang='lat' dir='ltr'>longam</span> <span class='ocrx_word' id='word_1_387' title='bbox 1243 4127 1476 4194; x_wconf 89' lang='lat' dir='ltr'>discussionem</span> 
     </span>
     <span class='ocr_line' id='line_1_44' title="bbox 152 4215 1477 4303; baseline 0.002 -21"><span class='ocrx_word' id='word_1_388' title='bbox 152 4239 254 4283; x_wconf 84' lang='lat' dir='ltr'>exse</span> <span class='ocrx_word' id='word_1_389' title='bbox 278 4225 389 4303; x_wconf 90' lang='lat' dir='ltr'>posset</span> <span class='ocrx_word' id='word_1_390' title='bbox 419 4225 486 4285; x_wconf 90' lang='lat' dir='ltr'>tam</span> <span class='ocrx_word' id='word_1_391' title='bbox 512 4223 700 4284; x_wconf 89' lang='lat' dir='ltr'>accuratam</span> <span class='ocrx_word' id='word_1_392' title='bbox 724 4221 933 4300; x_wconf 89' lang='lat' dir='ltr'>peccatorum</span> <span class='ocrx_word' id='word_1_393' title='bbox 957 4215 1198 4281; x_wconf 89' lang='lat' dir='ltr'>enarrationem</span> <span class='ocrx_word' id='word_1_394' title='bbox 1218 4215 1346 4296; x_wconf 88' lang='lat' dir='ltr'>facere,</span> <span class='ocrx_word' id='word_1_395' title='bbox 1381 4239 1477 4300; x_wconf 87' lang='lat' dir='ltr'>quarn</span> 
     </span>
     <span class='ocr_line' id='line_1_45' title="bbox 153 4305 1477 4386; baseline 0.001 -16"><span class='ocrx_word' id='word_1_396' title='bbox 153 4307 179 4370; x_wconf 94' lang='lat' dir='ltr'>si</span> <span class='ocrx_word' id='word_1_397' title='bbox 211 4329 296 4372; x_wconf 85' lang='lat' dir='ltr'>nunc</span> <span class='ocrx_word' id='word_1_398' title='bbox 327 4329 347 4372; x_wconf 90' lang='lat' dir='ltr'>a</span> <span class='ocrx_word' id='word_1_399' title='bbox 379 4308 577 4373; x_wconf 88' lang='lat' dir='ltr'>confessario</span> <span class='ocrx_word' id='word_1_400' title='bbox 613 4308 792 4372; x_wconf 82' lang='lat' dir='ltr'>iuvaretur.</span> <span class='ocrx_word' id='word_1_401' title='bbox 838 4306 916 4370; x_wconf 85' lang='lat' dir='ltr'>Cum</span> <span class='ocrx_word' id='word_1_402' title='bbox 951 4326 1028 4386; x_wconf 89' lang='lat' dir='ltr'>ergo</span> <span class='ocrx_word' id='word_1_403' title='bbox 1064 4305 1283 4371; x_wconf 88' lang='lat' dir='ltr'>confessarius</span> <span class='ocrx_word' id='word_1_404' title='bbox 1315 4306 1364 4372; x_wconf 87' lang='lat' dir='ltr'>ita</span> <span class='ocrx_word' id='word_1_405' title='bbox 1397 4306 1477 4371; x_wconf 89' lang='lat' dir='ltr'>iudi·</span> 
     </span>
     <span class='ocr_line' id='line_1_46' title="bbox 153 4394 1475 4478; baseline 0 -18"><span class='ocrx_word' id='word_1_406' title='bbox 153 4417 228 4460; x_wconf 88' lang='lat' dir='ltr'>care</span> <span class='ocrx_word' id='word_1_407' title='bbox 259 4401 385 4478; x_wconf 88' lang='lat' dir='ltr'>posset,</span> <span class='ocrx_word' id='word_1_408' title='bbox 418 4419 481 4462; x_wconf 89' lang='lat' dir='ltr'>non</span> <span class='ocrx_word' id='word_1_409' title='bbox 513 4402 584 4463; x_wconf 92' lang='lat' dir='ltr'>erat</span> <span class='ocrx_word' id='word_1_410' title='bbox 615 4418 673 4461; x_wconf 90' lang='lat' dir='ltr'>cur</span> <span class='ocrx_word' id='word_1_411' title='bbox 700 4417 764 4460; x_wconf 91' lang='lat' dir='ltr'>non</span> <span class='ocrx_word' id='word_1_412' title='bbox 796 4394 866 4477; x_wconf 89' lang='lat' dir='ltr'>ipse</span> <span class='ocrx_word' id='word_1_413' title='bbox 896 4394 1008 4459; x_wconf 89' lang='lat' dir='ltr'>statim</span> <span class='ocrx_word' id='word_1_414' title='bbox 1039 4394 1216 4477; x_wconf 88' lang='lat' dir='ltr'>suppleret.</span> <span class='ocrx_word' id='word_1_415' title='bbox 1264 4394 1312 4460; x_wconf 79' lang='lat' dir='ltr'>ef.</span> <span class='ocrx_word' id='word_1_416' title='bbox 1350 4397 1406 4462; x_wconf 79' lang='lat' dir='ltr'>Tb.</span> <span class='ocrx_word' id='word_1_417' title='bbox 1437 4419 1475 4460; x_wconf 58' lang='lat' dir='ltr'>ur„</span> 
     </span>
     <span class='ocr_line' id='line_1_47' title="bbox 153 4484 1476 4565; baseline 0 -17"><span class='ocrx_word' id='word_1_418' title='bbox 153 4485 202 4562; x_wconf 88' lang='lat' dir='ltr'>ll,</span> <span class='ocrx_word' id='word_1_419' title='bbox 243 4489 326 4560; x_wconf 76' lang='lat'><strong>343;</strong></span> <span class='ocrx_word' id='word_1_420' title='bbox 366 4487 533 4551; x_wconf 86' lang='lat' dir='ltr'>Reuter</span> <span class='ocrx_word' id='word_1_421' title='bbox 570 4485 591 4552; x_wconf 89' lang='lat' dir='ltr'>l.</span> <span class='ocrx_word' id='word_1_422' title='bbox 632 4507 658 4552; x_wconf 92' lang='lat' dir='ltr'>c.</span> <span class='ocrx_word' id='word_1_423' title='bbox 698 4507 728 4551; x_wconf 92' lang='lat' dir='ltr'>n.</span> <span class='ocrx_word' id='word_1_424' title='bbox 770 4488 853 4559; x_wconf 72' lang='lat'>3113</span> <span class='ocrx_word' id='word_1_425' title='bbox 894 4484 1074 4565; x_wconf 90' lang='lat' dir='ltr'>Sporer,</span> <span class='ocrx_word' id='word_1_426' title='bbox 1119 4485 1221 4549; x_wconf 79' lang='lat' dir='ltr'>Theol.</span> <span class='ocrx_word' id='word_1_427' title='bbox 1261 4507 1400 4552; x_wconf 84' lang='lat' dir='ltr'>sacram.</span> <span class='ocrx_word' id='word_1_428' title='bbox 1440 4488 1476 4549; x_wconf 82' lang='lat' dir='ltr'>de</span> 
     </span>
     <span class='ocr_line' id='line_1_48' title="bbox 149 4577 424 4657; baseline 0.015 -19"><span class='ocrx_word' id='word_1_429' title='bbox 149 4577 269 4657; x_wconf 69' lang='lat' dir='ltr'>peccarit.</span> <span class='ocrx_word' id='word_1_430' title='bbox 294 4597 324 4640; x_wconf 89' lang='lat' dir='ltr'>n.</span> <span class='ocrx_word' id='word_1_431' title='bbox 350 4577 424 4642; x_wconf 78' lang='lat'><strong>365.</strong></span> 
     </span>
    </p>
   </div>
   <div class='ocr_carea' id='block_1_5' title="bbox 0 0 1526 5174">
    <p class='ocr_par' dir='ltr' id='par_1_5' title="bbox 0 0 1526 5174">
     <span class='ocr_line' id='line_1_49' title="bbox 0 0 1526 5174; baseline 0 0"><span class='ocrx_word' id='word_1_432' title='bbox 0 0 1526 5174; x_wconf 95' lang='lat' dir='ltr'> </span> 
     </span>
    </p>
   </div>
  </div>
 </body>
</html>
