3044 5174
373 271 501 327 Minister
518 271 618 342 paenit.
639 301 670 308 -
690 270 790 341 agendi
807 273 878 327 ratio
896 289 957 327 cum
975 271 1095 328 rudibus.
1330 276 1396 341 337

66 469 219 515 mancam
242 448 426 516 institutori
449 449 515 515 sint
538 448 786 517 confessionem.
832 449 1052 516 Nihilominus
1082 450 1191 535 pueri,
1223 455 1339 535 utpote
1362 451 1396 517 in

67 539 153 604 bona
173 538 242 604 fids
255 543 441 617 versantes,
465 538 493 603 si
510 539 654 604 dolorem
670 543 761 605 recte
778 542 1006 623 conceperant,
1028 543 1135 606 valide
1150 544 1227 607 sunt
1242 541 1395 610 absoluti.

155 644 198 712 R.
221 646 253 711 4.
299 645 438 710 Domum
467 645 553 709 male
583 644 653 727 egit
681 644 715 710 in
745 665 858 710 omnes
887 644 984 711 simul
1013 645 1227 712 absolutionis
1254 646 1396 713 formam

64 733 328 818 pronuntiando;
359 733 468 799 valide
490 737 602 799 tamen
625 733 786 811 absolvit,
817 737 854 800 ut
877 755 955 800 mox
978 735 1019 800 ad
1049 735 1083 820 3)
1107 735 1228 801 dictum
1253 740 1313 802 est.
1361 736 1396 802 Si

65 824 152 888 enim
177 822 327 890 visitatio
349 821 467 887 infirmi
484 843 609 888 moram
625 844 690 888 non
706 822 904 906 patiebatur,
928 824 1131 907 relinquendi
1154 824 1284 907 quidem
1300 829 1397 891 erant

66 911 159 996 pueri
176 916 213 980 et
235 911 364 996 puellae
387 913 529 977 nondum
549 911 699 990 confessi,
724 912 783 977 sed
805 911 973 978 differendi
990 917 1087 979 erant
1102 913 1144 978 ad
1160 913 1249 979 aliud
1265 918 1396 998 tempus

10 1076 12 1083 ,
64 1023 128 1084 quo
152 1001 276 1084 singuli
300 1001 342 1066 ad
366 1000 603 1067 confessionem
626 1000 783 1066 accedere
805 1006 941 1086 possent
964 1006 999 1068 et
1021 1002 1158 1071 absolvi.

10 1164 13 1249 l
463 1209 788 1277 conunssnmus
812 1210 998 1278 nuuruu.

630 1376 740 1443 casus.
759 1385 835 1453 (170)

154 1512 359 1572 Philostratus
380 1514 564 1575 nanciscitur
593 1517 622 1585 1)
638 1519 830 1594 poenitentem
851 1519 969 1587 rudem,
998 1516 1047 1592 qui
1074 1518 1112 1576 ab
1139 1536 1218 1576 anno
1246 1536 1305 1576 non
1327 1536 1394 1577 con·

56 1592 165 1655 iesous
187 1592 263 1652 nihil
284 1594 371 1653 affert
391 1594 451 1653 nisi
478 1595 635 1671 aliquoties
656 1615 688 1654 se
709 1596 810 1673 pecori
838 1603 868 1655 et
889 1616 963 1672 equo
983 1596 1189 1668 maledixisse;
1219 1598 1250 1668 2)
1271 1599 1394 1657 ectulom

62 1674 237 1734 confessam
257 1679 328 1733 anto
349 1679 489 1749 quattuor
506 1694 632 1746 menses,
654 1695 739 1752 quae,
762 1676 861 1748 nteit,
883 1676 955 1735 nihil
971 1677 1126 1748 commisit,
1148 1677 1312 1754 proximum
1334 1697 1394 1736 non

60 1754 208 1826 offendit,
236 1755 360 1813 multum
381 1755 494 1826 oravit,
523 1772 583 1814 nou
604 1761 650 1815 est
671 1756 812 1827 mentita,
841 1757 878 1816 do
905 1758 1002 1834 priore
1022 1758 1087 1816 vita
1113 1757 1299 1832 interrogata
1319 1758 1394 1817 nihil

61 1854 104 1895 ex
123 1853 163 1894 ea
184 1834 309 1893 extundi
329 1839 444 1911 potest,
472 1834 530 1894 nisi
560 1855 593 1895 se
619 1836 718 1895 omnia
739 1856 855 1912 semper
876 1856 942 1896 esse
970 1838 1154 1910 confessam,
1183 1858 1215 1896 sa
1237 1843 1393 1914 peccatum

62 1935 123 1975 non
146 1915 268 1985 habero,
290 1915 366 1991 petit
386 1935 465 1974 nunc
486 1916 700 1993 paenitentiam
722 1922 753 1975 et
773 1917 998 1976 absolutionem.

56 2029 246 2102 ¹lirrarsrrmun
268 2030 298 2089 1ο
319 2030 388 2107 quid
409 2031 572 2106 generatim
593 2031 624 2090 in
646 2031 882 2091 confessionibus
903 2032 1018 2092 rudium
1040 2032 1265 2093 observandum.

269 2129 299 2186 2⁰
319 2127 389 2204 quid
414 2128 568 2205 speciatim
589 2128 625 2187 de
646 2128 882 2206 paenitentibus,
912 2129 995 2188 utin
1017 2148 1106 2201 casu,
1135 2129 1176 2188 sit
1195 2129 1392 2191 iudicandum.

663 2311 798 2379 Salutio.

154 2451 209 2518 Au
225 2457 417 2530 Qunusinuu
435 2455 472 2516 1²¹
488 2453 527 2520 R.
548 2455 575 2522 1.
607 2452 727 2530 Rudas,
752 2453 838 2518 male
854 2452 1015 2530 instructi,
1036 2474 1109 2518 cum
1126 2452 1223 2519 facile
1240 2453 1392 2521 deficiant
1401 2467 1454 2523 593

60 2548 136 2609 tum
151 2542 187 2607 in
202 2541 411 2608 accusatione
426 2545 496 2607 tum
512 2541 545 2606 in
562 2541 683 2618 dolore,
699 2542 733 2607 in
749 2547 888 2624 utroque
902 2541 1036 2607 iuvandi
1052 2547 1165 2609 sunta
1181 2542 1391 2623 confessario,

59 2632 122 2697 sed
147 2631 326 2697 secundum
350 2651 462 2696 eorum
486 2635 628 2715 captum.
675 2631 712 2695 In
736 2631 886 2698 examine
909 2631 1010 2712 igitur
1033 2631 1188 2698 vitandae
1216 2636 1293 2698 sunt
1316 2633 1392 2698 sub-

61 2720 207 2787 tilitates
237 2719 459 2803 theologicae,
494 2720 552 2785 sed
581 2720 793 2805 proponenda
823 2741 863 2785 es
896 2725 1026 2786 tantum
1057 2742 1141 2803 quae
1171 2721 1393 2788 verisimiliter

63 2812 222 2894 poterant
252 2808 415 2888 accidere,
447 2830 489 2873 ex
518 2808 631 2873 ordine
655 2810 874 2893 percurrendo
898 2809 1099 2892 decalogum.
1146 2809 1184 2874 ln
1215 2811 1391 2877 excitando

60 2899 179 2965 dolore
203 2902 237 2964 et
259 2898 426 2983 proposito
450 2897 575 2964 motiva
598 2897 755 2965 sumenda
779 2902 857 2964 sunt
879 2897 1037 2982 imprimis
1054 2919 1097 2963 ex
1112 2898 1152 2963 iis
1168 2920 1253 2980 quae
1276 2921 1392 2965 sensus

61 2991 225 3070 tangunt,
249 3009 280 3054 v.
305 3009 336 3070 g.
361 3008 485 3071 poenae
509 3008 662 3052 sensuum
686 2987 719 3051 in
742 2987 893 3069 gehenna
916 2987 969 3053 vel
992 2987 1199 3071 purgatorio,
1231 2992 1267 3053 at
1291 2988 1390 3055 etiam

59 3098 154 3144 mors
179 3080 214 3142 st
237 3077 402 3142 cruciatus
424 3074 544 3141 Christi
567 3076 696 3140 Domini
720 3098 779 3160 pro
802 3076 947 3160 peccatis
971 3076 1092 3142 nostris
1114 3076 1214 3161 passi.
1341 3129 1355 3170 4

154 3183 194 3251 R.
212 3186 242 3249 2.
274 3183 309 3250 Si
324 3184 443 3249 bonam
466 3182 643 3249 ostendant
665 3183 879 3260 voluntatem,
904 3203 968 3247 non
992 3182 1089 3249 facile
1105 3182 1291 3249 dimittendi
1314 3188 1391 3250 sunt

58 3273 106 3339 ad
131 3272 317 3338 iaciendum
341 3293 479 3337 examen
503 3271 669 3349 exactius,
701 3272 830 3337 etiamsi
860 3271 1062 3354 diligentiam
1086 3272 1301 3339 sufficientem
1326 3294 1390 3339 non

59 3361 282 3428 adhibuerint.
314 3361 399 3426 Nam
424 3360 643 3426 confessarius
667 3361 736 3444 ipse
752 3360 844 3426 brevi
859 3365 1007 3444 tempore
1029 3361 1103 3444 plus
1118 3361 1267 3444 proficiet
1288 3362 1390 3429 inter·

60 3451 212 3533 rogando
243 3471 340 3532 quam
370 3450 432 3533 ipsi
463 3470 535 3514 sese
566 3450 799 3528 examinando;
830 3455 1025 3515 moneantur
1048 3450 1272 3528 nihilominus,
1298 3451 1391 3518 utin

61 3544 232 3625 posterum
262 3539 450 3621 diligentius
481 3538 711 3604 conscientiam
742 3561 801 3622 pro
830 3560 926 3623 posse
956 3539 1142 3618 excutiant,
1174 3545 1209 3606 et
1238 3544 1276 3606 ut
1305 3562 1391 3606 nunc

59 3629 166 3696 etiam
189 3630 230 3693 de
253 3629 473 3710 neglegentia,
498 3628 559 3694 hac
582 3628 615 3693 in
638 3649 674 3693 re
699 3629 882 3705 commissa,
908 3629 1051 3695 doleant.

154 3735 193 3800 R.
219 3738 249 3801 3.
297 3734 483 3817 Siquando
513 3735 595 3800 adeo
626 3735 716 3800 rudis
746 3735 864 3818 aliquis
894 3735 1094 3818 reperiatur,
1125 3738 1162 3800 ut
1185 3735 1390 3801 necessarias

61 3824 226 3891 veritates
248 3845 311 3889 non
335 3828 465 3901 teneat,
496 3828 574 3890 ante
598 3824 835 3892 absolutionem
859 3825 988 3890 omnino
1019 3823 1136 3890 instrui
1166 3823 1264 3891 debet
1287 3824 1327 3889 de
1350 3825 1390 3890 iis

59 3935 150 3996 quae
174 3918 260 3990 sunt,
285 3913 385 3979 etiam
408 3912 621 3996 probabiliter
636 3918 775 3990 tantum,
800 3914 998 3980 necessitate
1014 3913 1112 3978 medii
1135 3912 1260 3979 creditu
1276 3934 1390 3979 neces·

57 4003 163 4068 saria.
187 4041 233 4051 -
255 4002 377 4080 Quodsi
399 4023 457 4067 eas
480 4002 636 4067 memoria
659 4008 772 4068 tenere
789 4008 943 4068 accurate
967 4024 1032 4067 non
1057 4002 1170 4085 possit,
1195 4003 1313 4066 saltem
1337 4003 1389 4067 hio

61 4096 99 4160 et
122 4112 209 4157 nunc
231 4112 287 4168 ea,
312 4095 469 4174 qnantum
493 4092 575 4157 satis
598 4092 658 4167 sit,
690 4113 808 4175 capere
831 4097 881 4169 et,
905 4097 1084 4175 praeeunte
1108 4090 1324 4166 confessario,
1349 4091 1389 4157 iis

56 4181 138 4246 fidei
164 4201 333 4246 assensum
356 4185 527 4265 praestare
551 4180 658 4248 debet.
698 4181 788 4259 Quod
813 4185 987 4264 postquam
1010 4182 1135 4247 factum
1160 4179 1267 4256 fuerit,
1292 4180 1389 4245 homo

61 4270 130 4348 ille,
155 4269 183 4335 si
207 4270 261 4335 diu
285 4291 349 4335 non
374 4273 425 4335 est
448 4270 626 4348 confessus,
652 4275 762 4353 potest
787 4271 922 4345 absolvi,
947 4270 1055 4335 elicito
1079 4273 1190 4333 tamen
1214 4269 1325 4333 dolore
1349 4270 1389 4335 de

59 4359 254 4444 ignorantia
276 4358 444 4441 religionis
467 4359 633 4441 hucusque
657 4381 721 4424 non
739 4360 884 4443 depulsa,
910 4364 944 4424 et
960 4360 1038 4425 data
1055 4359 1096 4422 ab
1113 4378 1151 4421 eo
1174 4357 1389 4440 promissione

58 4471 99 4516 se
123 4449 210 4515 velle
233 4449 413 4533 pleniorem
436 4469 544 4512 rerum
568 4447 819 4514 christianarum
842 4447 1089 4514 instructionem
1105 4446 1165 4510 sibi
1186 4467 1387 4530 comparare.

154 4538 199 4606 Et
221 4537 302 4604 haec
325 4538 472 4620 quidem,
503 4536 530 4601 si
554 4537 684 4602 inscitia
708 4543 741 4602 et
764 4538 883 4602 mentis
913 4536 1075 4603 hebetudo
1100 4534 1203 4599 oritur
1226 4557 1268 4600 ex
1292 4540 1389 4601 natu·

58 4627 126 4696 rali
148 4628 288 4694 hominis
312 4626 535 4710 complexione
550 4627 603 4691 vel
627 4626 727 4692 senio.
760 4626 880 4702 Quodsi
903 4627 1028 4692 oriatur
1051 4645 1093 4689 ex
1109 4623 1295 4692 inveterata
1312 4647 1392 4711 pec·

114 4739 375 4788 hotmannessun
390 4736 549 4779 conscientias.
568 4738 597 4782 11.
1147 4727 1181 4782 22
