<?xml version="1.0" encoding="UTF-8"?>
<!DOCTYPE html PUBLIC "-//W3C//DTD XHTML 1.0 Transitional//EN"
    "http://www.w3.org/TR/xhtml1/DTD/xhtml1-transitional.dtd">
<html xmlns="http://www.w3.org/1999/xhtml" xml:lang="en" lang="en">
 <head>
  <title>
</title>
<meta http-equiv="Content-Type" content="text/html;charset=utf-8" />
  <meta name='ocr-system' content='tesseract 3.04.00' />
  <meta name='ocr-capabilities' content='ocr_page ocr_carea ocr_par ocr_line ocrx_word'/>
</head>
<body>
  <div class='ocr_page' id='page_1' title='image "./casusconscienti00lehmgoog_0347.png"; bbox 0 0 3044 5174; ppageno 0'>
   <div class='ocr_carea' id='block_1_1' title="bbox 306 282 1411 353">
    <p class='ocr_par' dir='ltr' id='par_1_1' title="bbox 306 282 1411 353">
     <span class='ocr_line' id='line_1_1' title="bbox 306 282 1411 353; baseline 0.005 -17"><span class='ocrx_word' id='word_1_1' title='bbox 306 283 430 337; x_wconf 79' lang='lat' dir='ltr'>Minister</span> <span class='ocrx_word' id='word_1_2' title='bbox 448 283 550 353; x_wconf 89' lang='lat' dir='ltr'><strong>paenit.</strong></span> <span class='ocrx_word' id='word_1_3' title='bbox 569 311 604 320; x_wconf 92' lang='lat'><em>-</em></span> <span class='ocrx_word' id='word_1_4' title='bbox 623 282 744 349; x_wconf 87' lang='lat' dir='ltr'><strong>sigillum</strong></span> <span class='ocrx_word' id='word_1_5' title='bbox 763 286 925 337; x_wconf 74' lang='lat' dir='ltr'><strong>sacrament.</strong></span> <span class='ocrx_word' id='word_1_6' title='bbox 945 313 979 320; x_wconf 92' lang='lat'>—</span> <span class='ocrx_word' id='word_1_7' title='bbox 999 282 1058 336; x_wconf 90' lang='lat' dir='ltr'><strong>eius</strong></span> <span class='ocrx_word' id='word_1_8' title='bbox 1076 283 1196 338; x_wconf 86' lang='lat' dir='ltr'><strong>violatio.</strong></span> <span class='ocrx_word' id='word_1_9' title='bbox 1347 288 1411 352; x_wconf 81' lang='lat'><strong>329</strong></span> 
     </span>
    </p>
   </div>
   <div class='ocr_carea' id='block_1_2' title="bbox 78 458 1413 1256">
    <p class='ocr_par' dir='ltr' id='par_1_2' title="bbox 78 458 1413 1256">
     <span class='ocr_line' id='line_1_2' title="bbox 173 458 1413 543; baseline 0 -19"><span class='ocrx_word' id='word_1_10' title='bbox 173 460 211 525; x_wconf 89' lang='lat' dir='ltr'><strong>R.</strong></span> <span class='ocrx_word' id='word_1_11' title='bbox 238 462 268 526; x_wconf 87' lang='lat'><strong>2.</strong></span> <span class='ocrx_word' id='word_1_12' title='bbox 300 460 420 527; x_wconf 90' lang='lat' dir='ltr'><strong>Petrus</strong></span> <span class='ocrx_word' id='word_1_13' title='bbox 442 481 478 525; x_wconf 90' lang='lat' dir='ltr'><strong>re</strong></span> <span class='ocrx_word' id='word_1_14' title='bbox 494 459 567 543; x_wconf 90' lang='lat' dir='ltr'><strong>ipsa</strong></span> <span class='ocrx_word' id='word_1_15' title='bbox 582 459 867 526; x_wconf 75' lang='lat' dir='ltr'><strong>sacramentaliter</strong></span> <span class='ocrx_word' id='word_1_16' title='bbox 882 458 1013 525; x_wconf 89' lang='lat' dir='ltr'><strong>videtur</strong></span> <span class='ocrx_word' id='word_1_17' title='bbox 1036 458 1204 524; x_wconf 82' lang='lat' dir='ltr'><strong>confessus</strong></span> <span class='ocrx_word' id='word_1_18' title='bbox 1228 480 1311 536; x_wconf 87' lang='lat' dir='ltr'><strong>esse,</strong></span> <span class='ocrx_word' id='word_1_19' title='bbox 1335 460 1413 542; x_wconf 90' lang='lat' dir='ltr'><strong>quia</strong></span> 
     </span>
     <span class='ocr_line' id='line_1_3' title="bbox 79 548 1412 633; baseline -0.001 -19"><span class='ocrx_word' id='word_1_20' title='bbox 79 550 160 614; x_wconf 87' lang='lat' dir='ltr'><strong>ficte</strong></span> <span class='ocrx_word' id='word_1_21' title='bbox 185 570 248 614; x_wconf 94' lang='lat' dir='ltr'><strong>non</strong></span> <span class='ocrx_word' id='word_1_22' title='bbox 275 549 352 630; x_wconf 89' lang='lat' dir='ltr'><strong>egit.</strong></span> <span class='ocrx_word' id='word_1_23' title='bbox 399 548 606 633; x_wconf 84' lang='lat' dir='ltr'><strong>Quapropter</strong></span> <span class='ocrx_word' id='word_1_24' title='bbox 628 571 701 614; x_wconf 88' lang='lat' dir='ltr'><strong>curn</strong></span> <span class='ocrx_word' id='word_1_25' title='bbox 725 548 757 613; x_wconf 93' lang='lat' dir='ltr'><strong>in</strong></span> <span class='ocrx_word' id='word_1_26' title='bbox 788 549 877 614; x_wconf 87' lang='lat' dir='ltr'><strong>hisce</strong></span> <span class='ocrx_word' id='word_1_27' title='bbox 901 548 1156 614; x_wconf 81' lang='lat' dir='ltr'><strong>circumstantiis</strong></span> <span class='ocrx_word' id='word_1_28' title='bbox 1179 549 1301 613; x_wconf 87' lang='lat' dir='ltr'><strong>scheda</strong></span> <span class='ocrx_word' id='word_1_29' title='bbox 1324 570 1412 614; x_wconf 88' lang='lat' dir='ltr'><strong>corn-</strong></span> 
     </span>
     <span class='ocr_line' id='line_1_4' title="bbox 78 637 1412 721; baseline 0.001 -19"><span class='ocrx_word' id='word_1_30' title='bbox 78 638 227 704; x_wconf 90' lang='lat' dir='ltr'><strong>muniter</strong></span> <span class='ocrx_word' id='word_1_31' title='bbox 250 639 363 716; x_wconf 88' lang='lat' dir='ltr'><strong>detur,</strong></span> <span class='ocrx_word' id='word_1_32' title='bbox 388 659 452 702; x_wconf 94' lang='lat' dir='ltr'><strong>non</strong></span> <span class='ocrx_word' id='word_1_33' title='bbox 475 642 555 721; x_wconf 91' lang='lat' dir='ltr'><strong>puto</strong></span> <span class='ocrx_word' id='word_1_34' title='bbox 579 659 652 704; x_wconf 92' lang='lat' dir='ltr'><strong>eam</strong></span> <span class='ocrx_word' id='word_1_35' title='bbox 676 659 749 703; x_wconf 88' lang='lat' dir='ltr'><strong>esse</strong></span> <span class='ocrx_word' id='word_1_36' title='bbox 772 637 1007 720; x_wconf 84' lang='lat' dir='ltr'><strong>denegandam,</strong></span> <span class='ocrx_word' id='word_1_37' title='bbox 1031 638 1155 704; x_wconf 92' lang='lat' dir='ltr'><strong>monito</strong></span> <span class='ocrx_word' id='word_1_38' title='bbox 1178 642 1289 703; x_wconf 92' lang='lat' dir='ltr'><strong>tamen</strong></span> <span class='ocrx_word' id='word_1_39' title='bbox 1314 639 1412 704; x_wconf 90' lang='lat' dir='ltr'><strong>Petro</strong></span> 
     </span>
     <span class='ocr_line' id='line_1_5' title="bbox 79 727 1413 808; baseline 0.001 -17"><span class='ocrx_word' id='word_1_40' title='bbox 79 748 123 792; x_wconf 90' lang='lat' dir='ltr'><strong>ne</strong></span> <span class='ocrx_word' id='word_1_41' title='bbox 148 728 191 793; x_wconf 91' lang='lat' dir='ltr'><strong>ad</strong></span> <span class='ocrx_word' id='word_1_42' title='bbox 214 749 239 794; x_wconf 89' lang='lat' dir='ltr'><strong>s.</strong></span> <span class='ocrx_word' id='word_1_43' title='bbox 265 727 521 792; x_wconf 86' lang='lat' dir='ltr'><strong>communionem</strong></span> <span class='ocrx_word' id='word_1_44' title='bbox 547 727 692 793; x_wconf 88' lang='lat' dir='ltr'><strong>accedat.</strong></span> <span class='ocrx_word' id='word_1_45' title='bbox 722 766 767 775; x_wconf 93' lang='lat'>—</span> <span class='ocrx_word' id='word_1_46' title='bbox 796 727 919 792; x_wconf 90' lang='lat' dir='ltr'><strong>Verum</strong></span> <span class='ocrx_word' id='word_1_47' title='bbox 944 727 988 804; x_wconf 93' lang='lat' dir='ltr'><strong>si,</strong></span> <span class='ocrx_word' id='word_1_48' title='bbox 1014 727 1130 808; x_wconf 89' lang='lat' dir='ltr'><strong>quibus</strong></span> <span class='ocrx_word' id='word_1_49' title='bbox 1153 727 1337 792; x_wconf 85' lang='lat' dir='ltr'><strong>exhibenda</strong></span> <span class='ocrx_word' id='word_1_50' title='bbox 1361 733 1413 793; x_wconf 89' lang='lat' dir='ltr'><strong>est</strong></span> 
     </span>
     <span class='ocr_line' id='line_1_6' title="bbox 80 815 1412 897; baseline 0 -17"><span class='ocrx_word' id='word_1_51' title='bbox 80 815 221 894; x_wconf 86' lang='lat' dir='ltr'><strong>scheda,</strong></span> <span class='ocrx_word' id='word_1_52' title='bbox 251 820 363 881; x_wconf 92' lang='lat' dir='ltr'><strong>notum</strong></span> <span class='ocrx_word' id='word_1_53' title='bbox 388 838 453 881; x_wconf 92' lang='lat' dir='ltr'><strong>non</strong></span> <span class='ocrx_word' id='word_1_54' title='bbox 476 820 528 882; x_wconf 90' lang='lat' dir='ltr'><strong>est</strong></span> <span class='ocrx_word' id='word_1_55' title='bbox 551 816 684 883; x_wconf 89' lang='lat' dir='ltr'><strong>Petrum</strong></span> <span class='ocrx_word' id='word_1_56' title='bbox 708 816 750 881; x_wconf 93' lang='lat' dir='ltr'><strong>ad</strong></span> <span class='ocrx_word' id='word_1_57' title='bbox 774 816 1009 882; x_wconf 88' lang='lat' dir='ltr'><strong>confessionem</strong></span> <span class='ocrx_word' id='word_1_58' title='bbox 1035 815 1229 894; x_wconf 85' lang='lat' dir='ltr'><strong>accessisse,</strong></span> <span class='ocrx_word' id='word_1_59' title='bbox 1255 816 1412 897; x_wconf 87' lang='lat' dir='ltr'><strong>obligatio</strong></span> 
     </span>
     <span class='ocr_line' id='line_1_7' title="bbox 82 904 1412 990; baseline -0.001 -20"><span class='ocrx_word' id='word_1_60' title='bbox 82 910 223 990; x_wconf 87' lang='lat' dir='ltr'><strong>propter</strong></span> <span class='ocrx_word' id='word_1_61' title='bbox 245 905 353 988; x_wconf 88' lang='lat' dir='ltr'><strong>legem</strong></span> <span class='ocrx_word' id='word_1_62' title='bbox 376 905 475 988; x_wconf 84' lang='lat' dir='ltr'><strong>sigilli</strong></span> <span class='ocrx_word' id='word_1_63' title='bbox 499 927 564 971; x_wconf 94' lang='lat' dir='ltr'><strong>non</strong></span> <span class='ocrx_word' id='word_1_64' title='bbox 588 906 692 972; x_wconf 90' lang='lat' dir='ltr'><strong>adest.</strong></span> <span class='ocrx_word' id='word_1_65' title='bbox 740 905 848 982; x_wconf 87' lang='lat' dir='ltr'><strong>Quare</strong></span> <span class='ocrx_word' id='word_1_66' title='bbox 871 905 1002 970; x_wconf 89' lang='lat' dir='ltr'><strong>aliunde</strong></span> <span class='ocrx_word' id='word_1_67' title='bbox 1025 905 1109 969; x_wconf 91' lang='lat' dir='ltr'><strong>sumi</strong></span> <span class='ocrx_word' id='word_1_68' title='bbox 1132 904 1230 970; x_wconf 90' lang='lat' dir='ltr'><strong>debet</strong></span> <span class='ocrx_word' id='word_1_69' title='bbox 1253 906 1328 987; x_wconf 86' lang='lat' dir='ltr'><strong>quid</strong></span> <span class='ocrx_word' id='word_1_70' title='bbox 1354 926 1412 970; x_wconf 85' lang='lat' dir='ltr'><strong>ex-</strong></span> 
     </span>
     <span class='ocr_line' id='line_1_8' title="bbox 80 993 1413 1079; baseline -0.001 -20"><span class='ocrx_word' id='word_1_71' title='bbox 80 994 196 1079; x_wconf 89' lang='lat' dir='ltr'><strong>pediat</strong></span> <span class='ocrx_word' id='word_1_72' title='bbox 219 995 338 1061; x_wconf 87' lang='lat' dir='ltr'><strong>facere.</strong></span> <span class='ocrx_word' id='word_1_73' title='bbox 372 995 404 1060; x_wconf 87' lang='lat' dir='ltr'><strong>si</strong></span> <span class='ocrx_word' id='word_1_74' title='bbox 429 994 513 1060; x_wconf 90' lang='lat' dir='ltr'><strong>enim</strong></span> <span class='ocrx_word' id='word_1_75' title='bbox 530 994 711 1060; x_wconf 91' lang='lat' dir='ltr'><strong>timendum</strong></span> <span class='ocrx_word' id='word_1_76' title='bbox 735 997 796 1073; x_wconf 90' lang='lat' dir='ltr'><strong>est,</strong></span> <span class='ocrx_word' id='word_1_77' title='bbox 820 1015 861 1059; x_wconf 90' lang='lat' dir='ltr'><strong>ne</strong></span> <span class='ocrx_word' id='word_1_78' title='bbox 885 994 1094 1060; x_wconf 88' lang='lat' dir='ltr'><strong>concessione</strong></span> <span class='ocrx_word' id='word_1_79' title='bbox 1118 993 1257 1059; x_wconf 87' lang='lat' dir='ltr'><strong>schedae</strong></span> <span class='ocrx_word' id='word_1_80' title='bbox 1280 995 1312 1058; x_wconf 92' lang='lat' dir='ltr'><strong>in</strong></span> <span class='ocrx_word' id='word_1_81' title='bbox 1337 1016 1413 1078; x_wconf 93' lang='lat' dir='ltr'><strong>pro-</strong></span> 
     </span>
     <span class='ocr_line' id='line_1_9' title="bbox 82 1083 1413 1168; baseline 0 -19"><span class='ocrx_word' id='word_1_82' title='bbox 82 1085 232 1149; x_wconf 88' lang='lat' dir='ltr'><strong>ducenda</strong></span> <span class='ocrx_word' id='word_1_83' title='bbox 256 1105 361 1167; x_wconf 90' lang='lat' dir='ltr'><strong>prava</strong></span> <span class='ocrx_word' id='word_1_84' title='bbox 376 1083 447 1148; x_wconf 90' lang='lat' dir='ltr'><strong>vita</strong></span> <span class='ocrx_word' id='word_1_85' title='bbox 464 1084 581 1150; x_wconf 88' lang='lat' dir='ltr'><strong>Petrus</strong></span> <span class='ocrx_word' id='word_1_86' title='bbox 599 1085 817 1162; x_wconf 88' lang='lat' dir='ltr'><strong>confirmetur,</strong></span> <span class='ocrx_word' id='word_1_87' title='bbox 842 1084 952 1168; x_wconf 92' lang='lat' dir='ltr'><strong>potius</strong></span> <span class='ocrx_word' id='word_1_88' title='bbox 968 1083 1080 1166; x_wconf 91' lang='lat' dir='ltr'><strong>negari</strong></span> <span class='ocrx_word' id='word_1_89' title='bbox 1104 1084 1211 1161; x_wconf 87' lang='lat' dir='ltr'><strong>dehet,</strong></span> <span class='ocrx_word' id='word_1_90' title='bbox 1236 1105 1309 1149; x_wconf 92' lang='lat' dir='ltr'><strong>cum</strong></span> <span class='ocrx_word' id='word_1_91' title='bbox 1325 1083 1413 1150; x_wconf 91' lang='lat' dir='ltr'><strong>intra</strong></span> 
     </span>
     <span class='ocr_line' id='line_1_10' title="bbox 80 1173 488 1256; baseline 0.002 -18"><span class='ocrx_word' id='word_1_92' title='bbox 80 1173 321 1238; x_wconf 84' lang='lat' dir='ltr'><strong>confessionem</strong></span> <span class='ocrx_word' id='word_1_93' title='bbox 344 1176 488 1256; x_wconf 90' lang='lat' dir='ltr'><strong>petatur.</strong></span> 
     </span>
    </p>
   </div>
   <div class='ocr_carea' id='block_1_3' title="bbox 79 1269 1504 3404">
    <p class='ocr_par' dir='ltr' id='par_1_3' title="bbox 79 1269 1504 2335">
     <span class='ocr_line' id='line_1_11' title="bbox 174 1269 1475 1337; baseline -0.005 -2"><span class='ocrx_word' id='word_1_94' title='bbox 174 1271 213 1337; x_wconf 89' lang='lat' dir='ltr'><strong>R.</strong></span> <span class='ocrx_word' id='word_1_95' title='bbox 231 1274 261 1336; x_wconf 90' lang='lat'><strong>3.</strong></span> <span class='ocrx_word' id='word_1_96' title='bbox 294 1272 332 1336; x_wconf 92' lang='lat' dir='ltr'><strong>ln</strong></span> <span class='ocrx_word' id='word_1_97' title='bbox 356 1271 461 1337; x_wconf 88' lang='lat' dir='ltr'><strong>altero</strong></span> <span class='ocrx_word' id='word_1_98' title='bbox 485 1292 564 1336; x_wconf 88' lang='lat' dir='ltr'><strong>casu</strong></span> <span class='ocrx_word' id='word_1_99' title='bbox 587 1271 729 1337; x_wconf 87' lang='lat' dir='ltr'><strong>rusticus</strong></span> <span class='ocrx_word' id='word_1_100' title='bbox 752 1271 807 1336; x_wconf 92' lang='lat' dir='ltr'><strong>ille</strong></span> <span class='ocrx_word' id='word_1_101' title='bbox 823 1270 893 1335; x_wconf 87' lang='lat' dir='ltr'><strong>sine</strong></span> <span class='ocrx_word' id='word_1_102' title='bbox 917 1269 1013 1335; x_wconf 92' lang='lat' dir='ltr'><strong>dubio</strong></span> <span class='ocrx_word' id='word_1_103' title='bbox 1029 1269 1313 1336; x_wconf 82' lang='lat' dir='ltr'><strong>sacramentaliter</strong></span> <span class='ocrx_word' id='word_1_104' title='bbox 1337 1276 1475 1335; x_wconf 79' lang='lat' dir='ltr'><strong>con-578</strong></span> 
     </span>
     <span class='ocr_line' id='line_1_12' title="bbox 81 1358 1414 1443; baseline 0 -19"><span class='ocrx_word' id='word_1_105' title='bbox 81 1360 191 1425; x_wconf 87' lang='lat' dir='ltr'><strong>fessus</strong></span> <span class='ocrx_word' id='word_1_106' title='bbox 216 1366 284 1436; x_wconf 87' lang='lat' dir='ltr'><strong>est,</strong></span> <span class='ocrx_word' id='word_1_107' title='bbox 316 1382 388 1425; x_wconf 90' lang='lat' dir='ltr'><strong>curn</strong></span> <span class='ocrx_word' id='word_1_108' title='bbox 412 1360 588 1426; x_wconf 88' lang='lat' dir='ltr'><strong>accesserit</strong></span> <span class='ocrx_word' id='word_1_109' title='bbox 611 1381 653 1424; x_wconf 83' lang='lat' dir='ltr'><strong>ex</strong></span> <span class='ocrx_word' id='word_1_110' title='bbox 676 1359 857 1424; x_wconf 89' lang='lat' dir='ltr'><strong>intentione</strong></span> <span class='ocrx_word' id='word_1_111' title='bbox 881 1358 1057 1443; x_wconf 88' lang='lat' dir='ltr'><strong>recipiendi</strong></span> <span class='ocrx_word' id='word_1_112' title='bbox 1081 1359 1279 1426; x_wconf 88' lang='lat' dir='ltr'><strong>sacramenti</strong></span> <span class='ocrx_word' id='word_1_113' title='bbox 1302 1379 1414 1424; x_wconf 91' lang='lat' dir='ltr'><strong>sacra·</strong></span> 
     </span>
     <span class='ocr_line' id='line_1_13' title="bbox 80 1448 1414 1531; baseline 0 -18"><span class='ocrx_word' id='word_1_114' title='bbox 80 1449 302 1530; x_wconf 89' lang='lat' dir='ltr'><strong>mentalisque</strong></span> <span class='ocrx_word' id='word_1_115' title='bbox 326 1449 556 1524; x_wconf 90' lang='lat' dir='ltr'><strong>absolutionis;</strong></span> <span class='ocrx_word' id='word_1_116' title='bbox 587 1449 724 1531; x_wconf 90' lang='lat' dir='ltr'><strong>ideoque</strong></span> <span class='ocrx_word' id='word_1_117' title='bbox 748 1449 967 1514; x_wconf 87' lang='lat' dir='ltr'><strong>confessarius</strong></span> <span class='ocrx_word' id='word_1_118' title='bbox 990 1469 1069 1513; x_wconf 91' lang='lat' dir='ltr'><strong>vere</strong></span> <span class='ocrx_word' id='word_1_119' title='bbox 1092 1448 1187 1526; x_wconf 90' lang='lat' dir='ltr'><strong>dicit,</strong></span> <span class='ocrx_word' id='word_1_120' title='bbox 1218 1449 1245 1512; x_wconf 91' lang='lat' dir='ltr'><strong>si</strong></span> <span class='ocrx_word' id='word_1_121' title='bbox 1269 1452 1414 1515; x_wconf 88' lang='lat' dir='ltr'><strong>testatur</strong></span> 
     </span>
     <span class='ocr_line' id='line_1_14' title="bbox 81 1537 1414 1604; baseline -0.002 0"><span class='ocrx_word' id='word_1_122' title='bbox 81 1539 209 1604; x_wconf 83' lang='lat' dir='ltr'><strong>laetam</strong></span> <span class='ocrx_word' id='word_1_123' title='bbox 240 1558 313 1602; x_wconf 90' lang='lat' dir='ltr'><strong>esse</strong></span> <span class='ocrx_word' id='word_1_124' title='bbox 345 1539 617 1604; x_wconf 86' lang='lat' dir='ltr'><strong>sacramentalem</strong></span> <span class='ocrx_word' id='word_1_125' title='bbox 652 1538 897 1604; x_wconf 89' lang='lat' dir='ltr'><strong>confessionem.</strong></span> <span class='ocrx_word' id='word_1_126' title='bbox 946 1540 1103 1602; x_wconf 86' lang='lat' dir='ltr'><strong>Attamen</strong></span> <span class='ocrx_word' id='word_1_127' title='bbox 1133 1537 1161 1602; x_wconf 88' lang='lat' dir='ltr'><strong>si</strong></span> <span class='ocrx_word' id='word_1_128' title='bbox 1193 1537 1414 1602; x_wconf 84' lang='lat' dir='ltr'><strong>confessarius</strong></span> 
     </span>
     <span class='ocr_line' id='line_1_15' title="bbox 80 1626 1504 1711; baseline -0.001 -19"><span class='ocrx_word' id='word_1_129' title='bbox 80 1649 147 1693; x_wconf 92' lang='lat' dir='ltr'><strong>nou</strong></span> <span class='ocrx_word' id='word_1_130' title='bbox 172 1629 258 1693; x_wconf 89' lang='lat' dir='ltr'><strong>solet</strong></span> <span class='ocrx_word' id='word_1_131' title='bbox 281 1627 348 1692; x_wconf 89' lang='lat' dir='ltr'><strong>suis</strong></span> <span class='ocrx_word' id='word_1_132' title='bbox 372 1627 615 1711; x_wconf 88' lang='lat' dir='ltr'><strong>paenitentibus</strong></span> <span class='ocrx_word' id='word_1_133' title='bbox 639 1627 793 1693; x_wconf 86' lang='lat' dir='ltr'><strong>schedam</strong></span> <span class='ocrx_word' id='word_1_134' title='bbox 816 1626 1029 1693; x_wconf 87' lang='lat' dir='ltr'><strong>confessionis</strong></span> <span class='ocrx_word' id='word_1_135' title='bbox 1046 1628 1135 1706; x_wconf 90' lang='lat' dir='ltr'><strong>dare,</strong></span> <span class='ocrx_word' id='word_1_136' title='bbox 1159 1628 1233 1710; x_wconf 88' lang='lat' dir='ltr'><strong>lego</strong></span> <span class='ocrx_word' id='word_1_137' title='bbox 1256 1626 1357 1710; x_wconf 75' lang='lat' dir='ltr'><strong>sigilli</strong></span> <span class='ocrx_word' id='word_1_138' title='bbox 1379 1627 1412 1691; x_wconf 92' lang='lat' dir='ltr'><strong>in</strong></span> <span class='ocrx_word' id='word_1_139' title='bbox 1502 1655 1504 1658; x_wconf 93' lang='lat'>·</span> 
     </span>
     <span class='ocr_line' id='line_1_16' title="bbox 80 1715 1412 1799; baseline -0.001 -18"><span class='ocrx_word' id='word_1_140' title='bbox 80 1721 197 1782; x_wconf 91' lang='lat' dir='ltr'><strong>nostro</strong></span> <span class='ocrx_word' id='word_1_141' title='bbox 221 1737 299 1782; x_wconf 88' lang='lat' dir='ltr'><strong>casu</strong></span> <span class='ocrx_word' id='word_1_142' title='bbox 323 1738 387 1781; x_wconf 93' lang='lat' dir='ltr'><strong>non</strong></span> <span class='ocrx_word' id='word_1_143' title='bbox 410 1720 544 1782; x_wconf 88' lang='lat' dir='ltr'><strong>tenetur</strong></span> <span class='ocrx_word' id='word_1_144' title='bbox 567 1737 640 1781; x_wconf 88' lang='lat' dir='ltr'><strong>earn</strong></span> <span class='ocrx_word' id='word_1_145' title='bbox 663 1717 759 1792; x_wconf 90' lang='lat' dir='ltr'><strong>dare;</strong></span> <span class='ocrx_word' id='word_1_146' title='bbox 791 1717 887 1799; x_wconf 84' lang='lat' dir='ltr'><strong>idque</strong></span> <span class='ocrx_word' id='word_1_147' title='bbox 911 1716 1033 1783; x_wconf 89' lang='lat' dir='ltr'><strong>rustico</strong></span> <span class='ocrx_word' id='word_1_148' title='bbox 1063 1717 1153 1782; x_wconf 92' lang='lat' dir='ltr'><strong>intra</strong></span> <span class='ocrx_word' id='word_1_149' title='bbox 1175 1715 1412 1781; x_wconf 82' lang='lat' dir='ltr'><strong>confessionem</strong></span> 
     </span>
     <span class='ocr_line' id='line_1_17' title="bbox 80 1805 1412 1888; baseline -0.002 -16"><span class='ocrx_word' id='word_1_150' title='bbox 80 1805 240 1872; x_wconf 88' lang='lat' dir='ltr'><strong>schedam</strong></span> <span class='ocrx_word' id='word_1_151' title='bbox 256 1805 381 1888; x_wconf 89' lang='lat' dir='ltr'><strong>petenti</strong></span> <span class='ocrx_word' id='word_1_152' title='bbox 399 1805 506 1871; x_wconf 87' lang='lat' dir='ltr'><strong>dicere</strong></span> <span class='ocrx_word' id='word_1_153' title='bbox 523 1806 630 1883; x_wconf 90' lang='lat' dir='ltr'><strong>debet,</strong></span> <span class='ocrx_word' id='word_1_154' title='bbox 648 1827 683 1870; x_wconf 90' lang='lat' dir='ltr'><strong>se</strong></span> <span class='ocrx_word' id='word_1_155' title='bbox 696 1805 765 1871; x_wconf 88' lang='lat' dir='ltr'><strong>scil.</strong></span> <span class='ocrx_word' id='word_1_156' title='bbox 783 1827 848 1871; x_wconf 94' lang='lat' dir='ltr'><strong>non</strong></span> <span class='ocrx_word' id='word_1_157' title='bbox 864 1806 970 1871; x_wconf 89' lang='lat' dir='ltr'><strong>solere</strong></span> <span class='ocrx_word' id='word_1_158' title='bbox 987 1806 1146 1871; x_wconf 90' lang='lat' dir='ltr'><strong>eiusmodi</strong></span> <span class='ocrx_word' id='word_1_159' title='bbox 1162 1806 1412 1872; x_wconf 84' lang='lat' dir='ltr'><strong>attestationem</strong></span> 
     </span>
     <span class='ocr_line' id='line_1_18' title="bbox 80 1893 1412 1977; baseline -0.001 -17"><span class='ocrx_word' id='word_1_160' title='bbox 80 1895 141 1960; x_wconf 92' lang='lat' dir='ltr'><strong>ulli</strong></span> <span class='ocrx_word' id='word_1_161' title='bbox 165 1895 246 1959; x_wconf 90' lang='lat' dir='ltr'><strong>dare</strong></span> <span class='ocrx_word' id='word_1_162' title='bbox 269 1915 374 1976; x_wconf 89' lang='lat' dir='ltr'><strong>neque</strong></span> <span class='ocrx_word' id='word_1_163' title='bbox 397 1915 433 1959; x_wconf 92' lang='lat' dir='ltr'><strong>se</strong></span> <span class='ocrx_word' id='word_1_164' title='bbox 456 1895 568 1960; x_wconf 86' lang='lat' dir='ltr'><strong>videre</strong></span> <span class='ocrx_word' id='word_1_165' title='bbox 591 1895 687 1959; x_wconf 93' lang='lat' dir='ltr'><strong>huius</strong></span> <span class='ocrx_word' id='word_1_166' title='bbox 710 1893 759 1959; x_wconf 90' lang='lat' dir='ltr'><strong>rei</strong></span> <span class='ocrx_word' id='word_1_167' title='bbox 782 1895 1024 1960; x_wconf 90' lang='lat' dir='ltr'><strong>necessitatem.</strong></span> <span class='ocrx_word' id='word_1_168' title='bbox 1056 1895 1143 1960; x_wconf 90' lang='lat' dir='ltr'><strong>Nam</strong></span> <span class='ocrx_word' id='word_1_169' title='bbox 1160 1915 1233 1959; x_wconf 92' lang='lat' dir='ltr'><strong>cum</strong></span> <span class='ocrx_word' id='word_1_170' title='bbox 1249 1894 1412 1977; x_wconf 89' lang='lat' dir='ltr'><strong>parochus</strong></span> 
     </span>
     <span class='ocr_line' id='line_1_19' title="bbox 80 1983 1412 2066; baseline 0 -17"><span class='ocrx_word' id='word_1_171' title='bbox 80 1985 133 2049; x_wconf 90' lang='lat' dir='ltr'><strong>ius</strong></span> <span class='ocrx_word' id='word_1_172' title='bbox 157 2006 222 2049; x_wconf 95' lang='lat' dir='ltr'><strong>non</strong></span> <span class='ocrx_word' id='word_1_173' title='bbox 246 1983 367 2049; x_wconf 90' lang='lat' dir='ltr'><strong>habeat</strong></span> <span class='ocrx_word' id='word_1_174' title='bbox 391 1984 544 2065; x_wconf 85' lang='lat' dir='ltr'><strong>exigendi</strong></span> <span class='ocrx_word' id='word_1_175' title='bbox 566 1989 604 2051; x_wconf 92' lang='lat' dir='ltr'><strong>ut</strong></span> <span class='ocrx_word' id='word_1_176' title='bbox 627 1983 816 2066; x_wconf 89' lang='lat' dir='ltr'><strong>parochiani</strong></span> <span class='ocrx_word' id='word_1_177' title='bbox 839 1983 900 2049; x_wconf 89' lang='lat' dir='ltr'><strong>sibi</strong></span> <span class='ocrx_word' id='word_1_178' title='bbox 924 1985 1159 2059; x_wconf 88' lang='lat' dir='ltr'><strong>confiteantur,</strong></span> <span class='ocrx_word' id='word_1_179' title='bbox 1192 1983 1249 2048; x_wconf 91' lang='lat' dir='ltr'><strong>sed</strong></span> <span class='ocrx_word' id='word_1_180' title='bbox 1274 1983 1412 2049; x_wconf 90' lang='lat' dir='ltr'><strong>liberum</strong></span> 
     </span>
     <span class='ocr_line' id='line_1_20' title="bbox 80 2072 1412 2156; baseline -0.001 -18"><span class='ocrx_word' id='word_1_181' title='bbox 80 2074 123 2138; x_wconf 92' lang='lat' dir='ltr'><strong>iis</strong></span> <span class='ocrx_word' id='word_1_182' title='bbox 154 2073 200 2139; x_wconf 88' lang='lat' dir='ltr'><strong>sit</strong></span> <span class='ocrx_word' id='word_1_183' title='bbox 222 2073 370 2137; x_wconf 86' lang='lat' dir='ltr'><strong>confiteri</strong></span> <span class='ocrx_word' id='word_1_184' title='bbox 394 2074 480 2156; x_wconf 93' lang='lat' dir='ltr'><strong>apud</strong></span> <span class='ocrx_word' id='word_1_185' title='bbox 504 2073 682 2155; x_wconf 88' lang='lat' dir='ltr'><strong>quemlibet</strong></span> <span class='ocrx_word' id='word_1_186' title='bbox 712 2072 917 2138; x_wconf 88' lang='lat' dir='ltr'><strong>sacerdotem</strong></span> <span class='ocrx_word' id='word_1_187' title='bbox 941 2072 1174 2156; x_wconf 92' lang='lat' dir='ltr'><strong>approbatum,</strong></span> <span class='ocrx_word' id='word_1_188' title='bbox 1205 2072 1329 2137; x_wconf 90' lang='lat' dir='ltr'><strong>frustra</strong></span> <span class='ocrx_word' id='word_1_189' title='bbox 1352 2093 1412 2156; x_wconf 93' lang='lat' dir='ltr'><strong>po·</strong></span> 
     </span>
     <span class='ocr_line' id='line_1_21' title="bbox 81 2160 1410 2246; baseline 0.001 -19"><span class='ocrx_word' id='word_1_190' title='bbox 81 2162 190 2228; x_wconf 91' lang='lat' dir='ltr'><strong>stulat</strong></span> <span class='ocrx_word' id='word_1_191' title='bbox 211 2161 435 2227; x_wconf 88' lang='lat' dir='ltr'><strong>testimonium</strong></span> <span class='ocrx_word' id='word_1_192' title='bbox 459 2162 672 2227; x_wconf 88' lang='lat' dir='ltr'><strong>confessionis</strong></span> <span class='ocrx_word' id='word_1_193' title='bbox 696 2166 861 2246; x_wconf 90' lang='lat' dir='ltr'><strong>peractae.</strong></span> <span class='ocrx_word' id='word_1_194' title='bbox 900 2161 947 2228; x_wconf 83' lang='lat' dir='ltr'><strong>uf.</strong></span> <span class='ocrx_word' id='word_1_195' title='bbox 972 2183 1057 2244; x_wconf 90' lang='lat' dir='ltr'><strong>resp.</strong></span> <span class='ocrx_word' id='word_1_196' title='bbox 1083 2161 1115 2228; x_wconf 87' lang='lat' dir='ltr'><strong>S.</strong></span> <span class='ocrx_word' id='word_1_197' title='bbox 1139 2160 1172 2226; x_wconf 81' lang='lat' dir='ltr'><strong>C.</strong></span> <span class='ocrx_word' id='word_1_198' title='bbox 1198 2163 1237 2226; x_wconf 84' lang='lat' dir='ltr'><strong>de</strong></span> <span class='ocrx_word' id='word_1_199' title='bbox 1259 2163 1355 2245; x_wconf 85' lang='lat' dir='ltr'><strong>Prop.</strong></span> <span class='ocrx_word' id='word_1_200' title='bbox 1373 2163 1410 2228; x_wconf 84' lang='lat' dir='ltr'><strong>F.</strong></span> 
     </span>
     <span class='ocr_line' id='line_1_22' title="bbox 79 2251 1409 2335; baseline 0.001 -19"><span class='ocrx_word' id='word_1_201' title='bbox 79 2272 184 2335; x_wconf 92' lang='lat' dir='ltr'><strong>supra</strong></span> <span class='ocrx_word' id='word_1_202' title='bbox 207 2251 376 2317; x_wconf 91' lang='lat' dir='ltr'><strong>laudatum</strong></span> <span class='ocrx_word' id='word_1_203' title='bbox 393 2272 424 2316; x_wconf 91' lang='lat' dir='ltr'><strong>n.</strong></span> <span class='ocrx_word' id='word_1_204' title='bbox 443 2253 525 2316; x_wconf 80' lang='lat'>481:</span> <span class='ocrx_word' id='word_1_205' title='bbox 551 2273 593 2316; x_wconf 87' lang='lat' dir='ltr'><strong>ex</strong></span> <span class='ocrx_word' id='word_1_206' title='bbox 609 2273 672 2333; x_wconf 89' lang='lat' dir='ltr'><strong>quo</strong></span> <span class='ocrx_word' id='word_1_207' title='bbox 696 2255 790 2334; x_wconf 91' lang='lat' dir='ltr'><strong>patet</strong></span> <span class='ocrx_word' id='word_1_208' title='bbox 818 2271 958 2329; x_wconf 92' lang='lat' dir='ltr'><strong>,morem</strong></span> <span class='ocrx_word' id='word_1_209' title='bbox 974 2252 1054 2316; x_wconf 84' lang='lat' dir='ltr'><strong>loci“</strong></span> <span class='ocrx_word' id='word_1_210' title='bbox 1084 2271 1157 2315; x_wconf 89' lang='lat' dir='ltr'><strong>esse</strong></span> <span class='ocrx_word' id='word_1_211' title='bbox 1180 2251 1409 2333; x_wconf 90' lang='lat' dir='ltr'><strong>corruptelam.</strong></span> 
     </span>
    </p>

    <p class='ocr_par' dir='ltr' id='par_1_4' title="bbox 81 2339 1413 2601">
     <span class='ocr_line' id='line_1_23' title="bbox 173 2339 1413 2423; baseline 0 -18"><span class='ocrx_word' id='word_1_212' title='bbox 173 2339 295 2416; x_wconf 87' lang='lat' dir='ltr'><strong>Quodsi</strong></span> <span class='ocrx_word' id='word_1_213' title='bbox 324 2340 424 2405; x_wconf 84' lang='lat' dir='ltr'><strong>etiam</strong></span> <span class='ocrx_word' id='word_1_214' title='bbox 453 2339 658 2423; x_wconf 89' lang='lat' dir='ltr'><strong>indispositio</strong></span> <span class='ocrx_word' id='word_1_215' title='bbox 689 2339 803 2405; x_wconf 89' lang='lat' dir='ltr'><strong>rustici</strong></span> <span class='ocrx_word' id='word_1_216' title='bbox 836 2339 1036 2405; x_wconf 81' lang='lat' dir='ltr'><strong>confessario</strong></span> <span class='ocrx_word' id='word_1_217' title='bbox 1059 2339 1144 2405; x_wconf 90' lang='lat' dir='ltr'><strong>ratio</strong></span> <span class='ocrx_word' id='word_1_218' title='bbox 1175 2343 1227 2405; x_wconf 90' lang='lat' dir='ltr'><strong>cst</strong></span> <span class='ocrx_word' id='word_1_219' title='bbox 1250 2361 1307 2404; x_wconf 90' lang='lat' dir='ltr'><strong>cur</strong></span> <span class='ocrx_word' id='word_1_220' title='bbox 1329 2341 1413 2406; x_wconf 92' lang='lat' dir='ltr'><strong>nolit</strong></span> 
     </span>
     <span class='ocr_line' id='line_1_24' title="bbox 82 2428 1412 2511; baseline 0.001 -17"><span class='ocrx_word' id='word_1_221' title='bbox 82 2433 214 2494; x_wconf 90' lang='lat' dir='ltr'><strong>mutare</strong></span> <span class='ocrx_word' id='word_1_222' title='bbox 245 2450 368 2494; x_wconf 87' lang='lat' dir='ltr'><strong>morem</strong></span> <span class='ocrx_word' id='word_1_223' title='bbox 399 2450 492 2493; x_wconf 91' lang='lat' dir='ltr'><strong>suum</strong></span> <span class='ocrx_word' id='word_1_224' title='bbox 523 2435 733 2507; x_wconf 88' lang='lat' dir='ltr'><strong>consuetum,</strong></span> <span class='ocrx_word' id='word_1_225' title='bbox 767 2429 912 2511; x_wconf 91' lang='lat' dir='ltr'><strong>alioquin</strong></span> <span class='ocrx_word' id='word_1_226' title='bbox 942 2432 1129 2494; x_wconf 87' lang='lat' dir='ltr'><strong>mutaturus</strong></span> <span class='ocrx_word' id='word_1_227' title='bbox 1159 2432 1193 2493; x_wconf 89' lang='lat' dir='ltr'><strong>et</strong></span> <span class='ocrx_word' id='word_1_228' title='bbox 1223 2428 1412 2495; x_wconf 90' lang='lat' dir='ltr'><strong>schedulam</strong></span> 
     </span>
     <span class='ocr_line' id='line_1_25' title="bbox 81 2517 1272 2601; baseline 0 -17"><span class='ocrx_word' id='word_1_229' title='bbox 81 2518 346 2584; x_wconf 84' lang='lat' dir='ltr'><strong>extraordinarie</strong></span> <span class='ocrx_word' id='word_1_230' title='bbox 370 2518 515 2594; x_wconf 88' lang='lat' dir='ltr'><strong>daturus,</strong></span> <span class='ocrx_word' id='word_1_231' title='bbox 540 2517 572 2582; x_wconf 93' lang='lat' dir='ltr'><strong>id</strong></span> <span class='ocrx_word' id='word_1_232' title='bbox 596 2519 738 2582; x_wconf 92' lang='lat' dir='ltr'><strong>nondum</strong></span> <span class='ocrx_word' id='word_1_233' title='bbox 762 2518 863 2584; x_wconf 84' lang='lat' dir='ltr'><strong>elficit</strong></span> <span class='ocrx_word' id='word_1_234' title='bbox 887 2522 924 2583; x_wconf 93' lang='lat' dir='ltr'><strong>ut</strong></span> <span class='ocrx_word' id='word_1_235' title='bbox 947 2518 1089 2601; x_wconf 88' lang='lat' dir='ltr'><strong>sigillum</strong></span> <span class='ocrx_word' id='word_1_236' title='bbox 1112 2518 1272 2584; x_wconf 90' lang='lat' dir='ltr'><strong>laedatur.</strong></span> 
     </span>
    </p>

    <p class='ocr_par' dir='ltr' id='par_1_5' title="bbox 80 2606 1413 3404">
     <span class='ocr_line' id='line_1_26' title="bbox 172 2606 1408 2691; baseline 0.001 -19"><span class='ocrx_word' id='word_1_237' title='bbox 172 2607 259 2672; x_wconf 91' lang='lat' dir='ltr'><strong>Nam</strong></span> <span class='ocrx_word' id='word_1_238' title='bbox 292 2613 329 2673; x_wconf 89' lang='lat' dir='ltr'><strong>ut</strong></span> <span class='ocrx_word' id='word_1_239' title='bbox 358 2607 402 2673; x_wconf 87' lang='lat' dir='ltr'><strong>sit</strong></span> <span class='ocrx_word' id='word_1_240' title='bbox 432 2606 530 2688; x_wconf 89' lang='lat' dir='ltr'><strong>sigilli</strong></span> <span class='ocrx_word' id='word_1_241' title='bbox 562 2607 680 2688; x_wconf 78' lang='lat' dir='ltr'><strong>laesio,</strong></span> <span class='ocrx_word' id='word_1_242' title='bbox 712 2607 785 2672; x_wconf 87' lang='lat' dir='ltr'><strong>aliis</strong></span> <span class='ocrx_word' id='word_1_243' title='bbox 815 2627 975 2691; x_wconf 87' lang='lat' dir='ltr'><strong>apparere</strong></span> <span class='ocrx_word' id='word_1_244' title='bbox 1006 2607 1104 2672; x_wconf 89' lang='lat' dir='ltr'><strong>debet</strong></span> <span class='ocrx_word' id='word_1_245' title='bbox 1126 2608 1181 2670; x_wconf 90' lang='lat' dir='ltr'><strong>vel</strong></span> <span class='ocrx_word' id='word_1_246' title='bbox 1210 2607 1265 2671; x_wconf 90' lang='lat' dir='ltr'><strong>alii</strong></span> <span class='ocrx_word' id='word_1_247' title='bbox 1289 2607 1408 2689; x_wconf 88' lang='lat' dir='ltr'><strong>proba·</strong></span> 
     </span>
     <span class='ocr_line' id='line_1_27' title="bbox 81 2695 1406 2781; baseline 0.001 -19"><span class='ocrx_word' id='word_1_248' title='bbox 81 2696 194 2762; x_wconf 90' lang='lat' dir='ltr'><strong>biliter</strong></span> <span class='ocrx_word' id='word_1_249' title='bbox 217 2696 337 2762; x_wconf 90' lang='lat' dir='ltr'><strong>debent</strong></span> <span class='ocrx_word' id='word_1_250' title='bbox 359 2717 456 2779; x_wconf 86' lang='lat' dir='ltr'><strong>posse</strong></span> <span class='ocrx_word' id='word_1_251' title='bbox 485 2696 644 2780; x_wconf 89' lang='lat' dir='ltr'><strong>suspicari</strong></span> <span class='ocrx_word' id='word_1_252' title='bbox 667 2696 780 2761; x_wconf 90' lang='lat' dir='ltr'><strong>rustici</strong></span> <span class='ocrx_word' id='word_1_253' title='bbox 802 2696 1081 2781; x_wconf 92' lang='lat' dir='ltr'><strong>indispositionem</strong></span> <span class='ocrx_word' id='word_1_254' title='bbox 1105 2716 1178 2761; x_wconf 88' lang='lat' dir='ltr'><strong>esse</strong></span> <span class='ocrx_word' id='word_1_255' title='bbox 1200 2695 1285 2760; x_wconf 89' lang='lat' dir='ltr'><strong>hanc</strong></span> <span class='ocrx_word' id='word_1_256' title='bbox 1308 2695 1406 2763; x_wconf 90' lang='lat' dir='ltr'><strong>dene-</strong></span> 
     </span>
     <span class='ocr_line' id='line_1_28' title="bbox 80 2783 1407 2870; baseline 0.001 -18"><span class='ocrx_word' id='word_1_257' title='bbox 80 2790 183 2869; x_wconf 86' lang='lat' dir='ltr'><strong>gatae</strong></span> <span class='ocrx_word' id='word_1_258' title='bbox 206 2785 380 2850; x_wconf 87' lang='lat' dir='ltr'><strong>sohedulaa</strong></span> <span class='ocrx_word' id='word_1_259' title='bbox 403 2784 573 2850; x_wconf 88' lang='lat' dir='ltr'><strong>rationem.</strong></span> <span class='ocrx_word' id='word_1_260' title='bbox 621 2785 684 2852; x_wconf 87' lang='lat' dir='ltr'><strong>Sed</strong></span> <span class='ocrx_word' id='word_1_261' title='bbox 708 2785 740 2849; x_wconf 92' lang='lat' dir='ltr'><strong>id</strong></span> <span class='ocrx_word' id='word_1_262' title='bbox 764 2807 829 2851; x_wconf 94' lang='lat' dir='ltr'><strong>non</strong></span> <span class='ocrx_word' id='word_1_263' title='bbox 852 2790 1007 2870; x_wconf 85' lang='lat' dir='ltr'><strong>apparet,</strong></span> <span class='ocrx_word' id='word_1_264' title='bbox 1040 2806 1144 2867; x_wconf 89' lang='lat' dir='ltr'><strong>neque</strong></span> <span class='ocrx_word' id='word_1_265' title='bbox 1167 2783 1407 2852; x_wconf 87' lang='lat' dir='ltr'><strong>rationabiliter</strong></span> 
     </span>
     <span class='ocr_line' id='line_1_29' title="bbox 81 2873 1411 2959; baseline -0.001 -19"><span class='ocrx_word' id='word_1_266' title='bbox 81 2875 308 2959; x_wconf 87' lang='lat' dir='ltr'><strong>suspicantur,</strong></span> <span class='ocrx_word' id='word_1_267' title='bbox 341 2874 470 2956; x_wconf 91' lang='lat' dir='ltr'><strong>quando</strong></span> <span class='ocrx_word' id='word_1_268' title='bbox 502 2876 707 2940; x_wconf 83' lang='lat' dir='ltr'><strong>communiter</strong></span> <span class='ocrx_word' id='word_1_269' title='bbox 729 2874 850 2939; x_wconf 91' lang='lat' dir='ltr'><strong>nemini</strong></span> <span class='ocrx_word' id='word_1_270' title='bbox 873 2875 995 2940; x_wconf 89' lang='lat' dir='ltr'><strong>scheda</strong></span> <span class='ocrx_word' id='word_1_271' title='bbox 1024 2874 1132 2939; x_wconf 90' lang='lat' dir='ltr'><strong>datur.</strong></span> <span class='ocrx_word' id='word_1_272' title='bbox 1162 2911 1206 2920; x_wconf 92' lang='lat'><em>-</em></span> <span class='ocrx_word' id='word_1_273' title='bbox 1238 2873 1271 2939; x_wconf 87' lang='lat' dir='ltr'><strong>Si</strong></span> <span class='ocrx_word' id='word_1_274' title='bbox 1302 2878 1411 2941; x_wconf 91' lang='lat' dir='ltr'><strong>autem</strong></span> 
     </span>
     <span class='ocr_line' id='line_1_30' title="bbox 81 2963 1412 3047; baseline -0.002 -18"><span class='ocrx_word' id='word_1_275' title='bbox 81 2965 168 3047; x_wconf 91' lang='lat' dir='ltr'><strong>quod</strong></span> <span class='ocrx_word' id='word_1_276' title='bbox 198 2964 437 3029; x_wconf 90' lang='lat' dir='ltr'><strong>incommodum</strong></span> <span class='ocrx_word' id='word_1_277' title='bbox 468 2963 590 3029; x_wconf 92' lang='lat' dir='ltr'><strong>rustico</strong></span> <span class='ocrx_word' id='word_1_278' title='bbox 619 2967 766 3041; x_wconf 88' lang='lat' dir='ltr'><strong>creatur,</strong></span> <span class='ocrx_word' id='word_1_279' title='bbox 797 2963 831 3028; x_wconf 92' lang='lat' dir='ltr'><strong>id</strong></span> <span class='ocrx_word' id='word_1_280' title='bbox 860 2963 1079 3029; x_wconf 84' lang='lat' dir='ltr'><strong>confessarius</strong></span> <span class='ocrx_word' id='word_1_281' title='bbox 1103 2984 1167 3027; x_wconf 95' lang='lat' dir='ltr'><strong>non</strong></span> <span class='ocrx_word' id='word_1_282' title='bbox 1191 2967 1323 3039; x_wconf 88' lang='lat' dir='ltr'><strong>causat,</strong></span> <span class='ocrx_word' id='word_1_283' title='bbox 1355 2964 1412 3028; x_wconf 86' lang='lat' dir='ltr'><strong>sed</strong></span> 
     </span>
     <span class='ocr_line' id='line_1_31' title="bbox 82 3051 1413 3136; baseline -0.001 -18"><span class='ocrx_word' id='word_1_284' title='bbox 82 3057 199 3119; x_wconf 89' lang='lat' dir='ltr'><strong>causat</strong></span> <span class='ocrx_word' id='word_1_285' title='bbox 222 3053 356 3136; x_wconf 91' lang='lat' dir='ltr'><strong>parochi</strong></span> <span class='ocrx_word' id='word_1_286' title='bbox 379 3052 600 3136; x_wconf 89' lang='lat' dir='ltr'><strong>imprudentia</strong></span> <span class='ocrx_word' id='word_1_287' title='bbox 615 3053 669 3118; x_wconf 90' lang='lat' dir='ltr'><strong>vel</strong></span> <span class='ocrx_word' id='word_1_288' title='bbox 693 3052 869 3119; x_wconf 90' lang='lat' dir='ltr'><strong>iniustitia:</strong></span> <span class='ocrx_word' id='word_1_289' title='bbox 894 3051 1114 3118; x_wconf 87' lang='lat' dir='ltr'><strong>confessarius</strong></span> <span class='ocrx_word' id='word_1_290' title='bbox 1133 3051 1336 3117; x_wconf 91' lang='lat' dir='ltr'><strong>solummodo</strong></span> <span class='ocrx_word' id='word_1_291' title='bbox 1352 3052 1413 3117; x_wconf 89' lang='lat' dir='ltr'><strong>hoo</strong></span> 
     </span>
     <span class='ocr_line' id='line_1_32' title="bbox 80 3141 1413 3224; baseline -0.002 -16"><span class='ocrx_word' id='word_1_292' title='bbox 80 3142 322 3208; x_wconf 89' lang='lat' dir='ltr'><strong>incommodum</strong></span> <span class='ocrx_word' id='word_1_293' title='bbox 346 3163 410 3206; x_wconf 94' lang='lat' dir='ltr'><strong>non</strong></span> <span class='ocrx_word' id='word_1_294' title='bbox 435 3141 553 3208; x_wconf 86' lang='lat' dir='ltr'><strong>aufert.</strong></span> <span class='ocrx_word' id='word_1_295' title='bbox 602 3142 705 3208; x_wconf 92' lang='lat' dir='ltr'><strong>Usum</strong></span> <span class='ocrx_word' id='word_1_296' title='bbox 730 3142 832 3224; x_wconf 88' lang='lat' dir='ltr'><strong>igitur</strong></span> <span class='ocrx_word' id='word_1_297' title='bbox 854 3145 985 3208; x_wconf 84' lang='lat' dir='ltr'><strong>notitiae</strong></span> <span class='ocrx_word' id='word_1_298' title='bbox 1008 3141 1215 3223; x_wconf 71' lang='lat' dir='ltr'><strong>confessionis</strong></span> <span class='ocrx_word' id='word_1_299' title='bbox 1239 3145 1413 3206; x_wconf 85' lang='lat' dir='ltr'><strong>externum</strong></span> 
     </span>
     <span class='ocr_line' id='line_1_33' title="bbox 80 3230 1412 3315; baseline -0.001 -19"><span class='ocrx_word' id='word_1_300' title='bbox 80 3253 139 3297; x_wconf 90' lang='lat' dir='ltr'><strong>seu</strong></span> <span class='ocrx_word' id='word_1_301' title='bbox 166 3240 257 3296; x_wconf 76' lang='lat' dir='ltr'><strong>extra</strong></span> <span class='ocrx_word' id='word_1_302' title='bbox 273 3231 497 3312; x_wconf 78' lang='lat' dir='ltr'><strong>confessionem</strong></span> <span class='ocrx_word' id='word_1_303' title='bbox 515 3231 734 3296; x_wconf 82' lang='lat' dir='ltr'><strong>confessarius</strong></span> <span class='ocrx_word' id='word_1_304' title='bbox 750 3254 813 3296; x_wconf 83' lang='lat' dir='ltr'><strong>non</strong></span> <span class='ocrx_word' id='word_1_305' title='bbox 834 3231 936 3315; x_wconf 55' lang='lat' dir='ltr'><strong>sueth·</strong></span> <span class='ocrx_word' id='word_1_306' title='bbox 957 3236 1056 3312; x_wconf 89' lang='lat' dir='ltr'><strong>atque</strong></span> <span class='ocrx_word' id='word_1_307' title='bbox 1071 3230 1127 3295; x_wconf 90' lang='lat' dir='ltr'><strong>ille</strong></span> <span class='ocrx_word' id='word_1_308' title='bbox 1142 3251 1221 3295; x_wconf 89' lang='lat' dir='ltr'><strong>usus</strong></span> <span class='ocrx_word' id='word_1_309' title='bbox 1244 3233 1412 3307; x_wconf 83' lang='lat' dir='ltr'><strong>externus,</strong></span> 
     </span>
     <span class='ocr_line' id='line_1_34' title="bbox 80 3319 1413 3404; baseline 0 -19"><span class='ocrx_word' id='word_1_310' title='bbox 80 3343 179 3404; x_wconf 86' lang='lat' dir='ltr'><strong>quern</strong></span> <span class='ocrx_word' id='word_1_311' title='bbox 201 3319 352 3403; x_wconf 77' lang='lat' dir='ltr'><strong>facturus</strong></span> <span class='ocrx_word' id='word_1_312' title='bbox 375 3330 452 3385; x_wconf 82' lang='lat' dir='ltr'><strong>essct</strong></span> <span class='ocrx_word' id='word_1_313' title='bbox 475 3341 636 3384; x_wconf 91' lang='lat' dir='ltr'><strong>summum</strong></span> <span class='ocrx_word' id='word_1_314' title='bbox 652 3320 680 3384; x_wconf 90' lang='lat' dir='ltr'><strong>is</strong></span> <span class='ocrx_word' id='word_1_315' title='bbox 704 3324 764 3398; x_wconf 90' lang='lat' dir='ltr'><strong>est,</strong></span> <span class='ocrx_word' id='word_1_316' title='bbox 790 3325 826 3386; x_wconf 95' lang='lat' dir='ltr'><strong>ut</strong></span> <span class='ocrx_word' id='word_1_317' title='bbox 848 3325 984 3404; x_wconf 90' lang='lat' dir='ltr'><strong>paratus</strong></span> <span class='ocrx_word' id='word_1_318' title='bbox 1000 3320 1045 3386; x_wconf 94' lang='lat' dir='ltr'><strong>sit</strong></span> <span class='ocrx_word' id='word_1_319' title='bbox 1068 3340 1110 3383; x_wconf 88' lang='lat' dir='ltr'><strong>ex</strong></span> <span class='ocrx_word' id='word_1_320' title='bbox 1127 3319 1329 3384; x_wconf 86' lang='lat' dir='ltr'><strong>confessione</strong></span> <span class='ocrx_word' id='word_1_321' title='bbox 1354 3323 1413 3385; x_wconf 84' lang='lat' dir='ltr'><strong>rite</strong></span> 
     </span>
    </p>
   </div>
   <div class='ocr_carea' id='block_1_4' title="bbox 76 3408 1412 3582">
    <p class='ocr_par' dir='ltr' id='par_1_6' title="bbox 76 3408 1412 3582">
     <span class='ocr_line' id='line_1_35' title="bbox 76 3408 1412 3496; baseline -0.001 -20"><span class='ocrx_word' id='word_1_322' title='bbox 76 3418 212 3496; x_wconf 84' lang='lat' dir='ltr'><strong>peraeto</strong></span> <span class='ocrx_word' id='word_1_323' title='bbox 245 3408 366 3491; x_wconf 90' lang='lat' dir='ltr'><strong>aliquid</strong></span> <span class='ocrx_word' id='word_1_324' title='bbox 396 3409 578 3492; x_wconf 88' lang='lat' dir='ltr'><strong>paenitenti</strong></span> <span class='ocrx_word' id='word_1_325' title='bbox 607 3414 740 3490; x_wconf 90' lang='lat' dir='ltr'><strong>gratum</strong></span> <span class='ocrx_word' id='word_1_326' title='bbox 772 3408 892 3476; x_wconf 88' lang='lat' dir='ltr'><strong>facere.</strong></span> <span class='ocrx_word' id='word_1_327' title='bbox 939 3408 1030 3485; x_wconf 93' lang='lat' dir='ltr'><strong>Quod</strong></span> <span class='ocrx_word' id='word_1_328' title='bbox 1061 3414 1171 3474; x_wconf 91' lang='lat' dir='ltr'><strong>autem</strong></span> <span class='ocrx_word' id='word_1_329' title='bbox 1196 3409 1239 3474; x_wconf 91' lang='lat' dir='ltr'><strong>ad</strong></span> <span class='ocrx_word' id='word_1_330' title='bbox 1261 3408 1347 3474; x_wconf 92' lang='lat' dir='ltr'><strong>idem</strong></span> <span class='ocrx_word' id='word_1_331' title='bbox 1370 3430 1412 3475; x_wconf 83' lang='lat' dir='ltr'><strong>ex</strong></span> 
     </span>
     <span class='ocr_line' id='line_1_36' title="bbox 80 3497 1360 3582; baseline -0.001 -16"><span class='ocrx_word' id='word_1_332' title='bbox 80 3498 288 3566; x_wconf 88' lang='lat' dir='ltr'><strong>confessione</strong></span> <span class='ocrx_word' id='word_1_333' title='bbox 312 3498 398 3563; x_wconf 92' lang='lat' dir='ltr'><strong>male</strong></span> <span class='ocrx_word' id='word_1_334' title='bbox 420 3503 557 3582; x_wconf 89' lang='lat' dir='ltr'><strong>peracta</strong></span> <span class='ocrx_word' id='word_1_335' title='bbox 580 3502 717 3582; x_wconf 90' lang='lat' dir='ltr'><strong>paratus</strong></span> <span class='ocrx_word' id='word_1_336' title='bbox 740 3519 804 3563; x_wconf 92' lang='lat' dir='ltr'><strong>non</strong></span> <span class='ocrx_word' id='word_1_337' title='bbox 827 3497 881 3575; x_wconf 88' lang='lat' dir='ltr'><strong>sit,</strong></span> <span class='ocrx_word' id='word_1_338' title='bbox 906 3520 970 3563; x_wconf 94' lang='lat' dir='ltr'><strong>non</strong></span> <span class='ocrx_word' id='word_1_339' title='bbox 993 3501 1044 3563; x_wconf 91' lang='lat' dir='ltr'><strong>est</strong></span> <span class='ocrx_word' id='word_1_340' title='bbox 1067 3502 1184 3564; x_wconf 91' lang='lat' dir='ltr'><strong>contra</strong></span> <span class='ocrx_word' id='word_1_341' title='bbox 1206 3497 1360 3581; x_wconf 88' lang='lat' dir='ltr'><strong>sigillum.</strong></span> 
     </span>
    </p>
   </div>
   <div class='ocr_carea' id='block_1_5' title="bbox 266 3688 1231 3914">
    <p class='ocr_par' dir='ltr' id='par_1_7' title="bbox 266 3688 1231 3914">
     <span class='ocr_line' id='line_1_37' title="bbox 266 3688 1231 3757; baseline 0.002 -2"><span class='ocrx_word' id='word_1_342' title='bbox 266 3689 501 3756; x_wconf 82' lang='lat' dir='ltr'>CONFESSIO</span> <span class='ocrx_word' id='word_1_343' title='bbox 528 3689 709 3755; x_wconf 79' lang='lat' dir='ltr'><strong>SCRIPTA</strong></span> <span class='ocrx_word' id='word_1_344' title='bbox 731 3689 791 3756; x_wconf 81' lang='lat' dir='ltr'><strong>UT</strong></span> <span class='ocrx_word' id='word_1_345' title='bbox 817 3688 1041 3756; x_wconf 80' lang='lat' dir='ltr'>OBIECTUM</span> <span class='ocrx_word' id='word_1_346' title='bbox 1064 3689 1231 3757; x_wconf 82' lang='lat' dir='ltr'><strong>SIGILLI.</strong></span> 
     </span>
     <span class='ocr_line' id='line_1_38' title="bbox 645 3838 853 3914; baseline -0.019 -11"><span class='ocrx_word' id='word_1_347' title='bbox 645 3838 755 3904; x_wconf 82' lang='lat' dir='ltr'><strong>Casus.</strong></span> <span class='ocrx_word' id='word_1_348' title='bbox 777 3845 853 3914; x_wconf 83' lang='lat'>(166)</span> 
     </span>
    </p>
   </div>
   <div class='ocr_carea' id='block_1_6' title="bbox 82 3971 1413 4532">
    <p class='ocr_par' dir='ltr' id='par_1_8' title="bbox 82 3971 1413 4532">
     <span class='ocr_line' id='line_1_39' title="bbox 176 3971 1412 4048; baseline -0.002 -17"><span class='ocrx_word' id='word_1_349' title='bbox 176 3972 250 4031; x_wconf 81' lang='lat' dir='ltr'><strong>Cum</strong></span> <span class='ocrx_word' id='word_1_350' title='bbox 272 3971 429 4031; x_wconf 84' lang='lat' dir='ltr'><strong>occasione</strong></span> <span class='ocrx_word' id='word_1_351' title='bbox 451 3971 650 4048; x_wconf 89' lang='lat' dir='ltr'><strong>spiritualium</strong></span> <span class='ocrx_word' id='word_1_352' title='bbox 671 3972 880 4031; x_wconf 85' lang='lat' dir='ltr'><strong>exercitiorum</strong></span> <span class='ocrx_word' id='word_1_353' title='bbox 901 3972 1092 4031; x_wconf 86' lang='lat' dir='ltr'><strong>instituerent</strong></span> <span class='ocrx_word' id='word_1_354' title='bbox 1112 3972 1222 4031; x_wconf 90' lang='lat' dir='ltr'><strong>alumni</strong></span> <span class='ocrx_word' id='word_1_355' title='bbox 1244 3971 1412 4047; x_wconf 82' lang='lat' dir='ltr'><strong>generalem</strong></span> 
     </span>
     <span class='ocr_line' id='line_1_40' title="bbox 83 4052 1412 4129; baseline -0.001 -17"><span class='ocrx_word' id='word_1_356' title='bbox 83 4053 313 4117; x_wconf 85' lang='lat' dir='ltr'><strong>confessionem.</strong></span> <span class='ocrx_word' id='word_1_357' title='bbox 336 4056 424 4127; x_wconf 91' lang='lat' dir='ltr'><strong>atque</strong></span> <span class='ocrx_word' id='word_1_358' title='bbox 447 4053 610 4127; x_wconf 89' lang='lat' dir='ltr'><strong>complures</strong></span> <span class='ocrx_word' id='word_1_359' title='bbox 632 4052 744 4128; x_wconf 90' lang='lat' dir='ltr'><strong>scripto</strong></span> <span class='ocrx_word' id='word_1_360' title='bbox 765 4059 889 4129; x_wconf 89' lang='lat' dir='ltr'><strong>peccata</strong></span> <span class='ocrx_word' id='word_1_361' title='bbox 911 4073 965 4112; x_wconf 85' lang='lat' dir='ltr'><strong>suu</strong></span> <span class='ocrx_word' id='word_1_362' title='bbox 986 4057 1151 4123; x_wconf 84' lang='lat' dir='ltr'><strong>notassent,</strong></span> <span class='ocrx_word' id='word_1_363' title='bbox 1173 4052 1281 4111; x_wconf 90' lang='lat' dir='ltr'><strong>accidit</strong></span> <span class='ocrx_word' id='word_1_364' title='bbox 1305 4058 1337 4110; x_wconf 93' lang='lat' dir='ltr'><strong>ut</strong></span> <span class='ocrx_word' id='word_1_365' title='bbox 1351 4052 1412 4111; x_wconf 90' lang='lat' dir='ltr'><strong>Leo</strong></span> 
     </span>
     <span class='ocr_line' id='line_1_41' title="bbox 82 4132 1412 4209; baseline -0.002 -16"><span class='ocrx_word' id='word_1_366' title='bbox 82 4133 233 4193; x_wconf 88' lang='lat' dir='ltr'><strong>inveniret</strong></span> <span class='ocrx_word' id='word_1_367' title='bbox 254 4133 395 4209; x_wconf 87' lang='lat' dir='ltr'><strong>scripturn</strong></span> <span class='ocrx_word' id='word_1_368' title='bbox 419 4132 587 4191; x_wconf 88' lang='lat' dir='ltr'><strong>consodalis</strong></span> <span class='ocrx_word' id='word_1_369' title='bbox 608 4132 656 4207; x_wconf 92' lang='lat' dir='ltr'><strong>qui</strong></span> <span class='ocrx_word' id='word_1_370' title='bbox 678 4132 750 4190; x_wconf 93' lang='lat' dir='ltr'><strong>illud</strong></span> <span class='ocrx_word' id='word_1_371' title='bbox 771 4153 830 4192; x_wconf 90' lang='lat' dir='ltr'><strong>non</strong></span> <span class='ocrx_word' id='word_1_372' title='bbox 852 4133 926 4191; x_wconf 87' lang='lat' dir='ltr'><strong>satis</strong></span> <span class='ocrx_word' id='word_1_373' title='bbox 955 4138 1041 4191; x_wconf 88' lang='lat' dir='ltr'><strong>caute</strong></span> <span class='ocrx_word' id='word_1_374' title='bbox 1064 4133 1240 4191; x_wconf 90' lang='lat' dir='ltr'><strong>custoditum</strong></span> <span class='ocrx_word' id='word_1_375' title='bbox 1263 4132 1412 4192; x_wconf 90' lang='lat' dir='ltr'><strong>amiserat.</strong></span> 
     </span>
     <span class='ocr_line' id='line_1_42' title="bbox 83 4213 1412 4289; baseline -0.002 -16"><span class='ocrx_word' id='word_1_376' title='bbox 83 4214 276 4289; x_wconf 72' lang='lat' dir='ltr'><strong>cognoscens</strong></span> <span class='ocrx_word' id='word_1_377' title='bbox 298 4213 476 4289; x_wconf 87' lang='lat' dir='ltr'><strong>scripturam</strong></span> <span class='ocrx_word' id='word_1_378' title='bbox 497 4213 621 4271; x_wconf 84' lang='lat' dir='ltr'><strong>Antonii</strong></span> <span class='ocrx_word' id='word_1_379' title='bbox 650 4213 785 4272; x_wconf 88' lang='lat' dir='ltr'><strong>curiosus</strong></span> <span class='ocrx_word' id='word_1_380' title='bbox 806 4214 894 4288; x_wconf 82' lang='lat' dir='ltr'><strong>legit,</strong></span> <span class='ocrx_word' id='word_1_381' title='bbox 924 4213 1074 4271; x_wconf 86' lang='lat' dir='ltr'><strong>admirans</strong></span> <span class='ocrx_word' id='word_1_382' title='bbox 1103 4213 1259 4269; x_wconf 85' lang='lat' dir='ltr'><strong>candorem</strong></span> <span class='ocrx_word' id='word_1_383' title='bbox 1288 4231 1344 4286; x_wconf 90' lang='lat' dir='ltr'><strong>quo</strong></span> <span class='ocrx_word' id='word_1_384' title='bbox 1372 4213 1412 4270; x_wconf 93' lang='lat' dir='ltr'><strong>le·</strong></span> 
     </span>
     <span class='ocr_line' id='line_1_43' title="bbox 82 4291 1412 4369; baseline -0.003 -16"><span class='ocrx_word' id='word_1_385' title='bbox 82 4295 169 4353; x_wconf 78' lang='lat' dir='ltr'><strong>viora</strong></span> <span class='ocrx_word' id='word_1_386' title='bbox 191 4313 325 4369; x_wconf 90' lang='lat' dir='ltr'><strong>quaeque</strong></span> <span class='ocrx_word' id='word_1_387' title='bbox 346 4293 517 4368; x_wconf 91' lang='lat' dir='ltr'><strong>conscripta</strong></span> <span class='ocrx_word' id='word_1_388' title='bbox 539 4298 618 4359; x_wconf 89' lang='lat' dir='ltr'><strong>sunt,</strong></span> <span class='ocrx_word' id='word_1_389' title='bbox 640 4294 739 4367; x_wconf 89' lang='lat' dir='ltr'><strong>legere</strong></span> <span class='ocrx_word' id='word_1_390' title='bbox 761 4295 859 4369; x_wconf 87' lang='lat' dir='ltr'><strong>pergit</strong></span> <span class='ocrx_word' id='word_1_391' title='bbox 874 4295 902 4350; x_wconf 92' lang='lat' dir='ltr'><strong>in</strong></span> <span class='ocrx_word' id='word_1_392' title='bbox 918 4293 1033 4351; x_wconf 88' lang='lat' dir='ltr'><strong>laudem</strong></span> <span class='ocrx_word' id='word_1_393' title='bbox 1056 4297 1086 4351; x_wconf 91' lang='lat' dir='ltr'><strong>et</strong></span> <span class='ocrx_word' id='word_1_394' title='bbox 1100 4291 1336 4350; x_wconf 87' lang='lat' dir='ltr'><strong>aestimationem</strong></span> <span class='ocrx_word' id='word_1_395' title='bbox 1351 4292 1412 4350; x_wconf 90' lang='lat' dir='ltr'><strong>An-</strong></span> 
     </span>
     <span class='ocr_line' id='line_1_44' title="bbox 82 4372 1413 4450; baseline -0.002 -17"><span class='ocrx_word' id='word_1_396' title='bbox 82 4375 173 4443; x_wconf 85' lang='lat' dir='ltr'><strong>tonii;</strong></span> <span class='ocrx_word' id='word_1_397' title='bbox 204 4375 272 4432; x_wconf 93' lang='lat' dir='ltr'><strong>dum</strong></span> <span class='ocrx_word' id='word_1_398' title='bbox 301 4379 407 4450; x_wconf 91' lang='lat' dir='ltr'><strong>postea</strong></span> <span class='ocrx_word' id='word_1_399' title='bbox 434 4375 574 4445; x_wconf 85' lang='lat' dir='ltr'><strong>graviora</strong></span> <span class='ocrx_word' id='word_1_400' title='bbox 602 4373 727 4449; x_wconf 88' lang='lat' dir='ltr'><strong>reperit,</strong></span> <span class='ocrx_word' id='word_1_401' title='bbox 759 4374 942 4432; x_wconf 90' lang='lat' dir='ltr'><strong>conscicntia</strong></span> <span class='ocrx_word' id='word_1_402' title='bbox 970 4372 1139 4431; x_wconf 89' lang='lat' dir='ltr'><strong>stimulatus</strong></span> <span class='ocrx_word' id='word_1_403' title='bbox 1167 4373 1265 4446; x_wconf 87' lang='lat' dir='ltr'><strong>legere</strong></span> <span class='ocrx_word' id='word_1_404' title='bbox 1294 4372 1413 4431; x_wconf 89' lang='lat' dir='ltr'><strong>desistit</strong></span> 
     </span>
     <span class='ocr_line' id='line_1_45' title="bbox 82 4454 701 4532; baseline -0.002 -17"><span class='ocrx_word' id='word_1_405' title='bbox 82 4456 286 4532; x_wconf 84' lang='lat' dir='ltr'><strong>scriptumque</strong></span> <span class='ocrx_word' id='word_1_406' title='bbox 307 4454 446 4529; x_wconf 90' lang='lat' dir='ltr'><strong>relinquit</strong></span> <span class='ocrx_word' id='word_1_407' title='bbox 467 4454 517 4511; x_wconf 90' lang='lat' dir='ltr'><strong>ubi</strong></span> <span class='ocrx_word' id='word_1_408' title='bbox 537 4454 701 4514; x_wconf 89' lang='lat' dir='ltr'><strong>invenerat.</strong></span> 
     </span>
    </p>
   </div>
   <div class='ocr_carea' id='block_1_7' title="bbox 81 4556 1217 4723">
    <p class='ocr_par' dir='ltr' id='par_1_9' title="bbox 81 4556 1217 4723">
     <span class='ocr_line' id='line_1_46' title="bbox 81 4556 1217 4634; baseline -0.004 -14"><span class='ocrx_word' id='word_1_409' title='bbox 81 4562 263 4633; x_wconf 74' lang='lat' dir='ltr'><strong>Qunanrrun</strong></span> <span class='ocrx_word' id='word_1_410' title='bbox 286 4560 314 4616; x_wconf 77' lang='lat'><strong>1⁰</strong></span> <span class='ocrx_word' id='word_1_411' title='bbox 335 4558 476 4634; x_wconf 88' lang='lat' dir='ltr'><strong>scriptam</strong></span> <span class='ocrx_word' id='word_1_412' title='bbox 499 4557 715 4615; x_wconf 86' lang='lat' dir='ltr'><strong>confessionem</strong></span> <span class='ocrx_word' id='word_1_413' title='bbox 736 4557 835 4630; x_wconf 87' lang='lat' dir='ltr'><strong>legere</strong></span> <span class='ocrx_word' id='word_1_414' title='bbox 856 4556 933 4614; x_wconf 89' lang='lat' dir='ltr'><strong>sitne</strong></span> <span class='ocrx_word' id='word_1_415' title='bbox 956 4561 1059 4615; x_wconf 90' lang='lat' dir='ltr'><strong>contra</strong></span> <span class='ocrx_word' id='word_1_416' title='bbox 1080 4556 1217 4631; x_wconf 88' lang='lat' dir='ltr'><strong>sigillum.</strong></span> 
     </span>
     <span class='ocr_line' id='line_1_47' title="bbox 287 4644 932 4723; baseline 0 -18"><span class='ocrx_word' id='word_1_417' title='bbox 287 4650 317 4705; x_wconf 88' lang='lat'><strong>2⁰</strong></span> <span class='ocrx_word' id='word_1_418' title='bbox 338 4647 406 4723; x_wconf 91' lang='lat' dir='ltr'><strong>quid</strong></span> <span class='ocrx_word' id='word_1_419' title='bbox 428 4647 463 4705; x_wconf 92' lang='lat' dir='ltr'><strong>de</strong></span> <span class='ocrx_word' id='word_1_420' title='bbox 485 4666 557 4705; x_wconf 88' lang='lat' dir='ltr'><strong>casu</strong></span> <span class='ocrx_word' id='word_1_421' title='bbox 578 4645 687 4705; x_wconf 86' lang='lat' dir='ltr'><strong>Leonis</strong></span> <span class='ocrx_word' id='word_1_422' title='bbox 709 4644 862 4703; x_wconf 89' lang='lat' dir='ltr'><strong>dicendum</strong></span> <span class='ocrx_word' id='word_1_423' title='bbox 884 4644 932 4705; x_wconf 89' lang='lat' dir='ltr'><strong>sit.</strong></span> 
     </span>
    </p>
   </div>
   <div class='ocr_carea' id='block_1_8' title="bbox 0 0 1530 5174">
    <p class='ocr_par' dir='ltr' id='par_1_10' title="bbox 0 0 1530 5174">
     <span class='ocr_line' id='line_1_48' title="bbox 0 0 1530 5174; baseline 0 0"><span class='ocrx_word' id='word_1_424' title='bbox 0 0 1530 5174; x_wconf 95' lang='lat' dir='ltr'><strong> </strong></span> 
     </span>
    </p>
   </div>
  </div>
 </body>
</html>
