3044 5174
421 239 568 310 Dispositio
587 239 620 294 ad
639 239 797 294 sumendam
817 256 855 294 ss.
874 238 1075 292 eucharistiam.
1367 240 1408 304 87

172 415 215 482 R.
241 418 273 482 2.
321 415 453 493 Verum,
482 436 554 481 cum
578 415 611 481 in
634 416 708 481 aliis
730 415 945 481 sacramentis
967 415 1116 481 vivorum
1140 436 1205 480 non
1228 416 1272 482 sit
1294 438 1412 483 severa

91 507 138 571 lex
160 504 400 589 praemittendi
422 505 675 585 consessionem,
706 505 764 570 sed
787 504 930 570 sufficiat
956 508 1064 570 status
1086 505 1215 587 gratiae
1238 510 1412 588 utcumque

90 595 187 662 etiam
217 615 280 679 per
302 593 530 660 contritionem
554 594 734 678 perfectam
757 601 967 677 procuratus,
998 593 1030 659 in
1053 594 1114 659 hoc
1137 615 1181 660 ss.
1205 599 1411 662 sacramento

89 683 238 750 Ecclesia
260 703 392 767 semper
413 683 520 750 tenuit
548 704 638 759 „eam
661 682 887 767 probationem
909 703 981 748 esse
1003 684 1222 749 necessariam
1245 689 1283 751 ut
1304 685 1412 750 nullus

87 774 144 839 sibi
179 771 333 839 conscius
365 773 491 856 peccati
523 772 688 845 mortalis.
724 772 933 855 quantumvis
965 771 1026 837 sibi
1058 773 1218 839 contritus
1250 773 1411 850 videatur,

87 864 211 945 absque
244 861 425 946 praemissa
454 861 684 928 sacramentali
714 861 916 943 confessione
946 861 987 927 ad
1020 882 1148 927 sacram
1181 861 1411 930 eucharistiam
1512 874 1518 895 ¹

86 951 247 1018 accedere
271 951 421 1017 debeat“.
470 951 561 1016 Cone.
592 951 681 1016 Trid.
707 971 787 1016 sess.
814 953 864 1029 13,
890 971 917 1017 c.
943 953 961 1015 7
986 951 1025 1016 de
1048 952 1133 1017 ench.

178 1048 218 1114 R.
245 1050 275 1114 3.
321 1046 538 1113 Nihilominus
568 1047 636 1113 fieri
667 1051 775 1131 potest
802 1052 839 1113 ut
848 1057 995 1154 'propter
1017 1052 1228 1114 necessitatem
1251 1049 1369 1132 aliquis
1393 1062 1474 1117 a154

85 1137 332 1223 praemittenda
369 1135 572 1202 confessione
606 1140 782 1203 excusetur
815 1141 1053 1220 contentusque
1090 1158 1163 1203 esse
1200 1138 1305 1222 possit
1342 1138 1413 1204 sola

85 1226 297 1295 contritione.
342 1225 432 1304 Quae
454 1225 634 1292 necessitas
657 1227 727 1291 fere
749 1225 917 1292 reducitur
939 1226 982 1291 ad
1004 1227 1064 1292 hos
1087 1247 1199 1293 casus:
1236 1251 1238 1256 ·

181 1317 215 1398 1)
227 1315 256 1381 si
267 1335 327 1400 pro
336 1313 507 1381 sacerdote
516 1319 568 1381 est
577 1314 763 1380 celebrandi
773 1315 940 1397 obligatio,
954 1315 1049 1382 abest
1057 1321 1168 1383 autem
1178 1316 1411 1393 confessarium

179 1406 215 1487 2)
239 1404 267 1470 ai
289 1425 394 1487 neque
416 1424 567 1470 accessus
590 1404 632 1469 ad
655 1404 890 1470 confessarium
913 1425 1019 1488 neque
1035 1405 1165 1471 omissio
1181 1405 1252 1471 sive
1266 1404 1413 1471 celebra·

86 1494 188 1562 tionis
211 1494 331 1559 missae
354 1493 424 1558 sive
442 1515 468 1560 s.
486 1493 720 1560 communionis
743 1494 814 1559 fieri
836 1494 901 1560 iam
925 1497 1036 1578 potest
1058 1494 1129 1560 sine
1151 1495 1246 1578 gravi
1268 1494 1413 1578 periculo
1515 1548 1517 1555 ,

85 1582 261 1657 infamiae;

180 1672 216 1753 3)
246 1670 275 1736 si
304 1691 348 1736 ss.
378 1675 619 1737 sacramentum
649 1671 834 1755 sumptione
863 1671 1063 1755 eripiendum
1094 1676 1146 1739 est
1175 1671 1323 1737 manibus
1353 1670 1413 1736 im·

87 1762 235 1846 piorum:
266 1781 330 1843 quo
359 1758 392 1824 in
422 1780 516 1838 casu,
547 1760 574 1825 si
605 1761 655 1824 cui
679 1760 831 1827 videatur
859 1760 1057 1845 impossibile
1087 1760 1160 1826 ilico
1191 1761 1307 1827 elicere
1336 1781 1413 1826 con·

87 1851 269 1929 tritionem,
293 1853 467 1933 propterea
490 1869 555 1914 non
578 1848 675 1916 debet
699 1849 864 1915 abstinere
887 1870 907 1915 a
930 1850 1114 1934 sumptione
1135 1871 1161 1916 s.
1179 1850 1412 1927 eucharistiam

87 1940 146 2006 sed
178 1938 282 2005 faciat
305 1942 474 2016 conatum,
505 1941 602 2021 prout
629 1943 759 2022 tempus
786 1938 974 2023 permittat,
1004 1960 1138 2005 securus
1161 1959 1197 2004 se
1219 1938 1371 2004 iniuriam
1393 1958 1414 2004 a

87 2051 130 2096 ss.
157 2026 357 2094 eucharistia
380 2027 559 2092 avertendo
582 2047 646 2091 non
669 2031 888 2111 peccaturum.

179 2126 220 2192 R.
233 2129 264 2192 4.
288 2124 352 2190 Pro
363 2124 534 2190 sacerdote
549 2123 650 2207 igitur
662 2126 875 2203 celebraturo,
893 2125 1022 2208 quando
1038 2129 1171 2209 praeter
1181 2123 1412 2190 necessitatem

88 2213 278 2282 celebrandi
307 2212 484 2295 requiritur
507 2213 656 2280 absentia
679 2215 885 2291 confessarii,
916 2235 979 2280 non
1004 2214 1124 2280 sufficit
1154 2218 1190 2280 ut
1220 2213 1306 2279 absit
1336 2234 1414 2278 con-

88 2304 249 2371 fessarius
281 2305 472 2380 consuetus,
508 2303 566 2367 sed
600 2302 737 2385 quilibet
770 2304 824 2385 qui
858 2304 1047 2370 absolvendi
1082 2304 1241 2368 facultate
1274 2302 1412 2369 fruatur.

88 2395 216 2461 Abesse
241 2391 459 2457 confessarius
484 2396 635 2458 censetur
653 2393 753 2458 solius
777 2393 953 2460 distantiae
968 2393 1106 2471 ratione,
1130 2392 1157 2457 si
1181 2392 1283 2458 distet
1306 2391 1354 2458 ita
1377 2397 1414 2457 ut

88 2483 196 2567 spatio
216 2479 347 2562 1-1¹le
370 2481 470 2545 horae
492 2483 622 2547 tantum
637 2482 742 2564 possit
758 2482 894 2565 attingi;
919 2504 1033 2547 verum
1048 2482 1176 2547 ratione
1192 2480 1413 2564 occupationis

88 2571 297 2638 necessariae
319 2569 371 2634 vel
394 2569 551 2653 temporis
574 2591 633 2654 pro
657 2591 752 2636 sacro
775 2570 930 2637 instantis
953 2571 1110 2638 distantia
1133 2570 1238 2635 minor
1261 2573 1295 2636 et
1318 2570 1414 2652 longe

87 2661 195 2727 minor
218 2658 369 2725 sufficere
392 2657 565 2742 aliquando
588 2663 709 2743 potest.

179 2758 219 2825 R.
254 2759 284 2824 5.
334 2755 398 2822 Pro
433 2756 603 2822 sacerdote
638 2757 691 2840 qui
726 2757 788 2822 hac
821 2757 1024 2840 indulgentia
1058 2778 1135 2822 usus
1169 2763 1254 2840 post.
1278 2776 1414 2839 gravem

88 2849 219 2933 lapsum
244 2867 318 2911 cunr
341 2846 413 2932 sola
436 2845 632 2913 contritione
655 2846 852 2925 celebravit,
885 2848 1059 2912 Concilium
1087 2847 1177 2912 Trid.
1201 2846 1307 2927 legem
1338 2844 1414 2911 tulit

87 2939 108 3003 l.
126 2960 154 3002 c.
184 2935 324 3014 „Quodsi
347 2936 544 3002 necessitate
567 2941 706 3017 urgente
729 2936 883 3001 sacerdos
907 2937 1029 3018 absque
1052 2933 1187 3018 praevia
1210 2933 1414 3000 confessione

87 3024 327 3101 celebraverit,
366 3047 462 3110 quom
496 3028 639 3110 priunum
676 3026 898 3108 confiteatur“:
943 3024 1028 3107 quod
1066 3023 1269 3106 intellegitur
1310 3022 1415 3098 „infra

87 3116 267 3191 triduum“,
297 3112 443 3179 simodo
468 3113 612 3180 adfuerit
635 3113 825 3179 confessarii
849 3113 957 3197 copia,
988 3113 1169 3179 sedetiam
1193 3112 1268 3178 addi
1299 3112 1412 3179 debet:

88 3203 231 3269 simodo
247 3201 377 3269 interim
394 3202 599 3269 abstineatur
614 3223 634 3268 a
651 3224 737 3268 nova
754 3203 982 3281 celebratione,
1006 3202 1066 3267 nisi
1087 3202 1127 3267 de
1142 3222 1227 3267 novo
1244 3200 1415 3268 emerserit

88 3293 281 3359 necessitas.
332 3293 388 3358 rt.
413 3314 453 3357 m.
478 3290 519 3366 ΙΙ,
546 3295 619 3358 151.
646 3295 719 3357 152.

179 3415 233 3479 An
250 3434 440 3490 QUAESITUM
461 3417 499 3478 2¹¹²
515 3415 554 3479 R.
580 3418 608 3480 1.
641 3414 674 3481 Si
694 3414 870 3497 Procopius
892 3413 1034 3496 alioquin
1051 3413 1225 3480 timoratae
1247 3413 1474 3483 eumden-155

88 3504 158 3571 tiae
189 3508 242 3569 est
264 3505 299 3568 et
321 3502 513 3587 prudentem
537 3504 637 3568 habet
660 3503 820 3569 rationem
846 3502 1008 3568 iudicandi
1031 3524 1067 3568 se
1090 3523 1258 3568 assensum
1283 3502 1414 3586 plenum

88 3615 155 3659 non
169 3591 370 3677 praebuisse,
387 3592 451 3658 etsi
465 3591 626 3658 rationem
643 3613 771 3675 quoque
787 3597 902 3659 contra
918 3613 953 3657 se
969 3592 1099 3670 habeat,
1123 3612 1241 3657 severa
1257 3591 1414 3674 obligatio

89 3681 353 3768 praemittendae
375 3680 588 3747 confessionis
611 3702 676 3746 non
700 3685 767 3760 est,
798 3681 855 3746 sed
886 3681 971 3746 serio
999 3685 1118 3748 conatu
1147 3680 1316 3765 perfectae
1340 3702 1414 3746 con·

88 3772 238 3840 tritionis
266 3773 421 3837 contento
451 3792 524 3836 esse
553 3770 583 3837 ei
613 3771 690 3837 licet
720 3774 818 3852 atque
848 3791 976 3835 sacrum
1007 3771 1172 3837 celebrare
1196 3770 1296 3838 etiam
1319 3776 1414 3837 extra

89 3883 204 3928 casum
234 3859 441 3926 necessitatis
470 3881 529 3945 pro
561 3860 706 3926 arbitrio.
759 3859 977 3925 Nihilominus
1007 3859 1174 3926 suadenda
1205 3860 1334 3926 omnino
1365 3863 1415 3925 est

88 3949 262 4017 confessio.

180 4048 220 4113 R.
245 4050 276 4114 2.
312 4047 346 4114 Si
369 4068 447 4113 vero
471 4046 647 4130 Procopius
671 4045 890 4112 conscientiae
913 4046 1002 4111 latae
1025 4045 1078 4110 vel
1102 4045 1199 4112 laxae
1223 4051 1285 4124 est,
1310 4046 1363 4110 vel
1387 4046 1415 4110 si

88 4138 182 4203 leves
206 4141 335 4204 tantum
359 4142 393 4202 et
420 4136 531 4202 futiles
554 4137 653 4202 habet
676 4135 838 4213 rationes,
871 4135 986 4217 quibus
1008 4134 1134 4200 nitatur
1157 4140 1193 4201 ut
1216 4157 1252 4200 se
1276 4156 1296 4200 a
1318 4134 1414 4218 pleno

89 4247 252 4292 consensu
282 4224 456 4290 immunem
486 4230 597 4308 putet,
629 4224 740 4291 debuit
769 4225 802 4289 in
827 4246 904 4290 casu
934 4224 1102 4307 proposito
1127 4230 1184 4290 aut
1207 4224 1371 4290 abstinere
1395 4244 1414 4288 a

88 4336 185 4382 sacro
209 4318 268 4381 aut
290 4318 389 4380 antea
406 4314 561 4380 confiteri.
597 4314 629 4379 N
632 4335 684 4379 am
708 4313 803 4379 iniis
828 4313 1081 4379 circumstantiis
1105 4314 1273 4379 moraliter
1290 4316 1413 4378 certum

88 4405 154 4471 erit
176 4425 252 4470 eum
276 4403 425 4485 graviter
446 4423 609 4487 peccasse.
662 4404 717 4469 lt.
742 4427 783 4469 m.
807 4402 848 4477 Π,
876 4405 947 4468 150.

179 4501 219 4568 R.
245 4503 275 4567 3.
323 4501 360 4564 In
390 4503 524 4566 secundo
549 4522 626 4565 casu
655 4500 689 4564 in
713 4522 748 4565 se
778 4500 907 4583 quidem
937 4500 1022 4564 idem
1053 4500 1222 4565 dicendum
1247 4501 1298 4563 cst
1329 4497 1414 4579 quod

87 4592 121 4657 in
154 4591 275 4676 priore.
328 4588 414 4654 Nam
451 4590 505 4671 qui
539 4589 769 4672 probabilitate
801 4611 881 4654 vera
915 4588 1057 4672 prudens
1090 4588 1212 4653 iudicat
1244 4608 1280 4652 se
1312 4606 1414 4668 grave
