3044 5174
222 112 341 169 Ordines
358 115 439 170 sacri.
457 144 492 153 -
512 114 704 170 Condiciones:
722 115 821 170 titulus
839 117 1016 171 ordinationis
1034 122 1062 171 et
1080 119 1296 172 sustentationis.
1357 124 1421 186 405

182 291 324 370 Verum,
354 293 440 375 quod
464 292 623 359 Societati
645 292 719 358 Iesu
744 314 933 359 concessum
956 298 1024 373 est,
1057 294 1148 360 ouius
1177 293 1299 360 alumni
1324 294 1423 376 longe

94 379 217 446 diutius
240 387 376 448 manent
397 383 458 448 sub
481 381 569 447 votis
592 382 801 467 simplicibus,
830 383 863 447 id
886 404 951 448 non
975 388 1127 449 censetur
1150 384 1422 449 communicatum

94 469 167 535 aliis
190 469 360 536 ordinibus
382 471 559 553 religiosis,
594 493 730 554 quorum
753 472 883 537 sodales
906 477 982 556 post
1005 473 1200 539 novitiatum
1231 494 1289 556 per
1320 473 1422 538 trien·

94 560 184 624 nium
207 560 327 625 8811881
350 559 382 624 18
406 560 494 626 votis
517 560 718 644 simplicibus
740 562 869 644 probati
901 583 973 626 esso
1003 562 1139 640 debent,
1173 567 1349 643 antequam
1381 562 1422 626 ad

94 649 285 714 sollemnem
308 650 544 733 professionem
567 649 795 717 admittantur.
834 652 876 715 Hi
893 657 1045 717 votorum
1068 653 1260 737 simplicium
1283 651 1422 733 professi

95 737 283 820 promoveri
313 744 479 821 nequeunt
509 740 550 804 ad
581 760 694 804 sacros
723 740 854 805 ordines
884 740 981 806 titulo
1009 740 1183 822 religiosae
1207 740 1421 824 paupertatis.

95 827 543 983 1188118]ἰέξὲ88811811818118
561 829 696 906 oriatur,
722 850 742 894 8
759 829 790 895 S.
808 829 891 894 Sede
915 829 1115 913 dispensatio
1138 831 1193 896 vel
1216 829 1421 914 privilegium

95 938 134 1000 pe
209 937 228 982 e
287 969 296 984 .

186 1041 239 1105 An
263 1060 455 1116 ouansmou
480 1043 519 1104 2¹²
541 1040 580 1106 R.
608 1043 636 1106 1.
676 1042 811 1124 Semper
834 1046 963 1107 cautum
988 1046 1040 1108 est
1070 1064 1110 1107 88
1142 1042 1241 1107 118881
1273 1042 1485 1125 episcopanos

96 1133 195 1196 extra
218 1129 341 1194 limites
363 1149 444 1194 suae
466 1129 699 1196 iurisdictionis
722 1130 818 1196 alicui
842 1152 957 1196 manus
980 1131 1163 1214 imponere;
1198 1131 1271 1196 aliis
1303 1131 1422 1203 verbis,

96 1239 191 1283 nemo
215 1218 305 1285 licite
329 1217 473 1284 ordinari
495 1223 606 1303 potest
630 1219 692 1284 nisi
715 1220 757 1285 ab
781 1219 933 1304 episcopo
956 1222 1098 1304 proprio,
1122 1221 1176 1285 vel
1200 1221 1241 1285 ab
1265 1220 1330 1285 alio
1348 1223 1425 1304 post

96 1312 253 1392 acceptas
275 1307 405 1374 litteras
429 1307 630 1373 dimissorias
653 1313 688 1374 et
705 1309 953 1375 testimoniales.
970 1346 1011 1354 —
1029 1309 1158 1375 Titulus
1174 1308 1425 1375 sustentationis

96 1398 220 1462 asolis
244 1396 427 1463 candidatis
451 1396 573 1462 ordinis
596 1401 682 1463 socri
711 1419 769 1463 scu
799 1398 932 1464 maioris
962 1419 1021 1483 881
1050 1419 1086 1463 88
1116 1399 1277 1481 exigitur3
1307 1398 1425 1464 titulus

96 1507 160 1568 quo
191 1485 347 1552 ordinans
376 1486 421 1551 sit
450 1485 622 1571 opiscopus
652 1486 822 1552 ordinandi
853 1487 1004 1571 proprius
1035 1508 1093 1571 pro
1124 1488 1269 1570 quolibet
1299 1487 1423 1564 ordine,

96 1576 197 1642 etiam
220 1574 356 1652 minore,
380 1575 477 1640 immo
500 1596 560 1659 pro
583 1575 654 1640 sola
677 1580 814 1641 tonsura
837 1575 1024 1658 requiritur.

186 1681 226 1748 R.
251 1683 283 1748 2.
321 1680 445 1747 Verum
469 1681 575 1764 quoad
599 1680 730 1747 ordines
760 1682 974 1748 conferendos
1004 1681 1142 1747 diversis
1171 1681 1277 1748 titulis
1306 1680 1425 1763 aliquis

96 1792 170 1837 esse
193 1773 305 1854 potest
327 1770 488 1855 proprius,
513 1771 683 1837 videlicet:
707 1770 852 1853 originis,
878 1771 1044 1850 domicilii,
1070 1770 1230 1847 beneficii,
1254 1770 1424 1836 familiari·

95 1860 188 1928 tatis.
235 1859 376 1927 Ratione
399 1863 533 1946 oripinis
554 1860 611 1925 ille
634 1859 806 1944 episcopus
829 1865 881 1927 est
905 1860 1070 1945 proprius,
1101 1860 1134 1925 in
1166 1859 1257 1925 cuius
1285 1859 1425 1924 dioecesi

95 1950 299 2016 ordinandus
326 1951 426 2014 natus
455 1954 523 2027 est,
556 1949 609 2014 vel
640 1950 764 2033 potius,
797 1949 830 2015 in
860 1971 925 2033 qua
948 1953 1096 2033 tempore
1119 1948 1306 2014 nativitatis
1329 1953 1425 2032 pater

96 2037 295 2105 domicilium
319 2038 463 2104 habebat
486 2038 625 2117 (scilicet
648 2061 712 2104 non
735 2038 874 2106 181111118
898 2039 1066 2116 nativitas,
1092 2039 1150 2104 sed
1173 2037 1309 2103 iuridica
1332 2037 1425 2120 origo

95 2126 305 2210 attenditur).
349 2127 459 2194 Const.
491 2128 625 2193 Innoo.
657 2128 719 2192 XII
749 2127 778 2194 d.
811 2127 842 2195 d.
874 2132 894 2193 4
924 2127 1010 2196 Nou.
1037 2131 1122 2194 1694
1155 2126 1424 2212 ..8888818188881

96 2218 146 2284 cf.
172 2215 538 2282 Ballerini-Palm.
563 2220 604 2282 tr.
633 2220 683 2293 10,
708 2223 787 2283 8881.
814 2219 844 2294 7,
868 2239 900 2283 8.
925 2221 978 2283 40.
1033 2255 1034 2258 ¹

188 2305 329 2372 Ratione
352 2306 520 2386 domicilii,
544 2306 571 2371 si
596 2327 616 2371 a
639 2306 710 2371 loco
733 2305 920 2374 nativitatis
943 2306 1068 2383 differt,
1101 2305 1157 2370 ille
1180 2310 1233 2372 est
1255 2305 1426 2390 episcopus

95 2395 268 2482 proprius,
301 2394 334 2460 in
365 2394 456 2459 cuius
486 2395 624 2460 dioecesi
650 2395 849 2460 ordinandus
871 2397 924 2461 vel
948 2417 1007 2480 per
1030 2395 1221 2460 decennium
1244 2395 1310 2460 iam
1333 2394 1426 2460 habi-

95 2485 195 2562 tavit,
220 2484 284 2561 vel,
308 2484 337 2549 si
359 2483 475 2561 minus,
499 2489 611 2550 188188
634 2506 694 2568 881
711 2485 947 2551 considerabile
963 2489 1093 2568 tempus
1109 2484 1252 2550 81818181
1270 2483 1426 2550 maiorem

95 2575 258 2640 bonorum
280 2593 410 2638 suorum
436 2578 563 2656 partem
587 2594 625 2639 eo
648 2573 836 2652 transtulit,
861 2578 960 2656 atque
982 2574 1015 2638 in
1039 2579 1179 2655 utraque
1203 2573 1426 2656 suppositione

95 2662 322 2816 iureiuranffil
346 2662 494 2815 laffirmet
530 2683 567 2727 se
601 2663 644 2727 ibi
679 2669 837 2747 perpetuo
870 2663 1021 2728 manendi
1055 2663 1259 2728 voluntatem
1294 2662 1424 2727 habere.

96 2753 236 2819 18888
359 2772 419 2817 ,8

189 2840 331 2907 Ratione
354 2841 494 2923 beneficii
518 2840 731 2907 ecclesiastici
754 2840 809 2906 1118
833 2847 884 2906 881
908 2840 1079 2925 881888888
1096 2843 1262 2925 proprius,
1286 2838 1319 2903 in
1335 2838 1427 2903 cuius

97 2929 241 2996 dioecesi
271 2929 470 2994 ordinandus
498 2932 628 3015 pacifice
651 2932 795 3015 possidet
823 2930 1031 3007 beneficium,
1062 2928 1159 3012 idque
1190 2929 1232 2993 ad
1262 2931 1425 2993 sustenta·

96 3020 224 3086 tionem
247 3018 429 3084 sufficiens:
463 3019 599 3100 quodsi
623 3019 820 3103 patrimonio
843 3019 951 3084 aliave
974 3018 1102 3084 ratione
1133 3017 1287 3101 compleri
1318 3017 1425 3093 debet,

98 3109 190 3175 solus
214 3107 385 3192 episcopus
408 3107 543 3188 originis
567 3108 619 3172 vel
644 3108 796 3173 domicilii
819 3109 971 3192 proprius
994 3108 1066 3173 erit.
1099 3107 1234 3172 18888.
1260 3105 1322 3171 XII
1345 3105 1387 3170 ib.

190 3196 331 3262 Ratione
353 3198 593 3279 familiaritatis
616 3198 787 3281 episcopus
811 3198 1003 3264 familiarem
1028 3217 1123 3262 suum
1140 3197 1290 3263 ordinare
1306 3197 1426 3279 potest,

99 3308 195 3370 quem
226 3308 285 3370 per
313 3286 490 3351 triennium
521 3287 717 3370 completum
748 3308 807 3370 pro
837 3287 971 3352 servitio
1001 3286 1132 3363 babuit,
1163 3286 1190 3351 si
1221 3284 1317 3350 modo
1340 3283 1428 3349 18118

99 3396 245 3530 inensem
260 3374 452 3530 {sitiebcium
469 3375 634 3441 sufficiens
651 3376 679 3440 ei
697 3375 856 3442 conferat.
889 3377 979 3442 Trio.
997 3396 1077 3441 8888.
1095 3379 1148 3452 23,
1166 3397 1236 3459 888.
1256 3377 1275 3439 9
1294 3377 1332 3439 de
1347 3374 1407 3456 ref.
1416 3397 1429 3455 ;

121 3486 237 3531 8888
360 3485 419 3532 ,8

190 3572 229 3639 R.
255 3574 285 3639 3.
325 3571 385 3648 Qui
409 3571 547 3636 diversis
571 3571 677 3637 titulis
700 3571 800 3638 habet
823 3571 1009 3656 episcopum
1035 3570 1217 3653 proprium,
1252 3590 1273 3634 a
1296 3571 1428 3656 quolibet

101 3683 215 3727 eorum
239 3660 368 3726 ordines
386 3664 498 3744 potest
513 3660 695 3744 suscipere:
719 3661 746 3725 si
763 3661 858 3726 modo
875 3660 996 3726 babeat
1012 3660 1142 3726 titulum
1160 3658 1426 3725 sustentationis:

98 3751 282 3816 Aichner
305 3751 326 3816 l.
352 3771 390 3827 c.,
415 3749 562 3814 Wernz
585 3750 607 3815 1.
633 3771 660 3816 8.
685 3771 716 3816 8.
741 3751 793 3816 28.

190 3857 229 3923 R.
247 3857 277 3924 4.
309 3855 491 3938 Regulares
515 3877 720 3939 nequaquam
744 3857 777 3922 vi
796 3854 1488 3937 18188111181818818111188118888888118

100 3949 157 4013 sed
182 3947 223 4012 de
246 3947 286 4011 iis
309 3945 384 4011 vide
408 3967 519 4011 casum
542 3967 609 4028 seq.

189 4037 348 4102 Attamen
371 4035 525 4112 novitius,
550 4034 604 4117 qui
628 4033 801 4117 religiosus
824 4035 954 4119 proprio
979 4055 1076 4099 888811
1099 4032 1240 4097 nondum
1265 4036 1332 4109 est,
1357 4032 1428 4096 sine

101 4125 198 4192 dubio
222 4125 349 4207 indiget
371 4125 468 4191 titulo
493 4124 759 4201 88818818118818;
785 4145 890 4205 neque
914 4123 1044 4188 dubium
1069 4127 1120 4189 est
1145 4142 1218 4186 8818
1234 4143 1324 4205 posse
1341 4120 1428 4185 ordi·

101 4216 190 4292 nari,
220 4214 249 4280 si
272 4213 463 4279 beneficium
488 4213 745 4279 ecclesiasticum
775 4213 921 4298 possidet
952 4213 992 4277 ab
1023 4210 1173 4295 episcopo
1205 4231 1300 4291 quem
1331 4210 1427 4276 titulo

101 4303 249 4370 beneficii
272 4302 440 4388 proprium
464 4302 574 4378 habet,
599 4302 652 4368 vel
677 4302 894 4386 abepiscopo
919 4301 1062 4383 originis.
1109 4299 1197 4364 Num
1219 4302 1317 4384 possit
1342 4299 1427 4363 ordi-

100 4394 171 4459 nari
195 4394 238 4459 ab
262 4392 415 4477 episcopo
438 4392 517 4469 loci,
543 4391 596 4456 ubi
620 4396 672 4458 881
695 4391 945 4468 8188881811881,
970 4390 1091 4474 pendet
1114 4388 1259 4471 practice
1283 4409 1303 4452 8
1326 4386 1427 4471 privi-

101 4483 196 4567 legiis
218 4481 438 4568 peculiaribus
461 4482 510 4545 sui
535 4481 657 4548 ordinis
681 4480 834 4562 religiosi.
882 4480 968 4545 Nam
992 4477 1172 4545 theoretice
1195 4477 1325 4559 quidem
1357 4476 1428 4541 1811
