3044 5174
411 116 613 186 lndulgentiae.
635 147 667 167 .-
686 117 800 173 lubilaei
819 119 928 174 favores
947 119 1054 175 annexi.
1333 126 1398 190 373

63 290 154 356 serio
178 291 405 375 promiserint,
437 314 521 375 quae
544 298 614 359 tum
638 315 680 359 ex
704 301 825 361 natura
847 295 896 361 rei
918 297 951 360 in
975 296 1062 361 omni
1085 318 1162 363 casu
1193 299 1399 364 necessariae
1436 350 1444 367 .

64 383 162 458 sunt,
194 384 266 446 tum
296 381 338 446 ad
368 382 586 465 reparandum
616 384 806 449 scandalum
837 385 1047 466 requiruntur
1077 387 1131 451 vel
1161 388 1202 452 ab
1226 386 1398 453 Ordinario

64 469 296 553 praescriptae
319 475 405 536 sunt.

159 594 214 658 An
244 613 435 668 ousasrruu
459 597 497 658 2¹⁰
523 595 559 658 R.
587 597 615 663 1.
654 596 764 660 Fauor
786 595 1001 662 absolutionis
1024 619 1044 662 a
1068 598 1222 676 censuris,
1254 609 1460 665 commu-655

65 681 207 749 tationis
230 686 384 747 votorum
411 687 472 750 etc.
508 683 631 767 ,prima
662 683 733 749 vice
762 688 909 751 tantnm“
944 688 998 751 vel
1032 708 1115 764 ,una
1146 689 1216 753 vice
1246 693 1394 755 tantum“

65 771 277 925 ῗῖηοθῗῇῖυέ,
311 773 411 838 etiam
441 773 570 854 quando
600 773 733 838 iubilaei
763 774 1000 857 indulgentiam
1029 776 1152 860 pluries
1175 777 1295 843 lucrari
1319 779 1398 843 fide·

79 883 88 924 1
114 882 154 925 us
191 880 266 926 ree.

164 960 196 1038 1)
221 957 341 1024 Bened.
364 957 442 1022 XIV
467 959 649 1024 Convocatis
679 957 697 1040 ἕ
722 961 763 1024 84
793 959 888 1026 dicit:
924 960 1050 1039 ,illum,
1081 962 1110 1026 si
1139 964 1241 1028 semel
1269 963 1399 1029 illarum

65 1045 283 1129 ¹(gratiarum)
306 1047 471 1131 particeps
495 1053 547 1114 est
569 1048 674 1132 prima
698 1048 785 1127 vice,
817 1071 881 1131 qna
904 1051 1079 1116 iubilaenm
1104 1058 1297 1118 consecutus
1325 1053 1397 1132 fuit,

65 1135 190 1201 iterum
215 1157 327 1201 earum
349 1135 544 1220 participem
567 1137 637 1202 fieri
661 1159 724 1202 non
748 1159 854 1222 posse,
879 1139 907 1203 si
931 1145 1007 1222 post
1028 1139 1166 1224 primam
1191 1141 1323 1207 iubilaei
1344 1163 1399 1208 ac·

67 1224 281 1309 quisitionem
304 1225 423 1291 iterum
446 1226 478 1290 in
503 1246 659 1291 censuras
682 1227 824 1293 incidit.“

65 1325 67 1328 ‘
162 1315 196 1395 2)
228 1312 323 1379 Anno
356 1317 440 1379 1869
470 1315 501 1380 S.
526 1315 784 1382 Paenitentiaria
814 1315 1013 1382 auctoritate
1043 1316 1092 1382 Pii
1121 1318 1167 1383 IX
1200 1319 1397 1386 declaravit:

71 1405 145 1482 ,An
169 1406 317 1487 tempore
340 1401 472 1468 iubilaei
495 1403 550 1468 ills
574 1404 629 1487 qui
653 1405 686 1469 vi
709 1405 839 1472 iubilaei
864 1404 1007 1471 eiusdem
1032 1406 1131 1473 fuerit
1154 1428 1175 1472 a
1198 1409 1344 1473 censuris
1365 1413 1400 1475 et

67 1492 201 1558 casibus
224 1492 404 1558 reservatis
427 1492 612 1573 absolutus,
644 1493 670 1558 si
702 1495 820 1560 iterum
844 1494 968 1560 incidat
990 1494 1023 1560 in
1054 1517 1150 1561 casus
1180 1501 1214 1564 et
1244 1519 1399 1565 censuras

68 1586 277 1655 reservatas,
310 1581 414 1664 possit
446 1583 590 1648 secunda
619 1582 691 1648 vice
721 1583 848 1648 absolvi
878 1604 1040 1667 peragens
1070 1584 1189 1651 iterum
1220 1608 1320 1671 opera
1348 1586 1399 1652 in·

67 1670 213 1736 iuncta.“
259 1669 298 1737 R.
326 1670 539 1753 ,Negative.“

162 1760 197 1842 3)
219 1759 321 1824 Immo
336 1758 370 1824 in
386 1759 526 1825 iubilaeo
542 1759 618 1825 anni
639 1761 733 1838 1875,
751 1761 837 1842 quod
852 1762 954 1826 semel
970 1765 1100 1828 tantum
1116 1763 1240 1845 acquiri
1256 1768 1398 1846 poterat,

66 1848 102 1916 S.
120 1847 380 1915 Paenitentiaria
402 1854 521 1930 rogata
542 1851 611 1927 ,An
628 1849 818 1915 confessarii
835 1850 1007 1916 absolvere
1022 1850 1149 1934 possint
1165 1853 1397 1935 paenitentem,

68 1937 125 2020 qui
149 1938 216 2003 iam
240 1959 260 2003 a
284 1937 462 2003 reservatis
486 1941 564 2004 eta
594 1938 739 2003 censuris
769 1939 939 2005 absolutus
968 1938 1002 2004 in
1032 1961 1072 2006 ea
1102 1941 1207 2007 denuo
1237 1941 1398 2021 inciderit,

70 2031 250 2109 antequam
289 2047 390 2110 opera
423 2027 609 2111 impleverit
642 2028 684 2093 ad
717 2027 951 2110 acquirendum
982 2027 1157 2096 iubilaenm
1189 2034 1398 2115 praecepta“.

67 2115 110 2183 R.
142 2115 293 2192 ,Virtute
317 2115 446 2181 iubilaei
471 2137 566 2200 posse
590 2138 655 2182 una
675 2117 745 2182 vice
769 2121 898 2182 tantum
921 2117 1048 2183 absolvi
1072 2139 1093 2184 a
1115 2119 1294 2187 reservatis
1318 2124 1352 2186 et
1378 2142 1399 2187 a

70 2205 229 2283 censuris,
253 2226 311 2270 seu
335 2208 504 2288 negative.“

163 2311 202 2376 R.
229 2315 258 2377 2.
287 2311 339 2376 Ex
362 2311 458 2376 modo
482 2311 594 2378 allatis
617 2312 658 2377 ad
687 2310 718 2394 1)
742 2317 776 2378 et
800 2315 834 2386 2)
858 2316 952 2396 patet
974 2312 1137 2379 Amaliam
1162 2315 1305 2380 secunda
1327 2314 1400 2380 vice

71 2423 138 2465 non
163 2400 310 2484 potuisse
334 2400 461 2465 absolvi
485 2400 517 2464 vi
539 2400 682 2477 iubilaei,
707 2401 769 2466 etsi
793 2401 875 2468 velit
891 2423 991 2486 opera
1007 2401 1137 2468 iubilaei
1152 2402 1284 2470 iterare.
1312 2403 1399 2470 Nam

72 2489 245 2555 verissime
274 2498 343 2575 post
371 2493 510 2575 priorum
541 2490 672 2555 iutilcer'
703 2492 941 2576 acquisitione-m
971 2491 1089 2557 iterum
1119 2491 1232 2560 incidit
1259 2494 1293 2558 in
1323 2514 1399 2558 cen·

71 2600 194 2645 suram.
242 2579 385 2644 Lucrata
418 2578 502 2644 enim
537 2584 589 2644 est
620 2579 750 2644 iubilaei
782 2580 1019 2661 indulgentiam
1050 2585 1125 2666 post
1153 2583 1292 2665 primam
1323 2604 1400 2647 con·

72 2668 251 2734 fossionem
281 2672 315 2733 et
344 2672 536 2749 sequentem
566 2690 592 2734 s,
624 2668 890 2734 communionem.
920 2709 965 2717 —
995 2671 1043 2735 De
1074 2673 1184 2736 cetero
1221 2692 1261 2735 ne
1300 2692 1401 2755 opera

72 2757 205 2840 quidem
221 2755 425 2840 praescripta
440 2755 562 2823 iterare
578 2757 694 2841 potuit,
716 2757 778 2821 nisi
794 2757 932 2824 haberet
948 2758 1182 2824 confessarium
1199 2761 1253 2840 qni
1270 2759 1400 2825 aliunde

71 2867 173 2929 quam
197 2845 230 2911 vi
254 2844 385 2911 iubilaei
402 2849 569 2929 potestate
584 2846 626 2911 ad
643 2846 878 2912 absolvendum
893 2847 926 2911 in
943 2867 1043 2913 causa
1059 2847 1204 2913 haeresis
1220 2848 1400 2915 instructus

71 2936 134 3003 est.
175 2935 263 3001 Nam
286 2935 328 3000 ad
352 2955 453 3018 opera
475 2935 532 3000 illa
559 2935 703 3019 pertinet
733 2936 832 3001 etiam
863 2932 1040 3013 confessio,
1071 2957 1175 3018 eaque
1204 2937 1232 3001 si
1262 2943 1401 3020 peccata

71 3024 228 3091 mortalia
251 3024 381 3101 adsunt,
406 3045 465 3108 per
487 3024 725 3090 absolutionem
749 3026 921 3108 completa.

163 3130 203 3196 R.
221 3135 251 3196 3.
284 3129 377 3196 Circa
392 3130 536 3208 Luciam,
560 3131 588 3195 si
611 3151 804 3213 responsum
828 3131 887 3196 sub
905 3131 939 3211 3)
962 3130 1103 3196 relatum
1123 3131 1289 3210 sumimus,
1313 3131 1398 3197 idern
1409 3147 1462 3200 656

71 3225 126 3287 est
151 3219 332 3285 dicendum.
364 3219 451 3284 Nam
467 3220 566 3285 Lucia
590 3241 654 3286 non
679 3220 856 3304 complevit
879 3220 1008 3302 quidem
1033 3240 1133 3304 opera
1152 3220 1194 3286 ad
1210 3221 1400 3287 lucrandam

70 3309 206 3465 Ιὶἓὺὶἰεοί
227 3309 468 3464 {nffinfiam
491 3309 596 3393 prima
620 3310 700 3386 vice,
725 3310 783 3374 sed
807 3310 958 3375 absoluta
981 3308 1087 3392 prima
1110 3309 1181 3375 vice
1205 3314 1266 3389 est,
1290 3316 1325 3377 et
1348 3332 1401 3377 re·

106 3418 168 3482 psa
191 3419 226 3463 es
374 3450 380 3463 .

164 3496 322 3562 Attamen
351 3495 432 3560 haec
462 3495 495 3560 S.
526 3495 804 3561 Paenitentiariae
836 3495 968 3579 privata
997 3495 1165 3579 responsio
1194 3497 1300 3578 legem
1334 3518 1399 3562 non

71 3584 164 3650 fecit.
203 3583 310 3662 Quare
339 3583 450 3650 licebit
480 3589 570 3651 stare
599 3585 734 3665 regulae
763 3585 954 3650 aBened.
979 3584 1056 3649 XIV
1080 3586 1140 3650 sub
1166 3585 1198 3666 1)
1222 3586 1400 3651 communi·

71 3679 180 3750 eatae.
213 3673 302 3750 Quae
324 3674 441 3754 regula
464 3677 554 3740 certo
578 3695 641 3739 non
666 3674 814 3741 excludit
834 3674 876 3739 ab
899 3673 1104 3740 absolutione
1127 3695 1200 3738 eum
1224 3675 1279 3757 qui
1294 3676 1400 3759 prima

72 3763 148 3828 vice
171 3783 236 3844 qua
258 3763 405 3828 lucratus
436 3767 487 3828 est
516 3762 690 3828 iubilaenm
722 3784 878 3828 censurae
908 3763 959 3827 vel
991 3763 1207 3829 reservationi
1240 3764 1399 3829 obnoxius

71 3862 140 3917 non
164 3855 245 3929 erat,
271 3856 386 3935 postea
409 3871 488 3917 vero
511 3852 545 3916 in
568 3852 724 3917 eiusmodi
748 3851 1007 3917 reservationem
1030 3852 1181 3919 inciderit
1197 3856 1297 3934 atque
1313 3874 1399 3918 nunc

71 3942 181 4007 denuo
204 3941 277 4006 vult
299 3940 474 4006 iubilaenm
499 3941 628 4007 lucrari.
674 3941 740 4022 (lta
763 3942 849 4005 enim
872 3942 974 4007 habes
998 3962 1040 4006 ex
1063 3962 1148 4024 resp.
1176 3944 1192 4005 l
1218 3941 1285 4007 lan.
1314 3943 1398 4007 1873

73 4031 117 4097 'ad
142 4030 208 4113 Ep.
233 4029 454 4096 Novocom,
479 4030 566 4095 dato.
598 4030 645 4095 of.
669 4031 723 4097 Th.
748 4053 790 4097 m.
807 4031 848 4107 ll,
874 4033 938 4095 554
958 4033 1041 4113 not.)
1074 4030 1280 4113 Quapropter
1302 4029 1399 4094 simili

71 4121 145 4186 inre
169 4119 294 4185 censeri
318 4123 429 4202 potest
451 4140 515 4183 non
539 4120 691 4184 exclusus
715 4120 912 4185 alecultate
929 4118 1128 4195 absolvendi,
1153 4119 1207 4201 qui
1223 4119 1398 4184 iubilaenm

72 4230 261 4291 numquam,
286 4229 327 4274 ne
350 4208 451 4273 semel
475 4207 614 4290 quidem,
638 4209 786 4274 lucratus
810 4213 872 4284 est,
896 4209 959 4274 etsi
982 4209 1151 4274 confessus
1168 4213 1202 4274 et
1217 4229 1237 4273 a
1253 4209 1399 4273 censuris

71 4299 119 4368 sit
143 4298 322 4374 absolutus,
347 4297 415 4375 sed,
439 4300 553 4380 utpote
569 4298 727 4381 relapsus,
753 4298 794 4362 ad
811 4298 1002 4362 lucrandam
1016 4297 1147 4363 iubilaei
1163 4296 1399 4379 indulgentiam

72 4389 181 4455 denuo
205 4386 352 4453 confiteri
375 4386 566 4469 absolvique
589 4387 696 4453 debet.
744 4387 868 4452 Saltem
899 4407 1002 4468 neque
1026 4386 1127 4451 verba
1151 4388 1297 4452 Bened.
1322 4387 1399 4451 XIV

72 4499 180 4560 neque
204 4478 306 4544 verba
330 4475 454 4541 decreti
477 4475 540 4540 Pii
562 4475 607 4540 IX
632 4496 717 4541 anuo
743 4478 827 4542 1869
852 4477 936 4540 hanc
959 4476 1263 4559 interpretationem
1287 4477 1400 4541 exelu-
