3044 5174
682 270 723 325 De
740 288 778 327 ss.
797 270 968 325 eucharistia.

758 472 893 540 Solutio.

98 635 152 688 265
250 617 303 682 Ar>
327 636 518 692 Quassrruu
544 618 581 681 1¹⁰
603 616 643 682 R.
670 618 699 683 1.
746 616 799 681 Ex
822 637 858 682 se
881 636 984 698 grave
1014 620 1225 700 praeceptum
1256 616 1367 683 estin
1388 615 1487 684 missa

162 705 336 771 adhibendi
359 705 517 771 ministri:
542 704 576 770 in
599 726 664 787 qua
686 725 722 771 re
745 705 817 771 sola
839 704 1020 771 necessitas
1043 710 1197 784 excusat,
1221 709 1274 772 ut:
1305 707 1486 774 necessitas

163 795 276 861 viatici
299 794 530 870 consecrandi;
554 794 735 861 necessitas
757 815 799 860 ne
816 794 970 860 sacerdos
985 794 1066 877 1888,
1091 815 1164 860 cum
1188 794 1347 862 assistere
1370 795 1487 862 missae

162 906 225 950 non
238 883 377 968 amplius
393 884 508 968 possit,
524 884 637 949 diebus
653 882 837 968 praeceptis
853 887 966 950 careat
981 882 1097 960 missa;
1115 883 1295 951 necessitas
1307 884 1421 969 populi
1432 886 1485 952 ba·

161 973 286 1039 1188188
314 972 433 1039 missae
457 973 570 1038 diebus
592 972 778 1056 praeceptis
802 971 930 1054 (verum
959 971 1077 1038 hocin
1105 993 1184 1038 casu
1205 973 1408 1058 impossibile
1438 979 1486 1041 est

161 1084 224 1129 non
248 1062 361 1128 haberi
384 1083 480 1146 posse
496 1062 597 1127 ullum
613 1061 808 1141 ministrum,
832 1062 896 1129 etsi
912 1061 999 1128 forte
1014 1060 1100 1128 desit
1115 1061 1170 1145 qui
1185 1061 1248 1128 rite
1263 1064 1483 1148 respondeat).

183 1249 204 1314 d
248 1159 351 1315 332.
406 1159 595 1242 Numquam
628 1159 706 1226 licet
737 1159 871 1226 missam
904 1159 1091 1237 celebrare,
1124 1158 1333 1228 ministrante
1365 1161 1484 1228 femina

162 1271 182 1314 8
227 1270 247 1315 8
297 1270 343 1316 88.

250 1347 289 1415 R.
315 1349 344 1414 3.
392 1346 564 1412 Celebrare
587 1367 659 1411 cum
683 1345 832 1413 ministro
856 1344 911 1428 qui
933 1345 1060 1413 nesciat
1087 1346 1288 1430 respondere
1310 1345 1424 1415 licebit
1447 1369 1485 1414 ex

162 1436 272 1519 eliqua
295 1436 494 1503 necessitate
517 1436 653 1502 minore.

251 1535 289 1603 R.
314 1538 345 1603 4.
392 1533 513 1611 Quodsi
540 1532 661 1599 femina
685 1532 772 1599 adsit
802 1552 886 1615 quae
909 1532 1106 1616 respondere
1129 1531 1234 1617 possit
1256 1554 1275 1599 e
1297 1533 1484 1617 longinquo,

161 1624 273 1692 licebit
295 1645 338 1689 ex
361 1623 432 1689 sola
455 1622 629 1688 devotione
658 1622 825 1688 celebrare
860 1619 892 1703 1)
916 1621 1045 1705 quando
1075 1621 1226 1687 minister
1253 1623 1423 1689 masculus
1446 1623 1485 1690 sit

162 1713 203 1779 ad
234 1713 341 1779 altare
364 1712 420 1794 qui
441 1732 495 1777 888
518 1710 720 1778 necessarias
743 1709 908 1794 porrigat;
942 1710 976 1790 2)
1000 1710 1131 1777 videtur
1153 1710 1305 1778 etiamsi
1334 1712 1485 1779 sacerdos

160 1801 230 1886 ipse
254 1800 316 1868 sibi
339 1800 525 1868 ministrare
548 1800 676 1878 debeat,
699 1800 797 1865 rebus
819 1799 861 1864 ab
883 1798 976 1865 initio
991 1799 1039 1864 sic
1061 1799 1251 1884 compositis
1273 1805 1312 1868 ut
1333 1801 1485 1869 decenter

161 1891 275 1975 possit.
308 1889 370 1970 (cf.
392 1891 448 1956 Tb.
466 1913 506 1956 81.
523 1888 565 1968 ΙΙ,
584 1890 665 1966 241;
690 1888 721 1955 S.
739 1888 855 1971 Alph.
872 1888 930 1967 VI,
947 1886 1037 1970 392.)
1068 1889 1113 1955 ut
1132 1910 1330 1972 quemquam
1347 1890 1380 1958 S.
1397 1891 1438 1958 R.
1454 1891 1483 1959 (1

161 1981 191 2047 d.
216 1980 246 2046 d.
272 1979 394 2064 4883.
421 1981 505 2044 1893
528 1978 561 2043 18
579 1978 778 2044 Cadurcensi
798 1976 832 2042 id
855 1977 1073 2045 restrinxerat
1096 1978 1138 2044 ad
1161 1999 1256 2045 casus
1280 1978 1485 2047 necessitatis

161 2068 275 2137 viatici
297 2074 332 2137 et
354 2068 473 2134 missae
489 2088 532 2132 ex
546 2069 723 2151 praecepto
739 2066 929 2146 audiendae,
952 2087 988 2132 re
1004 2067 1109 2132 denuo
1124 2088 1295 2151 perpensa,
1320 2068 1483 2136 decretum

161 2160 241 2225 illud
265 2159 412 2224 severius
436 2156 605 2240 suspendit
628 2155 836 2222 (11818188.
856 2157 941 2222 1894
965 2159 999 2222 81
1016 2157 1144 2222 demum
1163 2157 1193 2223 d.
1213 2157 1253 2221 18
1270 2156 1385 2224 Μ88111
1403 2159 1482 2223 1899

162 2249 269 2331 (Docr.
295 2249 382 2313 8811.
406 2268 437 2312 n.
462 2247 549 2310 4015
573 2245 615 2311 ad
628 2244 688 2328 VI)
713 2244 754 2311 ad
773 2244 906 2321 Quaest.
935 2246 1003 2322 ,An
1028 2245 1061 2310 in
1085 2246 1339 2312 conservatoriis
1362 2246 1483 2330 puella·

161 2359 233 2402 rum
257 2337 377 2402 missae
400 2356 421 2401 a
444 2335 614 2418 capellano
638 2334 825 2400 celebratae
854 2333 1014 2400 inservire
1044 2333 1166 2418 possit,
1197 2338 1293 2402 extra
1324 2336 1483 2402 cancellos

161 2427 215 2491 vel
239 2425 369 2510 longius
393 2426 434 2491 ab
457 2424 571 2502 altari,
596 2423 708 2507 aliqua
730 2443 773 2488 ex
796 2423 913 2507 puellis
936 2424 989 2488 vel
1013 2422 1225 2501 monialibus,
1250 2445 1324 2490 cum
1347 2446 1413 2491 non
1437 2424 1482 2492 fa·

161 2515 223 2581 8118
252 2515 297 2581 811
326 2515 424 2582 alium
456 2512 690 2580 inservientem
719 2511 884 2577 18888188*ι
912 2511 1010 2596 Resp.
1046 2511 1289 2593 ,Affirmative,
1323 2517 1359 2580 in
1390 2536 1482 2596 8888,

161 2610 196 2672 81
219 2627 260 2671 ex
283 2604 510 2671 necessitate.“

100 2745 151 2800 888
251 2731 303 2794 An
326 2747 517 2803 8888818818
541 2728 581 2789 2“
604 2725 633 2790 R
659 2728 687 2791 1.
734 2723 786 2788 Ex
817 2722 912 2789 dictis
942 2722 1008 2788 iam
1037 2727 1131 2808 patet
1161 2723 1308 2791 Cassium
1338 2726 1481 2810 potuisse

161 2819 193 2883 in
217 2816 366 2883 omnibus
390 2814 518 2880 casibus
541 2813 674 2879 missam
698 2812 786 2879 licite
810 2813 993 2888 celebrare;
1019 2812 1169 2879 debuisse
1192 2818 1321 2892 tamen,
1354 2814 1384 2880 si
1408 2836 1482 2900 puer

161 2927 225 2973 non
249 2904 428 2989 respondit,
453 2903 522 2988 ipse
546 2903 707 2986 supplere,
732 2902 818 2968 male
841 2901 972 2986 prolata
988 2901 1162 2984 corrigere,
1186 2902 1214 2968 si
1238 2905 1481 2970 commodatori

160 2994 320 3080 potuerit:
352 2995 468 3061 melius
497 2991 615 3059 fuisset
638 2991 670 3056 18
694 2991 783 3057 hisce
807 2990 953 3068 casibus,
984 2991 1012 3055 ei
1041 3012 1123 3074 puer
1152 2991 1282 3074 quidem
1313 2992 1355 3058 ad
1379 2993 1481 3060 altare

161 3083 397 3160 ministrasset,
422 3083 544 3149 femina
567 3080 718 3147 monialis
741 3101 759 3146 8
782 3079 960 3162 longinquo
983 3079 1222 3163 respondisset;
1247 3085 1348 3164 atque
1371 3102 1413 3148 ea
1435 3104 1482 3148 re·

160 3174 358 3258 spondente,
382 3172 415 3236 in
439 3171 554 3236 ultimo
578 3191 656 3235 casu
680 3170 787 3254 potuit
811 3169 909 3235 etiam
935 3168 1022 3234 omni
1046 3169 1195 3235 ministro
1219 3191 1350 3250 carere,
1374 3175 1481 3238 tamen

160 3269 228 3330 tum
252 3267 381 3329 tantum
406 3260 534 3343 quando
558 3281 622 3326 non
646 3259 800 3344 apparuit
821 3280 879 3324 seu
902 3258 1016 3324 baberi
1039 3279 1102 3322 non
1126 3258 1243 3341 potuit.

247 3365 288 3431 R.
313 3367 343 3432 2.
376 3362 410 3428 Si
433 3363 583 3429 minister
606 3361 740 3435 recedit.
765 3361 944 3427 celebranti
969 3360 1100 3426 difficile
1123 3366 1175 3428 est
1199 3362 1385 3428 discernere
1408 3384 1480 3429 num

160 3475 352 3519 reversurus
376 3453 420 3519 sit
443 3473 554 3518 necue.
587 3451 721 3528 Quando
745 3451 846 3533 igitur
870 3451 982 3519 statim
1006 3450 1048 3516 ab
1072 3449 1165 3516 initio
1187 3450 1323 3527 recedit,
1348 3473 1482 3537 exspec-

159 3544 295 3608 tandum
320 3547 380 3620 est,
406 3547 440 3608 et
463 3542 532 3607 sola
548 3539 746 3606 necessitate
761 3543 900 3621 urgente
923 3541 992 3605 sine
1009 3539 1074 3604 ullo
1094 3539 1243 3606 ministro
1260 3539 1396 3606 missam
1411 3563 1482 3627 per·

160 3653 260 3715 agere
284 3631 404 3697 licebit.
437 3630 572 3707 Quando
596 3635 705 3695 autem
731 3629 901 3694 celebrans
917 3627 982 3693 iam
999 3627 1189 3694 notabiliter
1203 3649 1401 3713 progressus
1425 3636 1481 3705 881,

160 3743 191 3788 v.
216 3743 247 3804 g.
272 3720 337 3786 iam
361 3720 450 3786 ultra
472 3718 683 3795 offertorium,
708 3717 818 3785 licebit
841 3717 1005 3784 sacerdoti
1027 3736 1183 3800 pergere3
1208 3738 1285 3783 nam
1308 3717 1482 3785 incommo-

161 3811 236 3875 dum
261 3814 295 3875 et
317 3808 501 3876 indecentia
524 3808 766 3892 abrumpendae
788 3808 909 3873 missae
932 3807 965 3872 in
981 3827 1019 3872 eo
1036 3827 1114 3871 casu
1131 3805 1321 3888 aequivalet
1343 3808 1483 3874 necessi·

159 3899 222 3965 tati
239 3920 282 3964 ex
301 3920 365 3982 qua
381 3898 480 3964 liceat
501 3897 571 3963 sine
587 3897 736 3963 ministro
753 3896 939 3980 procedere.
975 3898 1088 3962 11888.
1107 3895 1147 3973 ll,
1166 3897 1247 3970 244;
1273 3897 1482 3973 Craisson,

161 3990 400 4055 11888818188.
425 4010 495 4053 888.
520 4009 551 4054 n.
577 3989 674 4053 3683.

428 4179 663 4247 OBLIGATIO
686 4176 978 4245 RUBRICARUM
1001 4176 1048 4241 IN
1073 4176 1211 4243 MISSA.

725 4336 836 4402 Casus.
855 4343 913 4410 (19)

249 4476 394 4534 Achatius
410 4495 553 4535 aversans
569 4476 809 4535 consuetudinem
820 4475 849 4533 in
861 4478 948 4533 rebus
961 4470 1166 4532 minutissimis
1177 4472 1354 4547 exquirendi
1364 4477 1482 4535 authen·

160 4555 211 4613 tici
234 4555 500 4631 congregationum
523 4557 605 4615 Rom.
627 4556 764 4632 responsi
793 4556 840 4614 his
862 4555 1022 4631 practicam
1052 4552 1261 4611 auctoritatem
1283 4573 1344 4614 non
1366 4557 1481 4625 tribuit3

161 4635 755 4696 8111811881188888811818881111888118,
797 4637 906 4695 Verum
933 4635 988 4693 hus
1009 4635 1091 4710 ipses
1120 4652 1224 4710 parum
1252 4636 1413 4710 observat,
1441 4637 1484 4698 in·
