3044 5174
79 628 133 682 256

79 3032 133 3085 257

659 298 699 352 De
718 315 755 353 se.
774 297 947 354 eucharistia.

737 471 874 540 Salutio.

232 616 285 680 An
314 636 506 691 quaasrruu
533 619 569 680 1¹²
593 615 631 681 R.
658 618 687 681 1.
733 615 822 699 Lege
849 616 1010 681 communi
1041 615 1265 682 ecclesiastica
1294 616 1339 682 ad
1369 616 1470 682 sacri·

143 705 304 770 licendum
320 704 498 787 requiritur
513 703 546 769 in
563 704 702 770 ecelesia
717 705 909 771 occidentali
927 705 1033 770 altare
1049 704 1213 788 lapideum
1229 709 1468 783 consecratum,

142 792 240 876 idque
263 795 322 859 sub
346 793 451 875 gravi.
499 796 633 859 Misaale
655 796 746 860 Rom.
770 795 860 860 rubr.
882 817 989 879 perer.
1013 797 1060 860 tit.
1083 798 1138 860 20.

232 901 273 968 R.
297 904 327 967 2.
374 899 514 966 Dubium
538 921 602 966 non
627 900 767 984 amplius
796 900 922 965 moveri
952 904 1062 984 potest
1085 900 1162 983 quin
1195 900 1407 982 requirantur
1429 901 1468 966 ad

141 989 250 1055 altare
273 989 337 1056 rite
360 993 587 1055 consecratum
618 988 775 1070 reliquiae
805 993 993 1055 sanctorum
1024 994 1205 1072 martyrum
1236 991 1269 1055 in
1292 1011 1332 1055 co
1356 1011 1469 1055 recon-

142 1078 243 1145 ditae.
271 1079 309 1144 Id
326 1079 412 1144 enim
429 1077 541 1144 multis
553 1079 586 1147 S.
599 1078 639 1145 R.
652 1079 686 1143 G.
705 1079 845 1144 decretis
862 1082 899 1144 ut
914 1077 1046 1144 omnino
1063 1078 1282 1145 necessarium
1300 1079 1468 1146 statuitur.

233 1184 271 1250 R.
297 1187 327 1251 3.
373 1184 559 1267 Aliquando
589 1188 699 1250 tamen
731 1184 764 1249 in
794 1184 976 1268 privilegiis
1008 1183 1286 1251 missionariorum
1311 1185 1343 1252 S.
1370 1185 1469 1251 Sedes

143 1274 202 1340 dat
224 1272 418 1339 facultatem
442 1273 628 1340 celebrandi
651 1274 684 1339 in
709 1274 808 1340 altari
831 1273 931 1341 etiam
955 1278 1128 1348 exsecrato
1152 1274 1205 1339 vel
1229 1274 1299 1340 sine
1323 1273 1468 1357 reliquiis

143 1367 349 1438 sanctorum.
378 1362 477 1428 immo
501 1362 601 1428 etiarn
632 1361 844 1428 consecrandi
867 1362 987 1429 altaria
1010 1362 1081 1428 sine
1103 1362 1265 1445 reliquiis:
1298 1385 1330 1432 v.
1357 1364 1468 1430 Collec-

142 1461 239 1518 toaea
263 1454 295 1518 S.
322 1452 356 1518 0.
381 1453 418 1516 de
441 1453 537 1536 Prop.
563 1452 600 1518 l'.
625 1464 657 1518 n.
682 1455 757 1519 825.
783 1454 857 1518 829.
883 1453 958 1518 831.

233 1554 272 1620 R.
297 1557 328 1620 4.
360 1553 582 1635 Distinguitur
604 1559 714 1621 autem
735 1556 841 1621 altare
857 1556 959 1620 fixum
975 1559 1010 1620 at
1025 1554 1132 1620 altare
1148 1553 1265 1620 mobile
1281 1575 1340 1620 seu
1356 1560 1469 1640 porta·

143 1643 218 1721 tile,
242 1643 340 1725 idque
362 1647 432 1709 tum
456 1664 553 1708 sensu
577 1643 728 1726 liturgico
752 1649 822 1711 tum
846 1665 943 1709 sensu
968 1643 1133 1711 canonico.
1158 1681 1203 1690 -
1226 1643 1296 1709 Lex
1318 1664 1361 1710 na
1385 1645 1469 1709 cele·

143 1733 257 1799 hretur
279 1732 349 1797 sine
373 1731 507 1815 speciali
530 1732 703 1816 privilegio
726 1733 760 1799 in
782 1733 880 1800 altari
902 1733 1049 1817 portatili
1072 1731 1277 1816 intellegitur
1293 1733 1333 1798 de
1356 1737 1468 1818 porta-

143 1822 194 1889 tili
216 1821 250 1887 in
273 1842 371 1886 sensu
396 1821 562 1887 canonico.

233 1910 335 1977 Sensu
366 1910 468 1993 igitur
497 1913 642 1997 lituryico
671 1911 772 1975 fixum
803 1909 909 1978 altare
933 1913 1072 1975 vocatur
1101 1911 1208 1976 altare
1238 1910 1325 1992 quod
1359 1910 1468 1977 stabili

142 1999 239 2066 modo
263 2003 484 2066 constructum
508 2004 560 2065 est
583 2003 617 2066 et
640 1998 732 2065 cuius
754 2004 827 2065 tota
849 2019 964 2064 mensa
985 1998 1116 2082 lapidea
1131 2020 1203 2064 cum
1218 1999 1347 2082 reliqua
1363 2007 1469 2066 enuc-

142 2093 219 2156 tura
242 2089 420 2155 cohaerens
443 2092 497 2154 ast
519 2091 727 2163 consecrata;
751 2087 907 2172 portatile
928 2091 1066 2154 vocatur
1088 2088 1173 2171 quod
1189 2089 1340 2154 breviore
1363 2088 1469 2155 forma

143 2181 355 2244 consecratur
378 2181 412 2243 et
435 2177 585 2244 consistit
609 2177 643 2242 in
659 2178 728 2242 solo
745 2178 862 2262 lapide,
887 2177 942 2260 qui
958 2176 1083 2243 moveri
1099 2178 1204 2261 possit
1220 2183 1320 2260 atque
1334 2198 1469 2244 mensae

142 2267 243 2337 inseri
267 2267 320 2332 vel
343 2266 579 2350 superimponi,
610 2271 726 2332 tantae
757 2266 992 2349 magnitudinis
1022 2270 1059 2332 ut
1082 2266 1224 2332 hostiam
1254 2272 1289 2333 et
1312 2267 1467 2333 maiorem

142 2359 272 2440 partem
295 2355 406 2421 calicis
429 2376 546 2439 capere
568 2355 682 2439 possit.

232 2446 336 2511 Sensu
360 2447 508 2511 canonico
530 2446 632 2509 fixum
656 2443 762 2509 altare
785 2442 913 2521 dicitur,
938 2442 1206 2526 quandocumque
1229 2448 1399 2511 structura
1422 2446 1468 2512 al·

143 2534 225 2601 taris
249 2533 326 2600 talis
350 2538 402 2600 ast
424 2538 550 2599 utnon
572 2532 677 2617 possit
699 2532 824 2598 moveri
848 2533 887 2598 da
911 2532 982 2598 loco
1005 2532 1039 2597 in
1067 2532 1173 2599 locum
1197 2533 1251 2601 vel
1273 2533 1394 2600 saltem
1418 2540 1468 2600 ta·

143 2624 207 2688 lem
231 2622 372 2706 speciem
395 2642 475 2705 prae
498 2642 535 2687 se
557 2621 642 2698 fe1t;
666 2625 814 2688 attamen
836 2621 917 2686 nihil
939 2621 1042 2688 refert
1057 2626 1167 2688 utrum
1191 2625 1265 2689 tota
1282 2643 1398 2690 mensa
1421 2622 1468 2688 al·

142 2712 226 2778 taris
256 2711 300 2777 sit
332 2715 526 2777 consecrata
555 2733 598 2776 an
628 2732 760 2776 mensae
788 2711 875 2776 fixae
904 2710 988 2793 lapis
1012 2715 1223 2778 consecratus
1246 2711 1290 2778 sit
1314 2712 1467 2779 insertus.

144 2801 303 2867 Portatile
326 2801 433 2866 altare
456 2822 553 2866 sensu
577 2800 732 2866 canonico
753 2804 892 2865 vocatur
914 2799 993 2865 illud
1016 2801 1101 2882 quod
1125 2822 1184 2884 pro
1208 2800 1335 2866 actibus
1359 2806 1468 2867 trans·

143 2890 296 2956 euntibus
319 2889 352 2954 in
375 2890 447 2955 loco
470 2890 609 2973 profano
633 2888 772 2971 erigitur
794 2893 828 2955 et
851 2894 927 2972 post
950 2911 1044 2954 usum
1068 2889 1153 2955 solat
1175 2889 1348 2956 removeri.

231 3014 285 3080 An
317 3034 508 3090 onnasrruu
539 3016 578 3078 2¹²
609 3013 649 3080 R.
683 3017 711 3079 1.
757 3012 793 3079 Si
825 3013 864 3079 de
897 3013 1142 3080 consecratione
1174 3017 1208 3079 et
1240 3015 1469 3081 exsecratione

143 3104 297 3170 altarium
329 3104 517 3185 quaeritur,
554 3101 720 3168 distinctio
751 3101 810 3166 fixi
841 3107 876 3169 et
907 3102 1073 3186 portatilis
1104 3102 1221 3168 altaris
1253 3103 1336 3168 sumi
1371 3104 1468 3170 debet

143 3214 241 3258 sensu
273 3193 436 3274 liturgico.
483 3191 599 3257 Altare
631 3191 733 3272 igitur
765 3192 865 3255 lixum
898 3196 1004 3257 totum
1037 3212 1109 3256 cum
1141 3190 1213 3256 basi
1245 3199 1467 3260 consecratur.

143 3282 222 3347 Eius
239 3281 368 3363 quidem
387 3281 591 3347 consecratio
607 3280 757 3347 seiuncta
772 3280 814 3344 ab
827 3280 985 3346 ecclesiae
998 3280 1244 3346 consecratione
1260 3281 1330 3348 fieri
1342 3287 1466 3366 potest;

143 3372 301 3437 ecclesiae
325 3374 436 3436 autern
460 3369 664 3436 consecratio
687 3368 833 3452 legitime
857 3390 921 3434 non
943 3371 981 3435 fit
1004 3370 1074 3434 sine
1091 3369 1186 3435 unius
1209 3371 1328 3436 saltem
1353 3372 1467 3438 altaris

143 3458 398 3526 consecratione.
446 3459 616 3540 Reliquiae
638 3458 861 3524 reconduntur
883 3458 953 3523 sive
975 3458 1008 3523 in
1032 3458 1138 3524 medio
1162 3459 1339 3543 superioris
1362 3462 1467 3544 partis

142 3570 275 3615 mensae
298 3548 369 3614 sive
392 3548 425 3613 in
448 3547 558 3615 fronte
588 3548 658 3613 sive
688 3548 721 3613 in
750 3547 904 3613 inferiore
927 3568 1059 3612 mensae
1088 3552 1184 3631 purte
1214 3548 1268 3613 ubi
1290 3549 1372 3615 haec
1396 3572 1467 3615 cum

142 3639 255 3722 stipite
279 3637 496 3720 coniungitur.

232 3745 270 3810 R.
289 3748 318 3810 2.
351 3744 514 3810 Altanum
529 3742 732 3827 portatilium
748 3743 950 3809 consecratio
966 3746 1003 3809 fit
1014 3743 1109 3808 modo
1125 3743 1275 3809 breviore
1287 3742 1320 3809 in
1336 3744 1467 3828 pontifi·

143 3834 205 3899 cali
230 3837 354 3912 notato,
378 3837 552 3917 potestque
568 3833 637 3898 fieri
655 3837 752 3898 extra
768 3831 936 3898 ecclesiam
961 3833 994 3896 in
1009 3833 1147 3899 honesto
1163 3834 1234 3898 loeo
1259 3833 1301 3898 ad
1316 3833 1349 3898 id
1372 3855 1467 3917 prae·

142 3927 278 4008 parato;
310 3927 410 4005 atque
440 3922 656 3989 communiter
687 3927 920 3988 consecrantur
949 3922 1116 4005 complura
1146 3922 1266 3988 altaria
1298 3924 1466 4006 portatilia

143 4013 249 4090 simul,
274 4016 311 4077 ut
334 4015 466 4096 praesto
490 4011 557 4078 sint
580 4032 639 4095 pro
662 4010 862 4077 necessitate
879 4011 1098 4076 ecclesiarum.
1131 4011 1354 4094 Reliquiarum
1378 4012 1468 4079 locus

143 4103 241 4168 debet
264 4122 336 4167 esse
359 4101 392 4167 in
416 4100 522 4166 medio
545 4101 678 4168 tabulae
702 4101 734 4164 in
757 4106 853 4184 parte
869 4099 1046 4183 superiore,
1070 4099 1178 4182 ibique
1201 4100 1314 4184 lapillo
1335 4104 1371 4167 at
1393 4123 1468 4168 cae·

142 4196 253 4257 mento
278 4190 477 4271 claudendus
500 4194 551 4255 est
575 4189 699 4254 loculus
723 4211 780 4254 seu
804 4189 1026 4273 sepulchrum:
1057 4189 1112 4270 qui
1136 4189 1267 4273 lapillus
1291 4189 1466 4272 aliquando

99 4287 102 4290 ⁴
143 4281 244 4347 etiam
272 4279 448 4364 „siciliam
475 4283 621 4344 vocatur.

231 4387 271 4453 R.
290 4389 320 4454 3.
349 4386 543 4451 Exsecratio
559 4385 629 4450 sive
645 4387 784 4450 fixorum
801 4385 870 4449 sive
886 4383 1088 4468 portatilium
1105 4384 1258 4451 altarium
1274 4386 1313 4450 fit
1332 4384 1364 4467 1)
1381 4385 1466 4451 fruc·

141 4476 231 4542 tione
255 4477 395 4554 enormi,
427 4475 513 4557 quod
540 4496 616 4539 num
641 4476 680 4540 de
704 4476 775 4540 sola
804 4473 965 4539 fractione
989 4474 1083 4538 unius
1116 4473 1221 4539 crucis
1244 4474 1394 4540 lateralis
1418 4476 1466 4540 in-

142 4567 321 4648 tellegatur
349 4588 414 4630 non
442 4564 523 4631 satis
548 4568 678 4630 constat
702 4563 828 4644 (verum
859 4562 886 4626 si
911 4563 950 4628 de
974 4563 1120 4647 port-atili
1151 4563 1248 4629 altari
1272 4586 1381 4630 sermo
1406 4571 1465 4639 ast,

142 4656 322 4739 amplitudo
346 4660 441 4721 tanta
464 4674 596 4719 manere
620 4653 733 4730 debet,
765 4659 801 4718 ut
825 4674 851 4718 e.
876 4653 1016 4719 hostiam
1042 4675 1114 4719 curn
1145 4652 1268 4718 maiore
1292 4659 1390 4738 parte
1414 4677 1467 4722 ca·
