3044 5174
281 303 428 374 Dispositio
446 306 481 359 ad
499 307 658 361 sumendam
676 325 713 362 ss.
732 306 938 361 eucharistiam:
957 334 993 343 —
1011 304 1148 358 ieiunium.
1336 305 1377 371 95

145 478 185 546 R.
203 482 233 546 2.
262 480 422 546 Revooari
438 483 500 547 hae
516 504 635 548 causae
650 488 788 567 possunt
803 485 872 549 fere
891 483 923 564 1)
939 482 981 549 ad
996 502 1132 565 gravem
1148 481 1378 548 necessitatem

53 568 106 632 cui
130 568 259 633 occurri
289 569 422 647 debeat,
454 573 488 652 2)
512 572 553 637 ad
583 573 687 656 legem
712 573 900 656 negativam
924 575 1094 654 urgentem
1118 591 1201 653 quae
1224 570 1379 637 videlicet

53 679 187 740 semper
209 663 243 725 et
265 679 325 742 pro
349 681 478 743 semper
501 666 607 744 urget,
632 684 662 729 v.
687 684 718 744 g.
744 684 785 728 ne
808 664 864 728 det
849 667 904 728 tur
926 661 1126 727 scandalum.

146 781 199 845 Aa
223 786 477 857 ιιιιιιιιιιιιιι2ιιι
500 784 539 851 R.
564 785 606 850 ad
634 789 774 871 primum
797 807 919 851 casum.
966 784 999 850 Si
1024 783 1163 849 Aemilia
1186 782 1259 848 aliis
1282 803 1378 867 prae·
1363 790 1440 846 -168

53 870 203 935 sentibus
234 877 314 938 nota
346 877 419 938 erat
451 879 488 939 ut
517 895 658 957 persona
689 874 760 957 pia,
792 876 825 940 in
858 895 956 956 quam
989 873 1130 975 suspicio
1163 872 1280 937 cadere
1313 892 1377 937 non

53 965 169 1043 posset
184 981 227 1025 ex
238 980 379 1038 recessu,
397 962 509 1028 debuit
520 962 672 1028 recedere
684 983 788 1046 neque
804 962 896 1030 licuit
881 969 976 1030 tnon
988 962 1116 1027 ieiunae
1129 961 1377 1063 communicare.

54 1050 106 1114 lta
131 1070 204 1114 esse
226 1053 368 1132 poterat,
392 1051 420 1115 si
443 1052 532 1117 solus
556 1052 724 1118 celebrans
745 1074 817 1117 cum
833 1051 981 1117 ministro
1005 1072 1115 1135 puero,
1140 1049 1195 1133 qui
1217 1071 1258 1116 ne
1281 1051 1379 1116 iutel-

53 1139 188 1220 legebat
217 1138 346 1221 quidem
377 1140 452 1222 quid
482 1141 530 1206 rei
553 1145 657 1220 esset,
688 1142 741 1206 vel
765 1163 837 1206 cum
867 1140 980 1225 paucis
1008 1139 1157 1225 personis
1186 1140 1269 1205 bene
1292 1140 1379 1206 notis

52 1227 85 1292 in
111 1227 251 1293 ecclesia
274 1231 371 1294 esset.

145 1315 209 1382 Sed
239 1317 267 1382 si
298 1318 454 1383 recedens
485 1339 505 1383 a
536 1340 562 1384 s.
593 1317 817 1384 communione
847 1318 1061 1403 suspicionem
1094 1338 1230 1400 gravem
1263 1321 1379 1383 contra

53 1425 90 1471 se
120 1405 295 1483 movisset,
325 1406 379 1471 vel
408 1427 449 1472 ne
478 1407 510 1472 id
539 1408 635 1474 tieret
663 1409 841 1474 timendum
871 1410 959 1484 erat,
991 1407 1083 1473 licuit
1105 1405 1264 1472 Aemiliae
1294 1427 1378 1489 quae

53 1495 141 1648 ιᾶὀιιι
173 1495 238 1649 tid?
273 1501 458 1564 accesserat
492 1497 591 1562 etiam
626 1517 690 1562 non
725 1497 851 1562 ieiunae
885 1518 912 1563 s.
945 1496 1202 1562 communionem
1237 1517 1377 1563 sumere.

84 1587 115 1649 ι.
139 1604 180 1649 m.
240 1633 247 1660 ,
274 1587 346 1651 162.

144 1689 184 1755 R.
210 1689 251 1756 ad
274 1691 447 1756 secundum
472 1712 592 1757 casum.
630 1692 701 1757 Hae
726 1697 760 1757 et
782 1691 904 1757 similes
921 1712 1038 1757 causae
1062 1691 1287 1758 diiudicandae
1302 1697 1440 1760 sunt169

53 1800 96 1843 ex
121 1779 383 1845 circumstantiis.
432 1779 464 1845 Si
494 1802 548 1846 res
578 1801 661 1862 quae
685 1780 803 1846 accidit
833 1781 992 1846 declarari
1022 1784 1132 1864 potest
1161 1802 1266 1863 neque
1290 1782 1379 1847 aliud

53 1866 159 1934 oritur
183 1868 245 1933 nisi
268 1868 428 1950 quaedam
451 1869 641 1936 admiratio:
664 1869 746 1935 haec
768 1868 852 1935 ratio
876 1890 940 1935 non
964 1872 1016 1935 est
1039 1891 1095 1935 cur
1122 1891 1187 1935 nou
1209 1870 1316 1936 ieiuno
1339 1871 1380 1936 li·

55 1964 130 2024 ceat
156 1957 331 2023 celebrare.
365 1959 486 2023 Verum
509 1958 537 2023 si
559 1958 736 2042 periculum
761 1962 813 2025 est
834 1980 876 2023 ne
899 1959 1023 2024 oriatur
1046 1958 1099 2025 vel
1123 1959 1301 2025 diffamatio
1325 1961 1379 2025 vel

55 2047 265 2125 scandalum,
297 2047 468 2130 praevalet
498 2047 553 2112 lex
585 2049 666 2113 haec
697 2047 824 2114 vitandi
855 2068 935 2131 prae
967 2048 1040 2130 lege
1072 2048 1225 2114 servandi
1255 2048 1378 2117 ieiunii.

55 2136 255 2202 Scandalum
278 2141 387 2202 autem
404 2156 485 2202 voco
506 2157 570 2201 non
586 2136 835 2204 admirationem
858 2137 915 2202 sed
939 2157 1053 2202 ansam
1070 2137 1152 2202 sumi
1176 2137 1217 2202 ad
1242 2137 1379 2203 dicteria

55 2229 173 2291 contra
196 2225 401 2290 sacerdotem
424 2226 477 2290 vel
501 2225 680 2292 Ecclesiam
704 2230 763 2292 aut
786 2227 827 2292 ad
851 2226 917 2291 alia
939 2229 1116 2309 praecepta
1131 2225 1294 2292 violanda.
1330 2227 1379 2292 Re

54 2316 128 2398 ipsa
152 2314 307 2379 eiusmodi
332 2313 417 2380 ratio
440 2313 472 2378 in
489 2321 602 2381 nostro
618 2337 696 2381 casu
712 2336 777 2380 non
792 2336 867 2381 raro
883 2315 999 2380 adesse
1022 2320 1141 2399 potest.
1180 2317 1235 2381 la.
1253 2339 1293 2383 m.
1311 2316 1332 2382 l.
1350 2339 1377 2383 c.

146 2411 326 2477 Lacroix
347 2413 369 2478 l.
388 2415 418 2489 6,
442 2434 472 2495 p.
493 2417 520 2491 1,
544 2435 575 2479 ιι.
594 2415 658 2478 573
683 2415 722 2479 de
745 2412 804 2478 tali
821 2434 897 2477 casu
922 2413 1022 2479 habet
1044 2414 1134 2490 haec,
1159 2413 1283 2480 scilicet
1300 2434 1379 2478 nuru

54 2501 161 2585 possit
184 2500 345 2584 primitias
368 2501 533 2567 celebrare
556 2523 620 2567 non
643 2502 784 2567 ieiunus:
817 2502 899 2579 „Per
921 2522 957 2566 se
980 2502 1141 2584 loquendo
1164 2524 1228 2567 non
1252 2507 1377 2586 potest;

55 2596 195 2673 possunt
223 2596 335 2656 tamen
358 2611 431 2656 esse
454 2590 720 2658 circumstantiae
742 2591 783 2655 ob
813 2591 1011 2673 quaelicet,
1044 2613 1073 2657 v.
1099 2613 1130 2674 g.
1155 2592 1184 2656 si
1207 2592 1312 2658 Titius
1335 2593 1379 2658 sit

55 2680 202 2745 familiae
224 2678 440 2763 perhonestae
463 2681 505 2744 ad
529 2681 619 2745 cuius
630 2679 802 2781 primitias
818 2680 1015 2746 conveniunt
1036 2681 1168 2763 cognati
1192 2681 1294 2758 multi,
1319 2702 1378 2765 pro

54 2770 174 2851 quibus
190 2769 289 2834 etiam
305 2767 349 2833 sit
366 2768 492 2834 lautum
509 2769 693 2834 convivium
710 2773 991 2853 praeparatum;r
982 2770 1060 2836 item
1077 2791 1104 2834 sr
1096 2770 1248 2854 publice
1264 2775 1377 2835 notum

54 2859 98 2923 sit
83 2858 169 2923 tvel
192 2857 429 2940 proclamatum
453 2879 525 2923 eum
549 2857 643 2923 hodie
666 2858 732 2925 lect
717 2863 827 2925 turum
850 2877 923 2923 esse
946 2858 1107 2942 primitias
1130 2862 1164 2925 et
1179 2879 1197 2924 e
1214 2859 1378 2925 contrario

54 2967 149 3012 error
178 2946 264 3010 illius
288 2942 337 3029 [in
367 2946 547 3029 frangendo
574 2945 709 3031 ieiunio]
734 2947 777 3013 sit
807 2947 914 3013 occult
901 2953 969 3025 tus,
1000 2947 1061 3012 hoo
1092 2968 1169 3013 casu
1199 2947 1268 3013 licit
1254 2953 1323 3013 tum
1348 2949 1378 3012 ei

54 3035 119 3102 erit
104 3035 317 3102 tcelebrare
345 3040 416 3101 turn
446 3056 503 3119 per
525 3036 704 3121 epikeiam‚
736 3058 810 3101 nam
841 3036 949 3101 nullus
979 3057 1081 3120 papa
1111 3036 1139 3101 si
1170 3036 1301 3103 adesset
1324 3038 1377 3102 vel

54 3126 326 3207 interrogaretur,
343 3124 444 3191 vellet
460 3126 544 3190 hunc
568 3147 678 3191 casum
696 3126 769 3209 lege
784 3125 994 3200 inclusum‚t
995 3147 1047 3189 um
1064 3129 1198 3209 propter
1213 3125 1376 3210 publicum

56 3215 248 3280 scandalum
271 3213 354 3279 alias
377 3214 562 3281 oriturum.“
614 3215 661 3282 cf.
686 3215 819 3281 Gobat
842 3215 899 3292 III,
925 3217 1000 3280 411.

145 3321 185 3387 R.
210 3321 252 3386 ad
282 3323 407 3386 tertium
438 3342 558 3387 casum.
605 3322 715 3387 Etiam
744 3322 797 3387 hic
820 3321 905 3387 ratio
935 3320 1081 3386 scandali
1112 3320 1239 3387 attendi
1269 3321 1375 3388 debet.

56 3411 107 3476 Ne
132 3410 270 3495 populus
294 3410 404 3492 aliqua
427 3410 497 3475 vice
521 3416 633 3476 careat
656 3411 756 3476 missa
780 3410 831 3476 die
854 3414 1039 3495 praecepto,
1063 3410 1149 3475 ratio
1164 3415 1298 3476 nonest
1320 3431 1378 3475 cur

57 3501 207 3566 Ecclesia
238 3498 409 3583 permittat
438 3520 503 3564 non
532 3499 638 3564 ieiuno
669 3499 845 3565 celebrare.
899 3500 945 3567 At
975 3500 1093 3582 gravia
1125 3499 1262 3565 dicteria
1293 3520 1377 3582 quae

56 3589 160 3656 multo
183 3589 312 3653 facilius
334 3587 440 3654 timeri
464 3593 616 3672 possunt,
648 3589 731 3654 siin
755 3610 875 3670 magua
898 3588 1119 3656 sollemnitate
1142 3589 1242 3653 missa
1265 3609 1377 3654 carere

57 3679 199 3745 debeant
221 3677 365 3761 quamsi
389 3677 553 3744 consuetis
577 3678 698 3755 diebus,
723 3678 882 3743 rationem
899 3677 1044 3742 scandali
1066 3679 1203 3753 habent3
1228 3677 1378 3744 similiter

57 3769 213 3834 fundatus
242 3768 340 3833 timor
370 3788 410 3831 ne
440 3768 494 3848 qui
524 3767 591 3833 sint
619 3767 673 3848 qui
704 3768 783 3833 data
806 3766 1050 3850 opportunitate
1074 3767 1222 3831 audiendi
1247 3788 1376 3832 sacrum

57 3858 133 3922 alibi
150 3878 192 3922 ex
211 3857 417 3940 neglegentia
431 3857 481 3921 vel
498 3856 732 3939 indignatione,
749 3859 861 3939 spreta
877 3856 949 3938 lege
961 3855 1136 3932 Ecclesiae,
1154 3878 1217 3921 non
1230 3860 1376 3932 utantur,

56 3945 203 4012 scandali
218 3946 377 4012 rationem
394 3945 502 4012 habet.
531 3945 580 4011 Ob
596 3946 656 4011 has
668 3950 702 4009 et
717 3945 839 4010 similas
852 3966 977 4045 causas,
995 3944 1021 4009 si
1039 3945 1211 4023 exsistunt,
1228 3949 1377 4028 praestat

56 4058 75 4100 a
103 4058 167 4101 uon
199 4035 305 4100 ieiuno
329 4035 485 4100 celebrari
516 4056 613 4116 quam
638 4034 827 4100 scandalum
856 4034 975 4117 permit
961 4034 1013 4100 tti.
1064 4036 1119 4100 rt.
1150 4059 1190 4100 ιιι
1221 4036 1241 4101 l.
1274 4056 1301 4100 c
1333 4073 1373 4080 -

56 4123 235 4191 Lacroix
264 4125 285 4190 l.
318 4147 344 4191 c.
369 4147 399 4190 n
426 4127 489 4189 572
522 4124 666 4189 referens
700 4124 882 4190 contrarias
914 4123 1055 4188 santent'
1047 4144 1096 4187 ras
1129 4124 1251 4224 pergit:
1293 4122 1375 4198 „Alii

55 4218 171 4280 tenent
195 4235 268 4279 oum
285 4214 497 4280 Tanner..
516 4213 586 4289 „si
611 4213 736 4278 nesciat
759 4214 895 4315 populus
919 4213 1039 4277 Titium
1055 4234 1118 4277 non
1136 4234 1208 4277 esse
1223 4213 1374 4287 ieiunum,

54 4306 161 4371 minus
196 4303 387 4368 malumes
388 4264 534 4370 thunc
562 4303 672 4384 legere
706 4324 769 4367 non
803 4301 944 4367 ieiunum
983 4323 1079 4383 quam
1115 4323 1186 4367 cum
1221 4301 1375 4366 scandalo

55 4394 175 4460 offendi
208 4398 314 4458 totum
346 4393 500 4494 populum
530 4397 563 4458 et
549 4392 654 4458 ttali
687 4392 738 4456 dia
769 4391 893 4475 privari
923 4391 1031 4458 missa.
1085 4390 1204 4466 Quodsi
1237 4389 1375 4473 populus

54 4484 154 4551 sciret
177 4485 329 4548 neutrum
353 4502 424 4546 esse
447 4481 598 4556 ieiunum,
624 4481 786 4546 Tanner
810 4480 888 4545 dicit
912 4480 1026 4544 melius
1050 4500 1122 4544 esse
1146 4478 1311 4544 admoneri
1334 4480 1375 4543 de

54 4595 166 4640 errore
199 4576 233 4637 et
268 4570 386 4636 dimitti
422 4571 491 4636 sine
525 4571 641 4647 missa;
678 4571 811 4635 Gobat
846 4570 924 4634 dicit
956 4569 1070 4633 melius
1104 4569 1175 4633 fore
1209 4569 1237 4632 si
1270 4567 1375 4632 Titius

54 4664 208 4738 celebret,
234 4659 311 4742 quia
334 4661 522 4725 scandalum
545 4665 682 4725 cavetur
704 4660 731 4723 si
755 4659 931 4725 edoceatur
953 4658 1100 4742 populus,
1126 4657 1210 4739 quod
1227 4657 1377 4723 Ecclesia
