3044 5174
148 271 212 336 208
602 266 807 322 Sacramentum
826 268 1017 338 paenitentiae.

148 444 287 509 tentiam
310 444 488 527 eligendos.
535 444 568 509 Si
592 465 670 509 vero
695 444 913 509 confessarius
936 444 992 510 ille
1014 446 1177 529 parochus
1201 447 1387 513 Veronicae
1411 468 1477 512 non

148 538 209 609 est,
185 533 338 598 tmulto
362 535 468 598 minus
492 533 624 599 ullum
615 554 666 597 ιιι
688 533 722 597 ιι
747 554 819 598 eam
822 533 975 634 ‘eiusque
999 534 1236 601 confessionem
1260 536 1373 614 habet,
1399 537 1477 619 quia

147 584 378 688 iurisdictionis
401 643 461 687 usu
486 644 550 688 non
580 622 704 706 potitur
734 621 796 687 nisi
820 621 852 686 in
877 644 949 700 ιοι,
980 625 1035 705 qui
1058 628 1175 708 sponte
1205 629 1240 691 et
1263 626 1398 709 proprio
1421 647 1477 690 ar-

148 711 246 775 bitrio
270 711 439 777 accedunt.
485 711 538 777 Ιιι
524 717 659 793 terroga
660 711 766 776 tiones
790 731 884 789 vero,
917 732 998 794 quas
1028 713 1248 779 confessarius
1271 714 1370 792 facit,
1338 719 1476 780 t·ten

149 800 262 865 dunt
216 804 286 865 tm
310 801 444 877 hoc,ut
429 800 601 866 tlibertas
628 799 807 865 Veronicae
832 800 1068 884 restringatur:
1093 823 1171 884 ergo
1197 823 1262 867 non
1278 764 1387 868 soloin
1411 825 1475 869 non

149 889 221 972 agit
250 889 319 954 iore
349 910 425 966 suo,
458 889 515 954 sed
545 889 696 954 iniuriam
726 888 835 972 potius
866 889 1047 955 Veronicae
1077 891 1188 957 infert.
1242 892 1339 959 Unde
1369 893 1409 958 fit
1438 900 1475 958 ut

150 978 332 1043 Verouicae
354 978 453 1044 liceat
476 999 666 1062 responsum
700 977 880 1055 declinare,
912 979 963 1043 vel
989 979 1089 1045 etiam
1113 1001 1186 1045 cum
1209 980 1419 1048 restrictione
1442 982 1476 1045 in

148 1067 200 1132 his
224 1067 477 1134 circumstantiis
501 1067 582 1132 satis
606 1067 704 1132 obvia
727 1066 850 1133 factum
874 1088 1005 1150 negare.

238 1157 291 1221 Ex
314 1160 386 1243 ipsa
408 1157 511 1239 igitur
534 1180 569 1221 re
600 1178 663 1220 non
693 1162 761 1234 est,
793 1177 851 1221 cur
874 1157 1036 1222 Veronica
1068 1156 1196 1224 dicatur
1218 1178 1392 1242 peccasse,
1422 1159 1474 1223 vel

149 1245 248 1310 immo
271 1267 374 1328 grave
397 1245 604 1328 sacrilegium
629 1245 845 1310 commisisse:
870 1245 939 1310 fieri
956 1251 1067 1312 tamen
1083 1247 1201 1330 potuit,
1226 1250 1263 1312 ut
1278 1268 1323 1313 ex
1337 1268 1475 1313 erronea

151 1334 359 1412 conscientia,
385 1334 524 1416 quaein
548 1332 706 1399 eiusmodi
728 1335 825 1399 rebus
849 1334 978 1399 facilius
1002 1334 1143 1414 exsistit,
1167 1339 1331 1420 peccaret.

239 1441 277 1508 R.
309 1444 339 1506 4.
387 1441 530 1525 Supponi
560 1441 659 1506 etiam
691 1441 788 1506 debet
817 1440 1013 1506 Veronicam
1043 1462 1108 1506 non
1139 1463 1211 1508 esse
1240 1442 1273 1507 in
1304 1443 1473 1509 occasione

150 1529 300 1614 proxima
322 1531 493 1613 peccandi,
525 1551 630 1613 neque
654 1530 707 1612 egi
732 1529 771 1594 de
795 1530 943 1614 relapsu,
975 1551 1038 1612 quo
1069 1530 1167 1597 dubia
1190 1531 1314 1598 evadat
1336 1531 1471 1598 actualis

150 1620 219 1684 eius
243 1619 428 1702 dispositio:
460 1640 535 1684 nam
559 1620 587 1684 si
609 1619 658 1684 ita
681 1624 748 1695 est,
775 1619 872 1683 debet
895 1623 1019 1685 statum
1042 1640 1137 1685 suum
1160 1620 1277 1699 fateri,
1313 1625 1469 1703 quatenus

150 1707 301 1773 nimirum
332 1709 372 1774 ad
410 1711 563 1773 adcelera
591 1711 716 1774 statum
746 1709 1006 1790 cognoscendum
1042 1709 1185 1791 cognitio
1220 1710 1466 1793 praeteritorum

150 1801 358 1880 peccatorum
382 1797 426 1862 ιιι
448 1796 643 1864 ιιιιιιιιιι.

239 1904 278 1969 a.
297 1906 326 1969 5.
358 1902 396 1967 Id
412 1924 538 1985 quoque
553 1903 586 1966 in
602 1902 766 1985 responsis
783 1902 868 1968 datis
885 1904 1088 2006 supponitur,
1110 1905 1179 1972 scil.
1198 1904 1395 1971 Veronicam
1411 1924 1464 1969 non

150 1994 366 2076 praetendere
390 1992 535 2073 adeoque
559 1990 712 2056 simulare
736 1990 935 2072 singularem
959 1992 1058 2058 animi
1075 1993 1263 2094 puritatem,
1289 2015 1355 2077 qua
1378 1993 1463 2076 digna

150 2082 320 2159 iudicetur,
345 2103 442 2163 quam
467 2080 621 2147 admit
637 2081 856 2145 confessarius
872 2083 913 2145 ad
930 2082 1187 2147 communionem
1201 2083 1399 2169 frequentem
1419 2078 1516 2145 vel:

151 2173 356 2237 cotidianam.
388 2169 590 2252 Quamquam
609 2170 808 2246 etiamtum,
831 2171 949 2235 saltem
964 2171 1096 2236 silebit
1097 2171 1260 2238 ocliferia
1273 2192 1316 2237 ea
1330 2165 1516 2274 puritate

152 2260 295 2337 viveret,
327 2280 410 2341 quae
440 2258 627 2324 necessaria
657 2263 746 2324 esset
731 2258 818 2324 tad
849 2259 1055 2340 frequentem
1083 2260 1174 2325 illam
1205 2261 1459 2332 communionem,

151 2371 227 2413 cas-a
251 2354 362 2415 autem
386 2348 560 2429 aliquando
585 2347 756 2413 cecidisset
741 2347 962 2430 tetatimque
991 2353 1196 2432 resurgeret,
1227 2370 1335 2432 neque
1363 2355 1458 2417 ιιιιι
1490 2374 1516 2415 ι

151 2438 297 2513 auderet,
322 2437 485 2502 ordinario
509 2436 709 2502 confessario
733 2436 858 2502 factum
882 2437 1040 2516 confiteri,
1063 2438 1176 2519 gravis
1198 2438 1329 2522 peccati
1352 2460 1394 2504 ex
1415 2437 1458 2502 de·
1484 2412 1516 2517 ι

151 2526 240 2592 fectu
263 2526 462 2592 sinceritatis
485 2525 633 2591 accusari
656 2547 720 2590 non
744 2530 865 2608 posset.
1510 2552 1516 2556 ·

89 2667 141 2720 356
240 2649 293 2714 Ao
320 2671 512 2725 ooaasmon
536 2652 574 2713 2⁰
597 2650 636 2715 R.
664 2652 691 2714 1.
738 2648 952 2726 confessarii,
983 2649 1038 2731 qui
1069 2671 1145 2715 suos
1168 2648 1378 2733 paenitentes
1400 2667 1458 2733 pro
1505 2654 1516 2737 j

152 2739 274 2815 hibent,
299 2760 340 2803 ne
357 2739 438 2804 alios
454 2738 670 2804 confessarios
686 2737 816 2815 adeant,
838 2737 1065 2819 gravissimam
1090 2738 1130 2803 iis
1145 2738 1298 2804 iniuriam
1313 2738 1458 2804 inferunt:
1506 2751 1516 2824 j

152 2848 257 2910 neque
280 2828 417 2905 haesito,
428 2828 518 2910 quin
535 2848 591 2893 eos
607 2827 719 2908 gravis
736 2827 861 2910 peccati
876 2827 1031 2893 incusem.
1065 2827 1232 2892 Summam
1247 2827 1349 2895 certis
1364 2823 1460 2912 paeni·
1506 2852 1516 2909 j

151 2916 297 2983 tentibus
320 2918 458 2982 suadere
482 2922 618 3001 possunt
635 2917 687 2981 vel
711 2916 808 2981 etiam
832 2915 1012 2998 iniungere,
1037 2920 1074 2982 ut
1087 2920 1263 3002 qenerafim
1286 2917 1374 3002 apud
1397 2935 1461 2982 eun·
1510 2988 1516 3005 ῃ

151 3007 225 3072 dem
257 3007 492 3072 confessarium
525 3007 760 3082 confiteantur,
795 3026 900 3086 neque
933 3009 1044 3070 tamen
1076 3026 1113 3071 se
1144 3006 1234 3089 ipsos
1265 3011 1405 3089 possunt
1431 3003 1462 3067 iis
1511 3018 1516 3033 ⁴

150 3096 335 3163 obtrudere.
1512 3095 1516 3104 '

240 3201 279 3268 R.
305 3205 334 3268 2.
381 3201 484 3265 Immo
508 3199 607 3266 etiam
630 3198 667 3276 ii,
692 3198 746 3280 qui
770 3219 937 3263 accessum
962 3198 1003 3263 ad
1027 3197 1127 3263 alium
1151 3198 1389 3265 confessarium
1411 3219 1466 3264 non

151 3310 308 3373 expresse
331 3290 519 3375 prohibent,
550 3288 608 3353 sed
632 3287 779 3370 graviter
802 3287 913 3353 ferunt
899 3287 1068 3368 tsibique
1091 3287 1263 3371 displicere
1287 3289 1466 3356 ostendunt

151 3379 268 3443 timere
299 3379 418 3444 debent
449 3400 489 3444 ne
512 3381 652 3464 praviter
674 3380 820 3459 peccent
797 3375 953 3441 tNam
976 3377 1037 3441 hoo
1060 3377 1156 3442 modo
1179 3377 1389 3461 paenitentes
1411 3398 1469 3443 non

152 3469 293 3533 audaces
316 3467 485 3534 moraliter
509 3471 646 3547 cogunt,
677 3470 714 3532 ut
744 3465 830 3550 apud
858 3487 894 3530 se
925 3466 1024 3531 confit
1009 3470 1158 3538 t3eantur
1189 3470 1290 3549 atque
1322 3467 1471 3533 facillime

152 3577 251 3621 causa
275 3562 367 3633 sunt,
399 3578 456 3621 cur
479 3577 521 3621 ex
552 3556 673 3639 pudore
702 3558 839 3637 peccata
862 3555 979 3636 gravia
1009 3554 1164 3620 omittant
1166 3576 1205 3620 ur
1235 3561 1269 3622 et
1293 3556 1471 3639 sacrilegiis

152 3645 326 3728 sacrilegia
350 3646 523 3722 addantur,
547 3645 644 3726 idque
668 3665 709 3708 ex
735 3648 854 3709 iniusto
878 3667 938 3709 sua
963 3644 1101 3710 actione.
1148 3644 1196 3710 Cf.
1222 3644 1335 3730 Gury
1359 3646 1380 3712 l.
1406 3669 1431 3712 c.

333 3846 568 3913 consessio
593 3845 774 3911 PECCATI
797 3847 856 3911 EX
880 3845 1122 3912 OBLIVIONE
1146 3845 1300 3914 OMISSI.
1514 3842 1516 3851 '

707 4012 818 4078 casus.
838 4019 914 4087 (ιιι)

240 4154 363 4223 Evodio,
385 4154 498 4213 novitia
520 4153 645 4212 alicuius
661 4155 908 4229 congregationis,
931 4173 983 4230 per
998 4154 1116 4228 longius
1130 4159 1248 4230 tempus
1263 4154 1373 4215 misere
1394 4156 1476 4232 lapsa

153 4240 183 4294 et
194 4255 265 4310 prae
278 4235 456 4293 verecundia
468 4235 612 4308 sacrilege
625 4234 772 4299 confessa,
792 4235 904 4293 demum
917 4235 995 4292 inter
1007 4254 1094 4293 sacra
1107 4233 1250 4292 exercitia
1262 4235 1475 4296 conscientiam

153 4335 235 4374 suem
253 4315 403 4390 pandit,a
344 4321 369 4372 t·
386 4322 497 4373 etcum
512 4334 589 4372 nunc
604 4314 655 4372 vix
671 4315 798 4373 omnium
813 4321 918 4391 peccat
920 4334 1000 4373 orum
1016 4314 1197 4385 recordetur,
1212 4314 1297 4373 timet
1313 4336 1351 4374 ne
1367 4316 1475 4392 aliquot

152 4402 275 4471 peccata
244 4395 444 4453 toblivione
466 4396 537 4453 omit
540 4402 592 4463 ιιι,
615 4415 690 4469 quae
712 4396 737 4452 si
759 4405 863 4470 postea
885 4395 1033 4454 ordinario
1051 4395 1234 4453 confessario
1250 4396 1339 4454 fateri
1362 4395 1474 4456 debeat

152 4475 270 4533 miseria
291 4475 342 4532 illa
365 4476 506 4551 praeterit
508 4494 526 4532 a
494 4441 640 4532 thuic'
633 4483 715 4549 ignat
715 4495 735 4533 a
750 4495 808 4534 non
824 4475 961 4534 manebit
941 4475 1073 4545 tQuod
1096 4493 1160 4532 cum
1182 4475 1303 4534 horreat
1291 4462 1477 4552 tmagister

153 4556 358 4613 exercitiorum
382 4575 445 4613 eam
467 4574 600 4613 securam
622 4575 688 4613 esse
711 4556 806 4625 iubet;
836 4555 860 4614 ιι
883 4555 958 4631 quod
979 4574 1057 4613 nuno
1086 4555 1178 4614 oblita
1200 4555 1306 4626 fuerit,
1335 4576 1370 4616 se
1390 4576 1476 4634 posse

153 4636 209 4692 sihi
230 4643 298 4711 post
319 4635 430 4710 aliquot
451 4654 576 4705 menses,
600 4655 665 4693 oum
686 4636 779 4694 redux
800 4603 898 4704 fuerit,
922 4636 993 4694 illud
1016 4636 1139 4712 aperire.
