<?xml version="1.0" encoding="UTF-8"?>
<!DOCTYPE html PUBLIC "-//W3C//DTD XHTML 1.0 Transitional//EN"
    "http://www.w3.org/TR/xhtml1/DTD/xhtml1-transitional.dtd">
<html xmlns="http://www.w3.org/1999/xhtml" xml:lang="en" lang="en">
 <head>
  <title>
</title>
<meta http-equiv="Content-Type" content="text/html;charset=utf-8" />
  <meta name='ocr-system' content='tesseract 3.04.00' />
  <meta name='ocr-capabilities' content='ocr_page ocr_carea ocr_par ocr_line ocrx_word'/>
</head>
<body>
  <div class='ocr_page' id='page_1' title='image "./casusconscienti00lehmgoog_0491.png"; bbox 0 0 3044 5174; ppageno 0'>
   <div class='ocr_carea' id='block_1_1' title="bbox 400 108 1387 181">
    <p class='ocr_par' dir='ltr' id='par_1_1' title="bbox 400 108 1387 181">
     <span class='ocr_line' id='line_1_1' title="bbox 400 108 1387 181; baseline 0.006 -18"><span class='ocrx_word' id='word_1_1' title='bbox 400 108 601 163; x_wconf 76' lang='lat' dir='ltr'><strong>Matrimonium</strong></span> <span class='ocrx_word' id='word_1_2' title='bbox 619 109 824 180; x_wconf 80' lang='lat' dir='ltr'>praecedentia:</span> <span class='ocrx_word' id='word_1_3' title='bbox 843 139 878 146; x_wconf 90' lang='lat'><em>—</em></span> <span class='ocrx_word' id='word_1_4' title='bbox 897 109 1047 181; x_wconf 88' lang='lat' dir='ltr'><strong>Sponsalia.</strong></span> <span class='ocrx_word' id='word_1_5' title='bbox 1323 115 1387 178; x_wconf 79' lang='lat'><strong>477</strong></span> 
     </span>
    </p>
   </div>
   <div class='ocr_carea' id='block_1_2' title="bbox 55 285 1387 603">
    <p class='ocr_par' dir='ltr' id='par_1_2' title="bbox 55 285 1387 603">
     <span class='ocr_line' id='line_1_2' title="bbox 146 285 1387 365; baseline 0.002 -20"><span class='ocrx_word' id='word_1_6' title='bbox 146 286 176 347; x_wconf 82' lang='lat'><strong>2.</strong></span> <span class='ocrx_word' id='word_1_7' title='bbox 198 285 359 359; x_wconf 81' lang='lat' dir='ltr'><strong>Quirinus,</strong></span> <span class='ocrx_word' id='word_1_8' title='bbox 387 287 495 346; x_wconf 91' lang='lat' dir='ltr'><strong>nobilis</strong></span> <span class='ocrx_word' id='word_1_9' title='bbox 517 286 647 358; x_wconf 85' lang='lat' dir='ltr'><strong>iuvenis,</strong></span> <span class='ocrx_word' id='word_1_10' title='bbox 668 306 768 346; x_wconf 90' lang='lat' dir='ltr'><strong>amore</strong></span> <span class='ocrx_word' id='word_1_11' title='bbox 789 286 929 346; x_wconf 87' lang='lat' dir='ltr'><strong>Roealiae</strong></span> <span class='ocrx_word' id='word_1_12' title='bbox 951 286 1080 346; x_wconf 88' lang='lat' dir='ltr'><strong>famulae</strong></span> <span class='ocrx_word' id='word_1_13' title='bbox 1101 293 1224 365; x_wconf 86' lang='lat' dir='ltr'><strong>captus,</strong></span> <span class='ocrx_word' id='word_1_14' title='bbox 1254 307 1320 347; x_wconf 90' lang='lat' dir='ltr'><strong>curn</strong></span> <span class='ocrx_word' id='word_1_15' title='bbox 1351 307 1387 347; x_wconf 90' lang='lat' dir='ltr'><strong>ea</strong></span> 
     </span>
     <span class='ocr_line' id='line_1_3' title="bbox 55 364 1387 444; baseline 0.002 -19"><span class='ocrx_word' id='word_1_16' title='bbox 55 366 124 426; x_wconf 87' lang='lat' dir='ltr'><strong>iniit</strong></span> <span class='ocrx_word' id='word_1_17' title='bbox 144 365 310 444; x_wconf 82' lang='lat' dir='ltr'><strong>sponsalia</strong></span> <span class='ocrx_word' id='word_1_18' title='bbox 345 364 429 436; x_wconf 84' lang='lat' dir='ltr'><strong>Quod</strong></span> <span class='ocrx_word' id='word_1_19' title='bbox 451 386 517 426; x_wconf 92' lang='lat' dir='ltr'><strong>cum</strong></span> <span class='ocrx_word' id='word_1_20' title='bbox 538 376 678 444; x_wconf 87' lang='lat' dir='ltr'><strong>parentes</strong></span> <span class='ocrx_word' id='word_1_21' title='bbox 700 367 904 443; x_wconf 82' lang='lat' dir='ltr'><strong>cognoverint,</strong></span> <span class='ocrx_word' id='word_1_22' title='bbox 926 367 1117 426; x_wconf 87' lang='lat' dir='ltr'><strong>vehementer</strong></span> <span class='ocrx_word' id='word_1_23' title='bbox 1137 367 1294 426; x_wconf 86' lang='lat' dir='ltr'><strong>resistunt:</strong></span> <span class='ocrx_word' id='word_1_24' title='bbox 1318 388 1387 443; x_wconf 87' lang='lat' dir='ltr'><strong>qua·</strong></span> 
     </span>
     <span class='ocr_line' id='line_1_4' title="bbox 55 446 1386 524; baseline 0.001 -19"><span class='ocrx_word' id='word_1_25' title='bbox 55 452 190 523; x_wconf 90' lang='lat' dir='ltr'><strong>propter,</strong></span> <span class='ocrx_word' id='word_1_26' title='bbox 211 466 249 505; x_wconf 92' lang='grc'><strong>66</strong></span> <span class='ocrx_word' id='word_1_27' title='bbox 265 453 406 524; x_wconf 86' lang='grc'><strong>66666166</strong></span> <span class='ocrx_word' id='word_1_28' title='bbox 427 447 567 515; x_wconf 84' lang='lat' dir='ltr'><strong>offendat,</strong></span> <span class='ocrx_word' id='word_1_29' title='bbox 589 446 727 506; x_wconf 87' lang='lat' dir='ltr'><strong>Rcsaliae</strong></span> <span class='ocrx_word' id='word_1_30' title='bbox 749 446 882 506; x_wconf 91' lang='lat' dir='ltr'><strong>nuntium</strong></span> <span class='ocrx_word' id='word_1_31' title='bbox 905 447 997 506; x_wconf 91' lang='lat' dir='ltr'><strong>mittit</strong></span> <span class='ocrx_word' id='word_1_32' title='bbox 1017 452 1048 505; x_wconf 94' lang='lat' dir='ltr'><strong>et</strong></span> <span class='ocrx_word' id='word_1_33' title='bbox 1063 447 1167 507; x_wconf 83' lang='lat' dir='ltr'><strong>Glarae</strong></span> <span class='ocrx_word' id='word_1_34' title='bbox 1183 446 1266 506; x_wconf 82' lang='lat' dir='ltr'><strong>diviti</strong></span> <span class='ocrx_word' id='word_1_35' title='bbox 1288 449 1386 507; x_wconf 78' lang='lat' dir='ltr'><strong>niatri·</strong></span> 
     </span>
     <span class='ocr_line' id='line_1_5' title="bbox 56 527 366 603; baseline 0.006 -18"><span class='ocrx_word' id='word_1_36' title='bbox 56 527 188 586; x_wconf 90' lang='lat' dir='ltr'><strong>monium</strong></span> <span class='ocrx_word' id='word_1_37' title='bbox 210 527 366 603; x_wconf 85' lang='lat' dir='ltr'><strong>premittit.</strong></span> 
     </span>
    </p>
   </div>
   <div class='ocr_carea' id='block_1_3' title="bbox 56 648 983 729">
    <p class='ocr_par' dir='ltr' id='par_1_3' title="bbox 56 648 983 729">
     <span class='ocr_line' id='line_1_6' title="bbox 56 648 983 729; baseline -0.001 -19"><span class='ocrx_word' id='word_1_38' title='bbox 56 648 239 719; x_wconf 79' lang='lat' dir='ltr'><strong>Quanarrua</strong></span> <span class='ocrx_word' id='word_1_39' title='bbox 261 654 292 710; x_wconf 86' lang='grc' dir='ltr'><strong>1ο</strong></span> <span class='ocrx_word' id='word_1_40' title='bbox 311 650 380 729; x_wconf 90' lang='lat' dir='ltr'><strong>quid</strong></span> <span class='ocrx_word' id='word_1_41' title='bbox 402 650 648 728; x_wconf 88' lang='lat' dir='ltr'><strong>desponsalibus</strong></span> <span class='ocrx_word' id='word_1_42' title='bbox 671 650 701 709; x_wconf 92' lang='lat' dir='ltr'><strong>iu</strong></span> <span class='ocrx_word' id='word_1_43' title='bbox 723 652 841 710; x_wconf 86' lang='lat' dir='ltr'><strong>casibus</strong></span> <span class='ocrx_word' id='word_1_44' title='bbox 863 651 983 710; x_wconf 87' lang='lat' dir='ltr'><strong>notatis.</strong></span> 
     </span>
    </p>
   </div>
   <div class='ocr_carea' id='block_1_4' title="bbox 261 748 1386 906">
    <p class='ocr_par' dir='ltr' id='par_1_4' title="bbox 261 748 1386 906">
     <span class='ocr_line' id='line_1_7' title="bbox 261 748 1386 888; baseline 0 -80"><span class='ocrx_word' id='word_1_45' title='bbox 261 750 292 808; x_wconf 83' lang='lat'><strong>2⁰</strong></span> <span class='ocrx_word' id='word_1_46' title='bbox 312 748 446 888; x_wconf 65' lang='lat' dir='ltr'><strong>poeaitpte</strong></span> <span class='ocrx_word' id='word_1_47' title='bbox 474 748 635 808; x_wconf 87' lang='lat' dir='ltr'><strong>Pancratia</strong></span> <span class='ocrx_word' id='word_1_48' title='bbox 662 749 839 820; x_wconf 83' lang='lat' dir='ltr'><strong>Itembcrto,</strong></span> <span class='ocrx_word' id='word_1_49' title='bbox 869 748 972 809; x_wconf 82' lang='lat' dir='ltr'><strong>Clarae</strong></span> <span class='ocrx_word' id='word_1_50' title='bbox 1000 748 1140 821; x_wconf 81' lang='lat' dir='ltr'><strong>Quirinus</strong></span> <span class='ocrx_word' id='word_1_51' title='bbox 1168 750 1386 809; x_wconf 77' lang='lat' dir='ltr'><strong>matrimonium</strong></span> 
     </span>
     <span class='ocr_line' id='line_1_8' title="bbox 313 847 494 906; baseline 0 -18"><span class='ocrx_word' id='word_1_52' title='bbox 313 848 408 906; x_wconf 83' lang='lat' dir='ltr'><strong>promi</strong></span> <span class='ocrx_word' id='word_1_53' title='bbox 436 847 494 889; x_wconf 91' lang='lat' dir='ltr'><strong>ere.</strong></span> 
     </span>
    </p>
   </div>
   <div class='ocr_carea' id='block_1_5' title="bbox 658 987 794 1054">
    <p class='ocr_par' dir='ltr' id='par_1_5' title="bbox 658 987 794 1054">
     <span class='ocr_line' id='line_1_9' title="bbox 658 987 794 1054; baseline 0 -1"><span class='ocrx_word' id='word_1_54' title='bbox 658 987 794 1054; x_wconf 85' lang='lat' dir='ltr'><strong>Salutio.</strong></span> 
     </span>
    </p>
   </div>
   <div class='ocr_carea' id='block_1_6' title="bbox 58 1129 1450 2193">
    <p class='ocr_par' dir='ltr' id='par_1_6' title="bbox 58 1129 1450 2193">
     <span class='ocr_line' id='line_1_10' title="bbox 150 1129 1450 1214; baseline -0.002 -20"><span class='ocrx_word' id='word_1_55' title='bbox 150 1130 204 1194; x_wconf 88' lang='lat' dir='ltr'><strong>An</strong></span> <span class='ocrx_word' id='word_1_56' title='bbox 226 1150 419 1207; x_wconf 78' lang='grc'><strong>6666616666</strong></span> <span class='ocrx_word' id='word_1_57' title='bbox 445 1136 481 1194; x_wconf 80' lang='lat'><strong>1¹¹¹</strong></span> <span class='ocrx_word' id='word_1_58' title='bbox 504 1130 542 1196; x_wconf 87' lang='lat' dir='ltr'><strong>R.</strong></span> <span class='ocrx_word' id='word_1_59' title='bbox 570 1134 597 1196; x_wconf 91' lang='lat'><strong>1.</strong></span> <span class='ocrx_word' id='word_1_60' title='bbox 649 1130 683 1196; x_wconf 90' lang='lat' dir='ltr'><strong>Si</strong></span> <span class='ocrx_word' id='word_1_61' title='bbox 714 1129 960 1214; x_wconf 83' lang='lat' dir='ltr'><strong>promissionem</strong></span> <span class='ocrx_word' id='word_1_62' title='bbox 993 1129 1080 1196; x_wconf 90' lang='lat' dir='ltr'><strong>inter</strong></span> <span class='ocrx_word' id='word_1_63' title='bbox 1112 1130 1321 1196; x_wconf 89' lang='lat' dir='ltr'><strong>Pancratiam</strong></span> <span class='ocrx_word' id='word_1_64' title='bbox 1355 1134 1450 1196; x_wconf 79' lang='lat' dir='ltr'><strong>et826</strong></span> 
     </span>
     <span class='ocr_line' id='line_1_11' title="bbox 58 1216 1389 1303; baseline 0.002 -20"><span class='ocrx_word' id='word_1_65' title='bbox 58 1216 233 1284; x_wconf 86' lang='lat' dir='ltr'><strong>Camillum</strong></span> <span class='ocrx_word' id='word_1_66' title='bbox 265 1218 525 1297; x_wconf 83' lang='lat' dir='ltr'><strong>consideramus,</strong></span> <span class='ocrx_word' id='word_1_67' title='bbox 559 1218 754 1285; x_wconf 81' lang='lat' dir='ltr'><strong>Pancratice</strong></span> <span class='ocrx_word' id='word_1_68' title='bbox 783 1218 955 1303; x_wconf 85' lang='lat' dir='ltr'><strong>promissio</strong></span> <span class='ocrx_word' id='word_1_69' title='bbox 985 1219 1217 1301; x_wconf 79' lang='lat' dir='ltr'><strong>obligationem</strong></span> <span class='ocrx_word' id='word_1_70' title='bbox 1248 1220 1389 1285; x_wconf 91' lang='lat' dir='ltr'><strong>nubendi</strong></span> 
     </span>
     <span class='ocr_line' id='line_1_12' title="bbox 58 1307 1388 1391; baseline 0.003 -19"><span class='ocrx_word' id='word_1_71' title='bbox 58 1307 197 1373; x_wconf 85' lang='lat' dir='ltr'><strong>Camillo</strong></span> <span class='ocrx_word' id='word_1_72' title='bbox 213 1329 279 1373; x_wconf 92' lang='lat' dir='ltr'><strong>non</strong></span> <span class='ocrx_word' id='word_1_73' title='bbox 294 1307 433 1384; x_wconf 81' lang='lat' dir='ltr'><strong>induxit,</strong></span> <span class='ocrx_word' id='word_1_74' title='bbox 457 1309 511 1374; x_wconf 88' lang='lat' dir='ltr'><strong>vel</strong></span> <span class='ocrx_word' id='word_1_75' title='bbox 535 1309 652 1374; x_wconf 90' lang='lat' dir='ltr'><strong>saltem</strong></span> <span class='ocrx_word' id='word_1_76' title='bbox 673 1310 816 1374; x_wconf 82' lang='lat' dir='ltr'><strong>noudum</strong></span> <span class='ocrx_word' id='word_1_77' title='bbox 831 1308 970 1386; x_wconf 82' lang='lat' dir='ltr'><strong>induxit,</strong></span> <span class='ocrx_word' id='word_1_78' title='bbox 995 1313 1171 1390; x_wconf 85' lang='lat' dir='ltr'><strong>antequam</strong></span> <span class='ocrx_word' id='word_1_79' title='bbox 1188 1309 1388 1391; x_wconf 81' lang='lat' dir='ltr'><strong>dispensatio</strong></span> 
     </span>
     <span class='ocr_line' id='line_1_13' title="bbox 59 1395 1389 1465; baseline 0.002 -3"><span class='ocrx_word' id='word_1_80' title='bbox 59 1395 102 1462; x_wconf 88' lang='lat' dir='ltr'><strong>ad</strong></span> <span class='ocrx_word' id='word_1_81' title='bbox 131 1395 195 1463; x_wconf 92' lang='lat' dir='ltr'><strong>boc</strong></span> <span class='ocrx_word' id='word_1_82' title='bbox 223 1395 363 1463; x_wconf 85' lang='lat' dir='ltr'><strong>mixtum</strong></span> <span class='ocrx_word' id='word_1_83' title='bbox 394 1396 635 1463; x_wconf 88' lang='lat' dir='ltr'><strong>matrimonium</strong></span> <span class='ocrx_word' id='word_1_84' title='bbox 662 1397 741 1462; x_wconf 90' lang='lat' dir='ltr'><strong>data</strong></span> <span class='ocrx_word' id='word_1_85' title='bbox 769 1397 878 1464; x_wconf 87' lang='lat' dir='ltr'><strong>fuerit.</strong></span> <span class='ocrx_word' id='word_1_86' title='bbox 932 1397 1019 1463; x_wconf 89' lang='lat' dir='ltr'><strong>Nam</strong></span> <span class='ocrx_word' id='word_1_87' title='bbox 1048 1396 1127 1463; x_wconf 90' lang='lat' dir='ltr'><strong>licet</strong></span> <span class='ocrx_word' id='word_1_88' title='bbox 1156 1398 1301 1463; x_wconf 89' lang='lat' dir='ltr'><strong>condicio</strong></span> <span class='ocrx_word' id='word_1_89' title='bbox 1332 1399 1389 1465; x_wconf 90' lang='lat' dir='ltr'><strong>illa</strong></span> 
     </span>
     <span class='ocr_line' id='line_1_14' title="bbox 59 1486 1389 1571; baseline 0.002 -19"><span class='ocrx_word' id='word_1_90' title='bbox 59 1486 184 1552; x_wconf 91' lang='lat' dir='ltr'><strong>aetatis</strong></span> <span class='ocrx_word' id='word_1_91' title='bbox 206 1486 439 1571; x_wconf 89' lang='lat' dir='ltr'><strong>superadultae</strong></span> <span class='ocrx_word' id='word_1_92' title='bbox 455 1491 490 1552; x_wconf 92' lang='lat' dir='ltr'><strong>et</strong></span> <span class='ocrx_word' id='word_1_93' title='bbox 504 1507 630 1552; x_wconf 91' lang='lat' dir='ltr'><strong>morum</strong></span> <span class='ocrx_word' id='word_1_94' title='bbox 646 1487 811 1564; x_wconf 90' lang='lat' dir='ltr'><strong>honestas,</strong></span> <span class='ocrx_word' id='word_1_95' title='bbox 837 1507 901 1569; x_wconf 90' lang='lat' dir='ltr'><strong>qua</strong></span> <span class='ocrx_word' id='word_1_96' title='bbox 917 1486 1071 1552; x_wconf 86' lang='lat' dir='ltr'><strong>Camillus</strong></span> <span class='ocrx_word' id='word_1_97' title='bbox 1088 1486 1276 1569; x_wconf 85' lang='lat' dir='ltr'><strong>ceteroquin</strong></span> <span class='ocrx_word' id='word_1_98' title='bbox 1293 1510 1389 1571; x_wconf 90' lang='lat' dir='ltr'><strong>prae·</strong></span> 
     </span>
     <span class='ocr_line' id='line_1_15' title="bbox 59 1573 1388 1660; baseline 0.004 -22"><span class='ocrx_word' id='word_1_99' title='bbox 59 1574 150 1641; x_wconf 85' lang='lat' dir='ltr'><strong>ditus</strong></span> <span class='ocrx_word' id='word_1_100' title='bbox 173 1573 416 1655; x_wconf 87' lang='lat' dir='ltr'><strong>videturesse,</strong></span> <span class='ocrx_word' id='word_1_101' title='bbox 447 1575 532 1642; x_wconf 90' lang='lat' dir='ltr'><strong>ratio</strong></span> <span class='ocrx_word' id='word_1_102' title='bbox 563 1597 635 1641; x_wconf 91' lang='lat' dir='ltr'><strong>esse</strong></span> <span class='ocrx_word' id='word_1_103' title='bbox 664 1575 769 1660; x_wconf 88' lang='lat' dir='ltr'><strong>possit</strong></span> <span class='ocrx_word' id='word_1_104' title='bbox 791 1580 860 1642; x_wconf 89' lang='lat' dir='ltr'><strong>turn</strong></span> <span class='ocrx_word' id='word_1_105' title='bbox 884 1577 1045 1659; x_wconf 90' lang='lat' dir='ltr'><strong>petendae</strong></span> <span class='ocrx_word' id='word_1_106' title='bbox 1068 1582 1138 1642; x_wconf 91' lang='lat' dir='ltr'><strong>tum</strong></span> <span class='ocrx_word' id='word_1_107' title='bbox 1163 1577 1388 1643; x_wconf 83' lang='lat' dir='ltr'><strong>concedendae</strong></span> 
     </span>
     <span class='ocr_line' id='line_1_16' title="bbox 60 1663 1388 1749; baseline 0.002 -20"><span class='ocrx_word' id='word_1_108' title='bbox 60 1663 316 1748; x_wconf 89' lang='lat' dir='ltr'><strong>dispensationis</strong></span> <span class='ocrx_word' id='word_1_109' title='bbox 346 1686 366 1730; x_wconf 91' lang='lat' dir='ltr'><strong>a</strong></span> <span class='ocrx_word' id='word_1_110' title='bbox 395 1665 485 1746; x_wconf 87' lang='lat' dir='ltr'><strong>lege,</strong></span> <span class='ocrx_word' id='word_1_111' title='bbox 517 1686 601 1747; x_wconf 89' lang='lat' dir='ltr'><strong>quae</strong></span> <span class='ocrx_word' id='word_1_112' title='bbox 631 1665 735 1731; x_wconf 86' lang='lat' dir='ltr'><strong>mixta</strong></span> <span class='ocrx_word' id='word_1_113' title='bbox 772 1665 909 1730; x_wconf 91' lang='lat' dir='ltr'><strong>conubia</strong></span> <span class='ocrx_word' id='word_1_114' title='bbox 945 1665 1111 1749; x_wconf 87' lang='lat' dir='ltr'><strong>prohibet;</strong></span> <span class='ocrx_word' id='word_1_115' title='bbox 1150 1665 1302 1748; x_wconf 89' lang='lat' dir='ltr'><strong>quamdiu</strong></span> <span class='ocrx_word' id='word_1_116' title='bbox 1333 1668 1388 1732; x_wconf 81' lang='lat' dir='ltr'><strong>lex</strong></span> 
     </span>
     <span class='ocr_line' id='line_1_17' title="bbox 60 1751 1387 1838; baseline 0.002 -21"><span class='ocrx_word' id='word_1_117' title='bbox 60 1751 118 1818; x_wconf 90' lang='lat' dir='ltr'><strong>illa</strong></span> <span class='ocrx_word' id='word_1_118' title='bbox 141 1752 275 1818; x_wconf 90' lang='lat' dir='ltr'><strong>sublata</strong></span> <span class='ocrx_word' id='word_1_119' title='bbox 297 1754 439 1819; x_wconf 90' lang='lat' dir='ltr'><strong>noudum</strong></span> <span class='ocrx_word' id='word_1_120' title='bbox 464 1758 552 1831; x_wconf 87' lang='lat' dir='ltr'><strong>erat,</strong></span> <span class='ocrx_word' id='word_1_121' title='bbox 583 1754 715 1838; x_wconf 85' lang='lat' dir='ltr'><strong>nuptias</strong></span> <span class='ocrx_word' id='word_1_122' title='bbox 739 1775 810 1819; x_wconf 91' lang='lat' dir='ltr'><strong>cum</strong></span> <span class='ocrx_word' id='word_1_123' title='bbox 835 1753 971 1820; x_wconf 85' lang='lat' dir='ltr'><strong>Camillo</strong></span> <span class='ocrx_word' id='word_1_124' title='bbox 1000 1753 1083 1819; x_wconf 91' lang='lat' dir='ltr'><strong>inire</strong></span> <span class='ocrx_word' id='word_1_125' title='bbox 1105 1755 1300 1819; x_wconf 79' lang='lat' dir='ltr'><strong>Pancratice</strong></span> <span class='ocrx_word' id='word_1_126' title='bbox 1324 1777 1387 1820; x_wconf 93' lang='lat' dir='ltr'><strong>non</strong></span> 
     </span>
     <span class='ocr_line' id='line_1_18' title="bbox 59 1840 1388 1928; baseline 0.003 -22"><span class='ocrx_word' id='word_1_127' title='bbox 59 1840 193 1917; x_wconf 85' lang='lat' dir='ltr'><strong>licebat,</strong></span> <span class='ocrx_word' id='word_1_128' title='bbox 216 1862 257 1907; x_wconf 90' lang='grc'><strong>66</strong></span> <span class='ocrx_word' id='word_1_129' title='bbox 278 1842 373 1927; x_wconf 86' lang='grc'><strong>66616</strong></span> <span class='ocrx_word' id='word_1_130' title='bbox 395 1842 627 1926; x_wconf 87' lang='lat' dir='ltr'><strong>obligationem</strong></span> <span class='ocrx_word' id='word_1_131' title='bbox 652 1844 693 1908; x_wconf 89' lang='lat' dir='ltr'><strong>ad</strong></span> <span class='ocrx_word' id='word_1_132' title='bbox 717 1864 773 1908; x_wconf 90' lang='lat' dir='ltr'><strong>eas</strong></span> <span class='ocrx_word' id='word_1_133' title='bbox 796 1843 955 1908; x_wconf 89' lang='lat' dir='ltr'><strong>ineundas</strong></span> <span class='ocrx_word' id='word_1_134' title='bbox 973 1842 1166 1909; x_wconf 88' lang='lat' dir='ltr'><strong>contrahere</strong></span> <span class='ocrx_word' id='word_1_135' title='bbox 1188 1843 1388 1928; x_wconf 87' lang='lat' dir='ltr'><strong>impossibile</strong></span> 
     </span>
     <span class='ocr_line' id='line_1_19' title="bbox 59 1930 1388 2016; baseline 0.001 -19"><span class='ocrx_word' id='word_1_136' title='bbox 59 1935 144 1998; x_wconf 88' lang='lat' dir='ltr'><strong>erat.</strong></span> <span class='ocrx_word' id='word_1_137' title='bbox 177 1930 301 1997; x_wconf 91' lang='lat' dir='ltr'><strong>Verum</strong></span> <span class='ocrx_word' id='word_1_138' title='bbox 324 1931 357 1996; x_wconf 92' lang='lat' dir='ltr'><strong>in</strong></span> <span class='ocrx_word' id='word_1_139' title='bbox 379 1931 442 1998; x_wconf 91' lang='lat' dir='ltr'><strong>bac</strong></span> <span class='ocrx_word' id='word_1_140' title='bbox 465 1932 665 2014; x_wconf 83' lang='lat' dir='ltr'><strong>obligatione</strong></span> <span class='ocrx_word' id='word_1_141' title='bbox 689 1931 853 1998; x_wconf 89' lang='lat' dir='ltr'><strong>vinculum</strong></span> <span class='ocrx_word' id='word_1_142' title='bbox 876 1932 1075 2016; x_wconf 88' lang='lat' dir='ltr'><strong>sponsalium</strong></span> <span class='ocrx_word' id='word_1_143' title='bbox 1099 1932 1259 1999; x_wconf 90' lang='lat' dir='ltr'><strong>consistit.</strong></span> <span class='ocrx_word' id='word_1_144' title='bbox 1298 1934 1388 2015; x_wconf 85' lang='lat' dir='ltr'><strong>Ergo</strong></span> 
     </span>
     <span class='ocr_line' id='line_1_20' title="bbox 58 2018 1388 2174; baseline 0.002 -89"><span class='ocrx_word' id='word_1_145' title='bbox 58 2018 230 2174; x_wconf 70' lang='lat' dir='ltr'><strong>sponsalila</strong></span> <span class='ocrx_word' id='word_1_146' title='bbox 252 2041 333 2085; x_wconf 85' lang='lat' dir='ltr'><strong>vera</strong></span> <span class='ocrx_word' id='word_1_147' title='bbox 356 2026 390 2088; x_wconf 90' lang='lat' dir='ltr'><strong>et</strong></span> <span class='ocrx_word' id='word_1_148' title='bbox 413 2020 524 2087; x_wconf 87' lang='lat' dir='ltr'><strong>valida</strong></span> <span class='ocrx_word' id='word_1_149' title='bbox 547 2022 657 2087; x_wconf 88' lang='lat' dir='ltr'><strong>facere</strong></span> <span class='ocrx_word' id='word_1_150' title='bbox 675 2022 872 2089; x_wconf 90' lang='lat' dir='ltr'><strong>Pancratiae</strong></span> <span class='ocrx_word' id='word_1_151' title='bbox 896 2026 969 2087; x_wconf 88' lang='lat' dir='ltr'><strong>erat</strong></span> <span class='ocrx_word' id='word_1_152' title='bbox 984 2022 1193 2105; x_wconf 89' lang='lat' dir='ltr'><strong>impossibile.</strong></span> <span class='ocrx_word' id='word_1_153' title='bbox 1225 2021 1388 2089; x_wconf 72' lang='grc'><strong>61666-</strong></span> 
     </span>
     <span class='ocr_line' id='line_1_21' title="bbox 59 2108 411 2193; baseline 0 -18"><span class='ocrx_word' id='word_1_154' title='bbox 59 2108 180 2193; x_wconf 89' lang='lat' dir='ltr'><strong>parri</strong></span> <span class='ocrx_word' id='word_1_155' title='bbox 218 2129 278 2175; x_wconf 88' lang='lat' dir='ltr'><strong>.c.</strong></span> <span class='ocrx_word' id='word_1_156' title='bbox 302 2131 333 2176; x_wconf 93' lang='lat' dir='ltr'><strong>n.</strong></span> <span class='ocrx_word' id='word_1_157' title='bbox 361 2113 411 2176; x_wconf 89' lang='lat'><strong>11.</strong></span> 
     </span>
    </p>
   </div>
   <div class='ocr_carea' id='block_1_7' title="bbox 59 2215 1450 3817">
    <p class='ocr_par' dir='ltr' id='par_1_7' title="bbox 59 2215 1450 3817">
     <span class='ocr_line' id='line_1_22' title="bbox 151 2215 1450 2303; baseline 0.001 -22"><span class='ocrx_word' id='word_1_158' title='bbox 151 2215 192 2284; x_wconf 86' lang='lat' dir='ltr'><strong>R.</strong></span> <span class='ocrx_word' id='word_1_159' title='bbox 217 2219 249 2284; x_wconf 85' lang='lat'><strong>2.</strong></span> <span class='ocrx_word' id='word_1_160' title='bbox 295 2216 375 2297; x_wconf 87' lang='lat' dir='ltr'><strong>Sed,</strong></span> <span class='ocrx_word' id='word_1_161' title='bbox 407 2217 537 2284; x_wconf 88' lang='lat' dir='ltr'><strong>etiamsi</strong></span> <span class='ocrx_word' id='word_1_162' title='bbox 567 2217 707 2282; x_wconf 90' lang='lat' dir='ltr'><strong>nondum</strong></span> <span class='ocrx_word' id='word_1_163' title='bbox 738 2218 824 2301; x_wconf 90' lang='grc'><strong>61661</strong></span> <span class='ocrx_word' id='word_1_164' title='bbox 854 2218 935 2284; x_wconf 86' lang='lat' dir='ltr'><strong>iuris</strong></span> <span class='ocrx_word' id='word_1_165' title='bbox 964 2218 1450 2303; x_wconf 77' lang='grc'><strong>16616166661666666116827</strong></span> 
     </span>
     <span class='ocr_line' id='line_1_23' title="bbox 60 2305 1390 2392; baseline 0.003 -23"><span class='ocrx_word' id='word_1_166' title='bbox 60 2305 650 2385; x_wconf 77' lang='grc' dir='ltr'><strong>16166Ρ66666116616106611166,</strong></span> <span class='ocrx_word' id='word_1_167' title='bbox 682 2307 795 2389; x_wconf 89' lang='lat' dir='ltr'><strong>quaeri</strong></span> <span class='ocrx_word' id='word_1_168' title='bbox 824 2311 935 2390; x_wconf 92' lang='lat' dir='ltr'><strong>potest</strong></span> <span class='ocrx_word' id='word_1_169' title='bbox 964 2329 1040 2373; x_wconf 90' lang='lat' dir='ltr'><strong>num</strong></span> <span class='ocrx_word' id='word_1_170' title='bbox 1071 2308 1194 2374; x_wconf 90' lang='lat' dir='ltr'><strong>fuerint</strong></span> <span class='ocrx_word' id='word_1_171' title='bbox 1223 2308 1390 2392; x_wconf 88' lang='lat' dir='ltr'><strong>sponsalia</strong></span> 
     </span>
     <span class='ocr_line' id='line_1_24' title="bbox 60 2393 1391 2480; baseline 0.003 -21"><span class='ocrx_word' id='word_1_172' title='bbox 60 2393 300 2474; x_wconf 74' lang='lat' dir='ltr'><strong>conditionata,</strong></span> <span class='ocrx_word' id='word_1_173' title='bbox 317 2395 365 2463; x_wconf 93' lang='lat' dir='ltr'><strong>ita</strong></span> <span class='ocrx_word' id='word_1_174' title='bbox 377 2400 414 2462; x_wconf 90' lang='lat' dir='ltr'><strong>ut</strong></span> <span class='ocrx_word' id='word_1_175' title='bbox 429 2396 519 2462; x_wconf 89' lang='lat' dir='ltr'><strong>iacta</strong></span> <span class='ocrx_word' id='word_1_176' title='bbox 532 2396 774 2480; x_wconf 86' lang='lat' dir='ltr'><strong>dispensatione</strong></span> <span class='ocrx_word' id='word_1_177' title='bbox 786 2418 844 2461; x_wconf 92' lang='lat' dir='ltr'><strong>seu</strong></span> <span class='ocrx_word' id='word_1_178' title='bbox 861 2397 1048 2463; x_wconf 90' lang='lat' dir='ltr'><strong>condicione</strong></span> <span class='ocrx_word' id='word_1_179' title='bbox 1063 2397 1207 2480; x_wconf 88' lang='lat' dir='ltr'><strong>impleta,</strong></span> <span class='ocrx_word' id='word_1_180' title='bbox 1225 2397 1391 2463; x_wconf 86' lang='lat' dir='ltr'><strong>evaserint</strong></span> 
     </span>
     <span class='ocr_line' id='line_1_25' title="bbox 60 2482 1390 2569; baseline 0.002 -21"><span class='ocrx_word' id='word_1_181' title='bbox 60 2504 100 2549; x_wconf 90' lang='grc'><strong>66</strong></span> <span class='ocrx_word' id='word_1_182' title='bbox 124 2482 301 2566; x_wconf 90' lang='lat' dir='ltr'><strong>ipsovera</strong></span> <span class='ocrx_word' id='word_1_183' title='bbox 328 2489 362 2550; x_wconf 91' lang='lat' dir='ltr'><strong>et</strong></span> <span class='ocrx_word' id='word_1_184' title='bbox 385 2485 504 2551; x_wconf 89' lang='lat' dir='ltr'><strong>valida.</strong></span> <span class='ocrx_word' id='word_1_185' title='bbox 551 2486 659 2562; x_wconf 86' lang='lat' dir='ltr'><strong>Quod,</strong></span> <span class='ocrx_word' id='word_1_186' title='bbox 690 2506 763 2551; x_wconf 88' lang='lat' dir='ltr'><strong>mea</strong></span> <span class='ocrx_word' id='word_1_187' title='bbox 793 2486 974 2564; x_wconf 87' lang='lat' dir='ltr'><strong>sententia,</strong></span> <span class='ocrx_word' id='word_1_188' title='bbox 1006 2487 1104 2552; x_wconf 90' lang='lat' dir='ltr'><strong>debet</strong></span> <span class='ocrx_word' id='word_1_189' title='bbox 1133 2487 1263 2568; x_wconf 85' lang='lat' dir='ltr'><strong>negari,</strong></span> <span class='ocrx_word' id='word_1_190' title='bbox 1294 2507 1390 2569; x_wconf 86' lang='lat' dir='ltr'><strong>prae-</strong></span> 
     </span>
     <span class='ocr_line' id='line_1_26' title="bbox 59 2572 1390 2659; baseline 0.001 -21"><span class='ocrx_word' id='word_1_191' title='bbox 59 2572 177 2639; x_wconf 86' lang='lat' dir='ltr'><strong>sertim</strong></span> <span class='ocrx_word' id='word_1_192' title='bbox 207 2572 240 2637; x_wconf 91' lang='lat' dir='ltr'><strong>in</strong></span> <span class='ocrx_word' id='word_1_193' title='bbox 269 2574 331 2639; x_wconf 90' lang='lat' dir='ltr'><strong>hoc</strong></span> <span class='ocrx_word' id='word_1_194' title='bbox 355 2595 434 2639; x_wconf 88' lang='lat' dir='ltr'><strong>casu</strong></span> <span class='ocrx_word' id='word_1_195' title='bbox 463 2577 555 2641; x_wconf 72' lang='lat' dir='ltr'><strong>mixti</strong></span> <span class='ocrx_word' id='word_1_196' title='bbox 582 2577 778 2640; x_wconf 76' lang='lat' dir='ltr'><strong>matrimonii</strong></span> <span class='ocrx_word' id='word_1_197' title='bbox 807 2575 967 2659; x_wconf 88' lang='lat' dir='ltr'><strong>promissi.</strong></span> <span class='ocrx_word' id='word_1_198' title='bbox 1021 2576 1107 2639; x_wconf 90' lang='lat' dir='ltr'><strong>Nam</strong></span> <span class='ocrx_word' id='word_1_199' title='bbox 1139 2597 1209 2639; x_wconf 91' lang='lat' dir='ltr'><strong>cum</strong></span> <span class='ocrx_word' id='word_1_200' title='bbox 1241 2575 1390 2640; x_wconf 77' lang='lat' dir='ltr'><strong>Ecclesia</strong></span> 
     </span>
     <span class='ocr_line' id='line_1_27' title="bbox 60 2661 1389 2747; baseline 0.001 -19"><span class='ocrx_word' id='word_1_201' title='bbox 60 2663 144 2728; x_wconf 92' lang='lat' dir='ltr'><strong>haec</strong></span> <span class='ocrx_word' id='word_1_202' title='bbox 167 2661 377 2728; x_wconf 86' lang='lat' dir='ltr'><strong>matrimonia</strong></span> <span class='ocrx_word' id='word_1_203' title='bbox 399 2685 458 2747; x_wconf 91' lang='lat' dir='ltr'><strong>per</strong></span> <span class='ocrx_word' id='word_1_204' title='bbox 480 2685 516 2729; x_wconf 89' lang='lat' dir='ltr'><strong>se</strong></span> <span class='ocrx_word' id='word_1_205' title='bbox 540 2663 716 2729; x_wconf 88' lang='lat' dir='ltr'><strong>abhorreat</strong></span> <span class='ocrx_word' id='word_1_206' title='bbox 745 2666 844 2745; x_wconf 88' lang='lat' dir='ltr'><strong>atque</strong></span> <span class='ocrx_word' id='word_1_207' title='bbox 874 2685 973 2745; x_wconf 87' lang='lat' dir='ltr'><strong>aegre</strong></span> <span class='ocrx_word' id='word_1_208' title='bbox 1003 2664 1177 2728; x_wconf 88' lang='lat' dir='ltr'><strong>admodum</strong></span> <span class='ocrx_word' id='word_1_209' title='bbox 1200 2664 1389 2745; x_wconf 87' lang='lat' dir='ltr'><strong>permittat;</strong></span> 
     </span>
     <span class='ocr_line' id='line_1_28' title="bbox 61 2752 1391 2836; baseline 0.001 -20"><span class='ocrx_word' id='word_1_210' title='bbox 61 2772 138 2817; x_wconf 90' lang='lat' dir='ltr'><strong>cum</strong></span> <span class='ocrx_word' id='word_1_211' title='bbox 161 2754 282 2817; x_wconf 91' lang='lat' dir='ltr'><strong>natura</strong></span> <span class='ocrx_word' id='word_1_212' title='bbox 304 2773 365 2818; x_wconf 91' lang='lat' dir='ltr'><strong>sua</strong></span> <span class='ocrx_word' id='word_1_213' title='bbox 388 2774 445 2818; x_wconf 92' lang='lat' dir='ltr'><strong>seu</strong></span> <span class='ocrx_word' id='word_1_214' title='bbox 468 2752 542 2835; x_wconf 85' lang='lat' dir='ltr'><strong>lege</strong></span> <span class='ocrx_word' id='word_1_215' title='bbox 566 2752 708 2821; x_wconf 88' lang='lat' dir='ltr'><strong>naturali</strong></span> <span class='ocrx_word' id='word_1_216' title='bbox 731 2773 807 2817; x_wconf 90' lang='lat' dir='ltr'><strong>raro</strong></span> <span class='ocrx_word' id='word_1_217' title='bbox 831 2753 926 2836; x_wconf 89' lang='lat' dir='ltr'><strong>plene</strong></span> <span class='ocrx_word' id='word_1_218' title='bbox 949 2752 1054 2829; x_wconf 88' lang='lat' dir='ltr'><strong>licita,</strong></span> <span class='ocrx_word' id='word_1_219' title='bbox 1087 2752 1141 2815; x_wconf 54' lang='lat' dir='ltr'><strong>iiix</strong></span> <span class='ocrx_word' id='word_1_220' title='bbox 1173 2773 1235 2816; x_wconf 90' lang='lat' dir='ltr'><strong>non</strong></span> <span class='ocrx_word' id='word_1_221' title='bbox 1261 2773 1391 2835; x_wconf 87' lang='lat' dir='ltr'><strong>semper</strong></span> 
     </span>
     <span class='ocr_line' id='line_1_29' title="bbox 61 2839 1389 2926; baseline 0 -21"><span class='ocrx_word' id='word_1_222' title='bbox 61 2844 100 2907; x_wconf 92' lang='lat' dir='ltr'><strong>ut</strong></span> <span class='ocrx_word' id='word_1_223' title='bbox 131 2839 239 2906; x_wconf 90' lang='lat' dir='ltr'><strong>minus</strong></span> <span class='ocrx_word' id='word_1_224' title='bbox 271 2841 357 2906; x_wconf 91' lang='lat' dir='ltr'><strong>bona</strong></span> <span class='ocrx_word' id='word_1_225' title='bbox 389 2842 606 2908; x_wconf 88' lang='lat' dir='ltr'><strong>dissuadenda</strong></span> <span class='ocrx_word' id='word_1_226' title='bbox 637 2843 721 2907; x_wconf 91' lang='lat' dir='ltr'><strong>sint:</strong></span> <span class='ocrx_word' id='word_1_227' title='bbox 756 2841 1030 2926; x_wconf 89' lang='lat' dir='ltr'><strong>dispensationem</strong></span> <span class='ocrx_word' id='word_1_228' title='bbox 1061 2841 1230 2905; x_wconf 85' lang='lat' dir='ltr'><strong>Ecclesiae</strong></span> <span class='ocrx_word' id='word_1_229' title='bbox 1260 2841 1308 2907; x_wconf 90' lang='lat' dir='ltr'><strong>ita</strong></span> <span class='ocrx_word' id='word_1_230' title='bbox 1340 2842 1389 2905; x_wconf 92' lang='grc'><strong>16-</strong></span> 
     </span>
     <span class='ocr_line' id='line_1_30' title="bbox 60 2928 1390 3015; baseline -0.001 -19"><span class='ocrx_word' id='word_1_231' title='bbox 60 2928 223 3013; x_wconf 87' lang='lat' dir='ltr'><strong>tellegere</strong></span> <span class='ocrx_word' id='word_1_232' title='bbox 246 2930 400 2997; x_wconf 90' lang='lat' dir='ltr'><strong>debemus</strong></span> <span class='ocrx_word' id='word_1_233' title='bbox 424 2936 461 2998; x_wconf 94' lang='lat' dir='ltr'><strong>ut</strong></span> <span class='ocrx_word' id='word_1_234' title='bbox 480 2931 644 3015; x_wconf 86' lang='lat' dir='ltr'><strong>integrum</strong></span> <span class='ocrx_word' id='word_1_235' title='bbox 664 2952 793 3014; x_wconf 89' lang='lat' dir='ltr'><strong>semper</strong></span> <span class='ocrx_word' id='word_1_236' title='bbox 815 2935 948 2997; x_wconf 88' lang='lat' dir='ltr'><strong>maneat</strong></span> <span class='ocrx_word' id='word_1_237' title='bbox 964 2930 1162 3014; x_wconf 88' lang='lat' dir='ltr'><strong>dispensato,</strong></span> <span class='ocrx_word' id='word_1_238' title='bbox 1186 2929 1390 3011; x_wconf 85' lang='lat' dir='ltr'><strong>indulgentia</strong></span> 
     </span>
     <span class='ocr_line' id='line_1_31' title="bbox 61 3018 1388 3103; baseline 0.001 -20"><span class='ocrx_word' id='word_1_239' title='bbox 61 3018 253 3085; x_wconf 90' lang='lat' dir='ltr'><strong>renuntiare</strong></span> <span class='ocrx_word' id='word_1_240' title='bbox 276 3022 377 3103; x_wconf 86' lang='lat' dir='ltr'><strong>atque</strong></span> <span class='ocrx_word' id='word_1_241' title='bbox 399 3019 536 3087; x_wconf 89' lang='lat' dir='ltr'><strong>meliora</strong></span> <span class='ocrx_word' id='word_1_242' title='bbox 559 3020 694 3086; x_wconf 90' lang='lat' dir='ltr'><strong>consilia</strong></span> <span class='ocrx_word' id='word_1_243' title='bbox 717 3019 819 3103; x_wconf 91' lang='lat' dir='ltr'><strong>sequi.</strong></span> <span class='ocrx_word' id='word_1_244' title='bbox 849 3020 916 3085; x_wconf 87' lang='lat' dir='ltr'><strong>Fae</strong></span> <span class='ocrx_word' id='word_1_245' title='bbox 939 3020 1024 3085; x_wconf 89' lang='lat' dir='ltr'><strong>enim</strong></span> <span class='ocrx_word' id='word_1_246' title='bbox 1041 3019 1235 3084; x_wconf 76' lang='lat' dir='ltr'><strong>Pancratice</strong></span> <span class='ocrx_word' id='word_1_247' title='bbox 1259 3019 1388 3085; x_wconf 90' lang='lat' dir='ltr'><strong>interim</strong></span> 
     </span>
     <span class='ocr_line' id='line_1_32' title="bbox 61 3106 1389 3193; baseline 0.001 -20"><span class='ocrx_word' id='word_1_248' title='bbox 61 3106 174 3174; x_wconf 81' lang='lat' dir='ltr'><strong>offerri</strong></span> <span class='ocrx_word' id='word_1_249' title='bbox 195 3109 427 3176; x_wconf 87' lang='lat' dir='ltr'><strong>convenientes</strong></span> <span class='ocrx_word' id='word_1_250' title='bbox 450 3109 582 3193; x_wconf 90' lang='lat' dir='ltr'><strong>nuptias</strong></span> <span class='ocrx_word' id='word_1_251' title='bbox 601 3110 753 3175; x_wconf 89' lang='lat' dir='ltr'><strong>aiuveuc</strong></span> <span class='ocrx_word' id='word_1_252' title='bbox 769 3109 946 3175; x_wconf 88' lang='lat' dir='ltr'><strong>catholico:</strong></span> <span class='ocrx_word' id='word_1_253' title='bbox 971 3108 1043 3190; x_wconf 87' lang='lat' dir='ltr'><strong>quis</strong></span> <span class='ocrx_word' id='word_1_254' title='bbox 1060 3109 1181 3174; x_wconf 82' lang='lat' dir='ltr'><strong>dixerit</strong></span> <span class='ocrx_word' id='word_1_255' title='bbox 1198 3109 1389 3187; x_wconf 83' lang='lat' dir='ltr'><strong>Ecclesiam,</strong></span> 
     </span>
     <span class='ocr_line' id='line_1_33' title="bbox 62 3197 1390 3283; baseline 0.001 -21"><span class='ocrx_word' id='word_1_256' title='bbox 62 3218 161 3280; x_wconf 91' lang='lat' dir='ltr'><strong>quam</strong></span> <span class='ocrx_word' id='word_1_257' title='bbox 186 3197 326 3281; x_wconf 87' lang='lat' dir='ltr'><strong>primum</strong></span> <span class='ocrx_word' id='word_1_258' title='bbox 345 3199 546 3283; x_wconf 89' lang='lat' dir='ltr'><strong>dispensatio</strong></span> <span class='ocrx_word' id='word_1_259' title='bbox 561 3200 627 3264; x_wconf 87' lang='lat' dir='ltr'><strong>ieta</strong></span> <span class='ocrx_word' id='word_1_260' title='bbox 644 3199 722 3263; x_wconf 90' lang='lat' dir='ltr'><strong>date</strong></span> <span class='ocrx_word' id='word_1_261' title='bbox 737 3199 846 3276; x_wconf 89' lang='lat' dir='ltr'><strong>fuerit,</strong></span> <span class='ocrx_word' id='word_1_262' title='bbox 871 3199 956 3263; x_wconf 84' lang='lat' dir='ltr'><strong>velle</strong></span> <span class='ocrx_word' id='word_1_263' title='bbox 971 3198 1079 3282; x_wconf 88' lang='lat' dir='ltr'><strong>potius</strong></span> <span class='ocrx_word' id='word_1_264' title='bbox 1096 3202 1133 3264; x_wconf 92' lang='lat' dir='ltr'><strong>ut</strong></span> <span class='ocrx_word' id='word_1_265' title='bbox 1148 3198 1390 3264; x_wconf 84' lang='lat' dir='ltr'><strong>matrimonium</strong></span> 
     </span>
     <span class='ocr_line' id='line_1_34' title="bbox 62 3286 1390 3369; baseline 0.002 -18"><span class='ocrx_word' id='word_1_266' title='bbox 62 3307 137 3351; x_wconf 91' lang='lat' dir='ltr'><strong>cum</strong></span> <span class='ocrx_word' id='word_1_267' title='bbox 161 3286 343 3353; x_wconf 90' lang='lat' dir='ltr'><strong>acatholico</strong></span> <span class='ocrx_word' id='word_1_268' title='bbox 373 3288 491 3353; x_wconf 90' lang='lat' dir='ltr'><strong>iuvene</strong></span> <span class='ocrx_word' id='word_1_269' title='bbox 521 3288 651 3354; x_wconf 86' lang='lat' dir='ltr'><strong>ineatur</strong></span> <span class='ocrx_word' id='word_1_270' title='bbox 687 3309 784 3369; x_wconf 90' lang='lat' dir='ltr'><strong>quam</strong></span> <span class='ocrx_word' id='word_1_271' title='bbox 815 3309 887 3352; x_wconf 91' lang='lat' dir='ltr'><strong>cum</strong></span> <span class='ocrx_word' id='word_1_272' title='bbox 916 3287 1093 3353; x_wconf 88' lang='lat' dir='ltr'><strong>catholico!</strong></span> <span class='ocrx_word' id='word_1_273' title='bbox 1140 3287 1242 3352; x_wconf 90' lang='lat' dir='ltr'><strong>lrnmo</strong></span> <span class='ocrx_word' id='word_1_274' title='bbox 1272 3289 1390 3354; x_wconf 91' lang='lat' dir='ltr'><strong>merito</strong></span> 
     </span>
     <span class='ocr_line' id='line_1_35' title="bbox 63 3375 1390 3460; baseline 0.002 -20"><span class='ocrx_word' id='word_1_275' title='bbox 63 3375 208 3441; x_wconf 89' lang='lat' dir='ltr'><strong>dubitari</strong></span> <span class='ocrx_word' id='word_1_276' title='bbox 231 3380 342 3460; x_wconf 91' lang='lat' dir='ltr'><strong>potest</strong></span> <span class='ocrx_word' id='word_1_277' title='bbox 364 3399 420 3455; x_wconf 91' lang='lat' dir='ltr'><strong>an,</strong></span> <span class='ocrx_word' id='word_1_278' title='bbox 451 3377 657 3444; x_wconf 91' lang='lat' dir='ltr'><strong>matrimonio</strong></span> <span class='ocrx_word' id='word_1_279' title='bbox 681 3377 784 3442; x_wconf 84' lang='lat' dir='ltr'><strong>mixto</strong></span> <span class='ocrx_word' id='word_1_280' title='bbox 809 3377 950 3441; x_wconf 91' lang='lat' dir='ltr'><strong>nondum</strong></span> <span class='ocrx_word' id='word_1_281' title='bbox 972 3376 1064 3455; x_wconf 91' lang='lat' dir='ltr'><strong>inito,</strong></span> <span class='ocrx_word' id='word_1_282' title='bbox 1087 3381 1223 3459; x_wconf 90' lang='lat' dir='ltr'><strong>propter</strong></span> <span class='ocrx_word' id='word_1_283' title='bbox 1245 3381 1390 3443; x_wconf 87' lang='lat' dir='ltr'><strong>mutatas</strong></span> 
     </span>
     <span class='ocr_line' id='line_1_36' title="bbox 61 3465 1391 3551; baseline 0.001 -21"><span class='ocrx_word' id='word_1_284' title='bbox 61 3465 147 3530; x_wconf 90' lang='lat' dir='ltr'><strong>istas</strong></span> <span class='ocrx_word' id='word_1_285' title='bbox 170 3465 376 3532; x_wconf 90' lang='lat' dir='ltr'><strong>condiciones</strong></span> <span class='ocrx_word' id='word_1_286' title='bbox 400 3467 599 3551; x_wconf 86' lang='lat' dir='ltr'><strong>dispensatio</strong></span> <span class='ocrx_word' id='word_1_287' title='bbox 622 3466 817 3531; x_wconf 83' lang='lat' dir='ltr'><strong>Pancratice</strong></span> <span class='ocrx_word' id='word_1_288' title='bbox 848 3466 927 3530; x_wconf 89' lang='lat' dir='ltr'><strong>data</strong></span> <span class='ocrx_word' id='word_1_289' title='bbox 957 3487 995 3531; x_wconf 92' lang='lat' dir='ltr'><strong>ec</strong></span> <span class='ocrx_word' id='word_1_290' title='bbox 1019 3466 1089 3549; x_wconf 92' lang='lat' dir='ltr'><strong>ipso</strong></span> <span class='ocrx_word' id='word_1_291' title='bbox 1113 3469 1255 3532; x_wconf 89' lang='lat' dir='ltr'><strong>corruat.</strong></span> <span class='ocrx_word' id='word_1_292' title='bbox 1302 3467 1391 3542; x_wconf 85' lang='lat' dir='ltr'><strong>Quae</strong></span> 
     </span>
     <span class='ocr_line' id='line_1_37' title="bbox 62 3554 1389 3641; baseline 0 -22"><span class='ocrx_word' id='word_1_293' title='bbox 62 3555 160 3638; x_wconf 86' lang='lat' dir='ltr'><strong>signa</strong></span> <span class='ocrx_word' id='word_1_294' title='bbox 182 3561 260 3623; x_wconf 89' lang='lat' dir='ltr'><strong>sunt</strong></span> <span class='ocrx_word' id='word_1_295' title='bbox 283 3577 347 3621; x_wconf 92' lang='lat' dir='ltr'><strong>non</strong></span> <span class='ocrx_word' id='word_1_296' title='bbox 370 3577 430 3640; x_wconf 92' lang='lat' dir='ltr'><strong>per</strong></span> <span class='ocrx_word' id='word_1_297' title='bbox 451 3557 555 3641; x_wconf 87' lang='lat' dir='ltr'><strong>ipsam</strong></span> <span class='ocrx_word' id='word_1_298' title='bbox 572 3554 847 3638; x_wconf 88' lang='lat' dir='ltr'><strong>dispensationem</strong></span> <span class='ocrx_word' id='word_1_299' title='bbox 869 3555 979 3620; x_wconf 88' lang='lat' dir='ltr'><strong>datam</strong></span> <span class='ocrx_word' id='word_1_300' title='bbox 1000 3556 1167 3639; x_wconf 86' lang='lat' dir='ltr'><strong>sponsalia</strong></span> <span class='ocrx_word' id='word_1_301' title='bbox 1183 3557 1389 3621; x_wconf 86' lang='lat' dir='ltr'><strong>Pancratiam</strong></span> 
     </span>
     <span class='ocr_line' id='line_1_38' title="bbox 61 3644 1391 3712; baseline 0.001 -4"><span class='ocrx_word' id='word_1_302' title='bbox 61 3644 152 3711; x_wconf 88' lang='lat' dir='ltr'><strong>inter</strong></span> <span class='ocrx_word' id='word_1_303' title='bbox 175 3647 210 3711; x_wconf 90' lang='lat' dir='ltr'><strong>et</strong></span> <span class='ocrx_word' id='word_1_304' title='bbox 233 3645 403 3711; x_wconf 73' lang='lat' dir='ltr'><strong>Gentilium</strong></span> <span class='ocrx_word' id='word_1_305' title='bbox 426 3648 521 3712; x_wconf 84' lang='lat' dir='ltr'><strong>firma</strong></span> <span class='ocrx_word' id='word_1_306' title='bbox 544 3647 694 3711; x_wconf 90' lang='lat' dir='ltr'><strong>evadere.</strong></span> <span class='ocrx_word' id='word_1_307' title='bbox 742 3645 865 3710; x_wconf 87' lang='lat' dir='ltr'><strong>Saltem</strong></span> <span class='ocrx_word' id='word_1_308' title='bbox 889 3665 929 3709; x_wconf 91' lang='grc'><strong>66</strong></span> <span class='ocrx_word' id='word_1_309' title='bbox 950 3646 1046 3709; x_wconf 91' lang='lat' dir='ltr'><strong>firma</strong></span> <span class='ocrx_word' id='word_1_310' title='bbox 1073 3646 1212 3710; x_wconf 88' lang='lat' dir='ltr'><strong>evadere</strong></span> <span class='ocrx_word' id='word_1_311' title='bbox 1246 3666 1309 3708; x_wconf 93' lang='lat' dir='ltr'><strong>non</strong></span> <span class='ocrx_word' id='word_1_312' title='bbox 1340 3648 1391 3709; x_wconf 90' lang='grc'><strong>661</strong></span> 
     </span>
     <span class='ocr_line' id='line_1_39' title="bbox 63 3733 1389 3817; baseline 0 -18"><span class='ocrx_word' id='word_1_313' title='bbox 63 3737 208 3809; x_wconf 68' lang='grc'><strong>6661666</strong></span> <span class='ocrx_word' id='word_1_314' title='bbox 232 3735 400 3817; x_wconf 91' lang='lat' dir='ltr'><strong>probabile</strong></span> <span class='ocrx_word' id='word_1_315' title='bbox 424 3736 553 3802; x_wconf 90' lang='lat' dir='ltr'><strong>omnino</strong></span> <span class='ocrx_word' id='word_1_316' title='bbox 578 3740 629 3801; x_wconf 90' lang='lat' dir='ltr'><strong>est</strong></span> <span class='ocrx_word' id='word_1_317' title='bbox 652 3733 861 3799; x_wconf 88' lang='lat' dir='ltr'><strong>contrarium.</strong></span> <span class='ocrx_word' id='word_1_318' title='bbox 908 3733 956 3800; x_wconf 83' lang='lat' dir='ltr'><strong>Cf.</strong></span> <span class='ocrx_word' id='word_1_319' title='bbox 978 3734 1033 3799; x_wconf 77' lang='lat' dir='ltr'><strong>lli.</strong></span> <span class='ocrx_word' id='word_1_320' title='bbox 1051 3758 1091 3800; x_wconf 73' lang='lat' dir='ltr'><strong>in.</strong></span> <span class='ocrx_word' id='word_1_321' title='bbox 1116 3735 1157 3810; x_wconf 89' lang='lat' dir='ltr'><strong>ll,</strong></span> <span class='ocrx_word' id='word_1_322' title='bbox 1184 3738 1247 3798; x_wconf 78' lang='grc'><strong>6110</strong></span> <span class='ocrx_word' id='word_1_323' title='bbox 1265 3735 1389 3799; x_wconf 85' lang='grc'><strong>61668.</strong></span> 
     </span>
    </p>
   </div>
   <div class='ocr_carea' id='block_1_8' title="bbox 63 3847 1452 4557">
    <p class='ocr_par' dir='ltr' id='par_1_8' title="bbox 63 3847 1452 4557">
     <span class='ocr_line' id='line_1_40' title="bbox 154 3847 1452 3932; baseline -0.001 -19"><span class='ocrx_word' id='word_1_324' title='bbox 154 3849 194 3916; x_wconf 88' lang='lat' dir='ltr'><strong>R.</strong></span> <span class='ocrx_word' id='word_1_325' title='bbox 218 3852 249 3916; x_wconf 87' lang='lat'><strong>3.</strong></span> <span class='ocrx_word' id='word_1_326' title='bbox 296 3850 416 3926; x_wconf 89' lang='lat' dir='ltr'><strong>Immo,</strong></span> <span class='ocrx_word' id='word_1_327' title='bbox 446 3850 475 3914; x_wconf 91' lang='lat' dir='ltr'><strong>si</strong></span> <span class='ocrx_word' id='word_1_328' title='bbox 504 3853 580 3931; x_wconf 92' lang='lat' dir='ltr'><strong>post</strong></span> <span class='ocrx_word' id='word_1_329' title='bbox 609 3852 779 3932; x_wconf 90' lang='lat' dir='ltr'><strong>acceptam</strong></span> <span class='ocrx_word' id='word_1_330' title='bbox 810 3848 1085 3930; x_wconf 88' lang='lat' dir='ltr'><strong>dispensationem</strong></span> <span class='ocrx_word' id='word_1_331' title='bbox 1113 3847 1289 3913; x_wconf 85' lang='lat' dir='ltr'><strong>Pancratia</strong></span> <span class='ocrx_word' id='word_1_332' title='bbox 1318 3866 1452 3921; x_wconf 74' lang='lat' dir='ltr'><strong>cumaea</strong></span> 
     </span>
     <span class='ocr_line' id='line_1_41' title="bbox 63 3937 1391 4024; baseline -0.002 -20"><span class='ocrx_word' id='word_1_333' title='bbox 63 3937 202 4004; x_wconf 80' lang='lat' dir='ltr'><strong>Camillo</strong></span> <span class='ocrx_word' id='word_1_334' title='bbox 224 3939 472 4024; x_wconf 87' lang='lat' dir='ltr'><strong>promissionem</strong></span> <span class='ocrx_word' id='word_1_335' title='bbox 496 3937 694 4005; x_wconf 90' lang='lat' dir='ltr'><strong>matrimonii</strong></span> <span class='ocrx_word' id='word_1_336' title='bbox 717 3937 901 4014; x_wconf 88' lang='lat' dir='ltr'><strong>renovavit,</strong></span> <span class='ocrx_word' id='word_1_337' title='bbox 925 3958 1000 4002; x_wconf 91' lang='lat' dir='ltr'><strong>raro</strong></span> <span class='ocrx_word' id='word_1_338' title='bbox 1017 3938 1116 4003; x_wconf 91' lang='lat' dir='ltr'><strong>etiarn</strong></span> <span class='ocrx_word' id='word_1_339' title='bbox 1139 3941 1210 4003; x_wconf 88' lang='lat' dir='ltr'><strong>tum</strong></span> <span class='ocrx_word' id='word_1_340' title='bbox 1226 3941 1304 4020; x_wconf 91' lang='lat' dir='ltr'><strong>puto</strong></span> <span class='ocrx_word' id='word_1_341' title='bbox 1321 3937 1391 4002; x_wconf 88' lang='lat' dir='ltr'><strong>veri</strong></span> 
     </span>
     <span class='ocr_line' id='line_1_42' title="bbox 64 4025 1389 4112; baseline -0.002 -20"><span class='ocrx_word' id='word_1_342' title='bbox 64 4027 206 4093; x_wconf 87' lang='lat' dir='ltr'><strong>nominis</strong></span> <span class='ocrx_word' id='word_1_343' title='bbox 228 4027 394 4112; x_wconf 88' lang='lat' dir='ltr'><strong>sponsalia</strong></span> <span class='ocrx_word' id='word_1_344' title='bbox 411 4027 497 4102; x_wconf 86' lang='lat' dir='ltr'><strong>oriri,</strong></span> <span class='ocrx_word' id='word_1_345' title='bbox 522 4027 583 4091; x_wconf 90' lang='lat' dir='ltr'><strong>nisi</strong></span> <span class='ocrx_word' id='word_1_346' title='bbox 599 4027 729 4092; x_wconf 88' lang='lat' dir='ltr'><strong>aliunde</strong></span> <span class='ocrx_word' id='word_1_347' title='bbox 746 4028 888 4092; x_wconf 86' lang='lat' dir='ltr'><strong>exsistat</strong></span> <span class='ocrx_word' id='word_1_348' title='bbox 903 4027 1060 4108; x_wconf 84' lang='lat' dir='ltr'><strong>obligatio</strong></span> <span class='ocrx_word' id='word_1_349' title='bbox 1076 4048 1134 4110; x_wconf 93' lang='lat' dir='ltr'><strong>per</strong></span> <span class='ocrx_word' id='word_1_350' title='bbox 1150 4025 1389 4091; x_wconf 88' lang='lat' dir='ltr'><strong>matrimonium</strong></span> 
     </span>
     <span class='ocr_line' id='line_1_43' title="bbox 63 4115 1392 4203; baseline -0.002 -21"><span class='ocrx_word' id='word_1_351' title='bbox 63 4116 240 4203; x_wconf 89' lang='lat' dir='ltr'><strong>reparandi</strong></span> <span class='ocrx_word' id='word_1_352' title='bbox 272 4116 423 4182; x_wconf 90' lang='lat' dir='ltr'><strong>iniuriam</strong></span> <span class='ocrx_word' id='word_1_353' title='bbox 453 4116 550 4182; x_wconf 89' lang='lat' dir='ltr'><strong>aliter</strong></span> <span class='ocrx_word' id='word_1_354' title='bbox 579 4137 644 4180; x_wconf 93' lang='grc'><strong>666</strong></span> <span class='ocrx_word' id='word_1_355' title='bbox 673 4116 900 4199; x_wconf 86' lang='lat' dir='ltr'><strong>reparabilem.</strong></span> <span class='ocrx_word' id='word_1_356' title='bbox 957 4115 1045 4193; x_wconf 83' lang='lat' dir='ltr'><strong>Quae</strong></span> <span class='ocrx_word' id='word_1_357' title='bbox 1076 4116 1232 4199; x_wconf 87' lang='lat' dir='ltr'><strong>obligatio</strong></span> <span class='ocrx_word' id='word_1_358' title='bbox 1262 4115 1392 4180; x_wconf 88' lang='lat' dir='ltr'><strong>facilius</strong></span> 
     </span>
     <span class='ocr_line' id='line_1_44' title="bbox 64 4204 1390 4291; baseline -0.003 -18"><span class='ocrx_word' id='word_1_359' title='bbox 64 4204 182 4273; x_wconf 88' lang='lat' dir='ltr'><strong>adesse</strong></span> <span class='ocrx_word' id='word_1_360' title='bbox 211 4206 357 4291; x_wconf 91' lang='lat' dir='ltr'><strong>potuerit</strong></span> <span class='ocrx_word' id='word_1_361' title='bbox 386 4207 419 4271; x_wconf 91' lang='lat' dir='ltr'><strong>in</strong></span> <span class='ocrx_word' id='word_1_362' title='bbox 448 4205 566 4270; x_wconf 89' lang='lat' dir='ltr'><strong>iuvene</strong></span> <span class='ocrx_word' id='word_1_363' title='bbox 597 4206 756 4271; x_wconf 88' lang='lat' dir='ltr'><strong>catholico</strong></span> <span class='ocrx_word' id='word_1_364' title='bbox 786 4226 867 4288; x_wconf 88' lang='lat' dir='ltr'><strong>erga</strong></span> <span class='ocrx_word' id='word_1_365' title='bbox 890 4205 1105 4270; x_wconf 90' lang='lat' dir='ltr'><strong>acatholicam</strong></span> <span class='ocrx_word' id='word_1_366' title='bbox 1128 4205 1269 4288; x_wconf 89' lang='lat' dir='ltr'><strong>puellam</strong></span> <span class='ocrx_word' id='word_1_367' title='bbox 1294 4226 1390 4286; x_wconf 87' lang='lat' dir='ltr'><strong>quem</strong></span> 
     </span>
     <span class='ocr_line' id='line_1_45' title="bbox 63 4293 1393 4378; baseline -0.002 -17"><span class='ocrx_word' id='word_1_368' title='bbox 63 4296 137 4363; x_wconf 86' lang='lat' dir='ltr'><strong>vice</strong></span> <span class='ocrx_word' id='word_1_369' title='bbox 160 4316 269 4363; x_wconf 89' lang='lat' dir='ltr'><strong>versa.</strong></span> <span class='ocrx_word' id='word_1_370' title='bbox 301 4294 433 4378; x_wconf 82' lang='lat' dir='ltr'><strong>Alioqui</strong></span> <span class='ocrx_word' id='word_1_371' title='bbox 450 4295 535 4360; x_wconf 89' lang='lat' dir='ltr'><strong>enim</strong></span> <span class='ocrx_word' id='word_1_372' title='bbox 551 4295 708 4376; x_wconf 89' lang='lat' dir='ltr'><strong>obligatio</strong></span> <span class='ocrx_word' id='word_1_373' title='bbox 725 4299 839 4360; x_wconf 91' lang='lat' dir='ltr'><strong>mutua</strong></span> <span class='ocrx_word' id='word_1_374' title='bbox 855 4293 897 4358; x_wconf 87' lang='lat' dir='ltr'><strong>ad</strong></span> <span class='ocrx_word' id='word_1_375' title='bbox 913 4293 1154 4359; x_wconf 90' lang='lat' dir='ltr'><strong>matrimonium</strong></span> <span class='ocrx_word' id='word_1_376' title='bbox 1170 4294 1240 4358; x_wconf 88' lang='lat' dir='ltr'><strong>iere</strong></span> <span class='ocrx_word' id='word_1_377' title='bbox 1263 4316 1393 4377; x_wconf 89' lang='lat' dir='ltr'><strong>semper</strong></span> 
     </span>
     <span class='ocr_line' id='line_1_46' title="bbox 64 4382 1392 4467; baseline -0.004 -15"><span class='ocrx_word' id='word_1_378' title='bbox 64 4384 239 4461; x_wconf 87' lang='lat' dir='ltr'><strong>claudicat,</strong></span> <span class='ocrx_word' id='word_1_379' title='bbox 265 4406 338 4451; x_wconf 89' lang='lat' dir='ltr'><strong>curn</strong></span> <span class='ocrx_word' id='word_1_380' title='bbox 354 4385 387 4450; x_wconf 91' lang='lat' dir='ltr'><strong>vi</strong></span> <span class='ocrx_word' id='word_1_381' title='bbox 403 4384 503 4450; x_wconf 89' lang='lat' dir='ltr'><strong>solius</strong></span> <span class='ocrx_word' id='word_1_382' title='bbox 519 4383 741 4467; x_wconf 90' lang='lat' dir='ltr'><strong>promissionis</strong></span> <span class='ocrx_word' id='word_1_383' title='bbox 760 4383 922 4450; x_wconf 88' lang='lat' dir='ltr'><strong>catholica</strong></span> <span class='ocrx_word' id='word_1_384' title='bbox 944 4404 1021 4466; x_wconf 89' lang='lat' dir='ltr'><strong>pars</strong></span> <span class='ocrx_word' id='word_1_385' title='bbox 1043 4384 1171 4465; x_wconf 80' lang='lat' dir='ltr'><strong>firmam</strong></span> <span class='ocrx_word' id='word_1_386' title='bbox 1194 4382 1392 4449; x_wconf 90' lang='lat' dir='ltr'><strong>matrimonii</strong></span> 
     </span>
     <span class='ocr_line' id='line_1_47' title="bbox 64 4472 1391 4557; baseline -0.005 -14"><span class='ocrx_word' id='word_1_387' title='bbox 64 4499 137 4543; x_wconf 90' lang='lat' dir='ltr'><strong>cum</strong></span> <span class='ocrx_word' id='word_1_388' title='bbox 170 4474 356 4542; x_wconf 89' lang='lat' dir='ltr'><strong>acatholica</strong></span> <span class='ocrx_word' id='word_1_389' title='bbox 387 4473 519 4540; x_wconf 91' lang='lat' dir='ltr'><strong>ineundi</strong></span> <span class='ocrx_word' id='word_1_390' title='bbox 551 4472 783 4554; x_wconf 87' lang='lat' dir='ltr'><strong>obligationem</strong></span> <span class='ocrx_word' id='word_1_391' title='bbox 816 4472 1009 4538; x_wconf 88' lang='lat' dir='ltr'><strong>contrahere</strong></span> <span class='ocrx_word' id='word_1_392' title='bbox 1042 4494 1106 4537; x_wconf 90' lang='lat' dir='ltr'><strong>non</strong></span> <span class='ocrx_word' id='word_1_393' title='bbox 1138 4473 1251 4557; x_wconf 88' lang='lat' dir='ltr'><strong>possit.</strong></span> <span class='ocrx_word' id='word_1_394' title='bbox 1305 4473 1391 4538; x_wconf 90' lang='lat' dir='ltr'><strong>Nam</strong></span> 
     </span>
    </p>
   </div>
   <div class='ocr_carea' id='block_1_9' title="bbox 0 0 1535 5174">
    <p class='ocr_par' dir='ltr' id='par_1_9' title="bbox 0 0 1535 5174">
     <span class='ocr_line' id='line_1_48' title="bbox 0 0 1535 5174; baseline 0 0"><span class='ocrx_word' id='word_1_395' title='bbox 0 0 1535 5174; x_wconf 95' lang='lat' dir='ltr'><strong> </strong></span> 
     </span>
    </p>
   </div>
  </div>
 </body>
</html>
