3044 5174
605 313 810 368 Sacramentum
828 310 1001 364 matrimonii.

496 522 845 591 lMPEDIMENTUM
868 518 1106 588 LIGAMINIS.

697 682 809 749 tasas.
828 688 905 757 (aro)

229 832 347 892 Hilaria
368 832 484 892 occulte
506 831 607 910 nupsit
627 831 775 900 Henrioo,
803 831 853 907 qui
873 835 942 907 post
962 835 1025 891 trae
1045 849 1141 890 annos
1169 829 1267 890 islioia
1287 828 1468 891 matrimonii

141 914 271 989 duosque
292 912 401 972 filiolos
422 917 578 990 susceptos
598 911 735 971 militiam
757 911 841 987 sequi
862 910 957 970 debet.
980 942 1017 951 -
1040 908 1106 980 Qua
1125 909 1228 983 finita,
1260 911 1468 986 commercium

140 994 216 1071 quod
242 1011 296 1070 per
322 992 440 1052 litterae
467 1011 533 1051 oum
554 990 672 1050 Hilario
692 990 835 1051 sustinuit
864 989 1006 1068 paulatim
1027 988 1243 1065 exstinguitur3
1271 988 1356 1068 ipse,
1380 990 1468 1067 longe

141 1074 247 1134 ditiore
268 1077 419 1149 comperte
438 1077 566 1149 reperta,
588 1072 618 1131 in
640 1072 747 1131 dissita
760 1071 883 1146 regione
895 1088 1006 1129 novum
1019 1068 1234 1129 matrimonium
1254 1070 1375 1147 publico
1394 1069 1467 1131 iniit.

141 1155 249 1214 Decem
271 1153 359 1213 annis
380 1152 502 1233 elapsis,
523 1170 589 1212 oum
603 1150 727 1212 Henn'ci
741 1151 900 1227 vestigium
920 1151 1033 1210 nullum
1047 1150 1175 1228 amplius
1188 1150 1319 1226 detegat,
1341 1150 1468 1220 Hilaris,

141 1234 209 1295 filiis
230 1232 388 1304 defunctis,
409 1250 519 1304 novum
539 1231 630 1292 etiam
649 1233 680 1291 in
701 1251 779 1291 novo
801 1230 948 1292 domicilio
969 1230 1025 1291 init
1045 1229 1281 1299 matrimonium,
1303 1231 1341 1290 de
1360 1229 1468 1308 priore,

141 1314 216 1391 quod
237 1319 331 1373 morte
351 1312 452 1373 mariti
472 1314 599 1374 solutum
620 1312 719 1384 sumit,
741 1312 813 1373 nihil
835 1312 945 1372 dicens.
985 1310 1064 1371 Aliis
1090 1311 1219 1387 quinque
1248 1310 1338 1371 annis
1357 1311 1468 1389 elapsis

140 1394 263 1454 fortuito
285 1392 429 1471 componit
447 1392 627 1465 Hammeum,
656 1392 715 1453 alio
737 1397 890 1470 assumpto
911 1390 1045 1461 nomine,
1076 1391 1174 1453 adhuc
1193 1409 1263 1451 ease
1282 1390 1364 1451 inter
1383 1391 1468 1453 vivos

141 1481 228 1551 atque
251 1472 309 1533 aiio
330 1471 516 1533 matrimonio
530 1473 678 1533 iunctum:
701 1472 736 1532 de
757 1492 815 1550 qua
834 1491 868 1532 re
882 1478 965 1532 tonet
980 1471 1072 1532 altum
1085 1470 1246 1544 silentium,
1268 1471 1337 1533 dum
1351 1470 1468 1533 biennio

141 1561 223 1631 poet,
253 1552 354 1613 audita
375 1559 468 1613 morte
489 1551 629 1622 Henrici,
659 1552 861 1614 conscientias
882 1570 973 1613 causa
993 1571 1057 1612 rem
1077 1551 1206 1612 secundo
1227 1549 1336 1613 marito
1356 1550 1469 1630 pandit

142 1659 319 1730 Quanamua
341 1662 370 1719 1⁰
391 1658 460 1736 quid
481 1658 517 1719 de
538 1657 676 1718 secundis
697 1658 810 1797 nugffis
831 1657 967 1718 Hilariae
988 1663 1019 1717 ot
1039 1656 1163 1717 Henrioi
1183 1656 1225 1717 sit
1243 1657 1419 1729 dicandum,
1439 1664 1470 1718 et

394 1738 538 1815 quomodo
568 1744 707 1799 constare
757 1741 845 1798 abeat
865 1739 901 1796 do
921 1743 1016 1799 morte
1038 1736 1173 1813 coniugis
1199 1742 1234 1797 nt
1260 1736 1351 1798 alteri
1380 1738 1470 1799 liceat

392 1838 501 1878 novum
522 1818 740 1878 matrimonium
761 1818 845 1878 inire.

341 1920 371 1976 2⁰
393 1917 461 1994 quid
483 1915 602 1976 devita
623 1917 770 1993 coniugali
792 1916 822 1975 in
844 1915 982 1977 secundis
1002 1915 1063 1977 illis
1084 1914 1205 1994 nuptiis.

342 2016 372 2073 3ο
392 2014 535 2091 quomodo
557 2014 717 2074 secundum
738 2013 873 2074 Hilariae
887 2013 1104 2074 matrimonium
1118 2012 1214 2090 possit
1231 2013 1316 2073 reddi
1331 2014 1468 2076 validum.

738 2197 872 2264 Solutio.

80 2351 131 2407 945
230 2341 283 2406 An
307 2359 498 2415 nunasrnnu
524 2342 561 2402 1¹¹²
584 2339 624 2404 R.
651 2341 680 2404 1.
726 2337 848 2404 Divina
869 2338 959 2420 lege,
983 2336 1127 2422 positiva
1150 2343 1185 2406 et
1207 2339 1369 2417 naturali,
1393 2360 1469 2425 pro·

141 2429 271 2494 hibetur
287 2427 476 2513 polygamia
492 2432 591 2509 atque
607 2426 701 2493 irrita
717 2432 785 2499 est:
810 2427 961 2494 similiter
977 2427 1152 2495 divortium
1168 2427 1276 2511 quoad
1291 2428 1469 2497 vinculum.

141 2519 258 2598 Quare,
289 2517 422 2584 vivente
453 2517 607 2599 coniuge,
637 2515 838 2601 impossibile
867 2520 919 2583 est
948 2517 1046 2584 alteri
1075 2538 1195 2583 novum
1224 2517 1469 2584 matrimonium

141 2607 240 2684 inire,
271 2606 319 2672 ita
343 2609 396 2682 ut,
426 2609 723 2689 quantumcumque
740 2614 875 2691 putatur
897 2606 1058 2673 alteruter
1081 2606 1222 2673 coniunx
1244 2611 1413 2685 mortuns,
1442 2607 1470 2674 si

141 2715 259 2850 rqcrfficvera
283 2698 431 2849 dimidiis
454 2694 603 2772 nonsit,
634 2695 771 2761 alterins
794 2695 1037 2761 matrimonium
1060 2696 1238 2761 secundum
1260 2695 1306 2762 sit
1327 2695 1468 2764 irritum.

195 2807 266 2851 .m.
325 2834 333 2862 ,
425 2836 432 2850 .

230 2883 268 2949 R.
295 2885 324 2947 2.
364 2881 411 2948 Ut
434 2885 527 2948 liceat
549 2882 725 2947 secundum
750 2881 992 2949 matrimonium
1015 2882 1098 2948 inire
1119 2881 1242 2948 illudve
1265 2884 1392 2961 conari,
1418 2905 1468 2949 re·

140 2972 280 3055 quiritur
312 2971 445 3038 moralis
478 2971 639 3037 certitudo
672 2969 713 3037 de
744 2975 850 3037 morte
881 2971 1074 3055 compartis;
1108 2975 1145 3037 ut
1172 2971 1272 3038 liceat
1302 2973 1470 3040 admittere

141 3062 182 3126 ad
206 3060 383 3127 secundnm
407 3060 648 3127 matrimonium
673 3060 824 3142 aliquem,
849 3059 986 3144 publicis
1008 3060 1213 3143 argumentis
1237 3066 1391 3128 constare
1412 3062 1469 3129 da·

141 3152 196 3216 bct
220 3151 260 3216 de
284 3149 401 3233 prioris
424 3148 572 3232 coniugis
595 3153 711 3227 morte,
736 3153 894 3232 qnantum
916 3149 987 3215 fieri
1010 3152 1131 3234 potest,
1156 3170 1215 3233 per
1232 3153 1338 3216 testes
1354 3150 1468 3217 imme·

141 3239 248 3305 diates
272 3239 325 3304 vel
352 3240 548 3305 documenta
571 3239 702 3322 publica
726 3238 930 3314 authentioa;
962 3238 1045 3305 alias
1069 3238 1222 3323 prudenti
1245 3239 1469 3306 aestimationi

139 3328 253 3393 iudicis
278 3326 490 3394 ecclesiastici
513 3327 546 3393 id
571 3325 795 3395 committitur.
843 3327 1059 3394 Accuratiora
1081 3348 1112 3393 v.
1135 3326 1190 3393 in.
1215 3350 1257 3395 m.
1281 3327 1322 3405 ΙΙ,
1348 3330 1424 3396 741.

230 3426 268 3492 R.
294 3426 324 3491 3.
372 3425 521 3492 Socanda
551 3424 760 3491 matrimonia
784 3423 931 3491 Hilariae
961 3429 995 3491 et
1026 3424 1176 3502 Homini,
1208 3430 1246 3492 ut
1275 3430 1387 3509 patet,
1419 3428 1468 3492 in-

141 3513 249 3580 valide
279 3518 356 3580 sunt
386 3519 573 3585 contracta.
605 3518 704 3596 atque
734 3513 834 3580 etiam
864 3513 1013 3597 graviter
1039 3513 1162 3580 illicite.
1209 3514 1302 3591 Quod
1325 3514 1469 3582 maxims

140 3605 231 3669 valet
261 3604 301 3668 de
329 3601 537 3669 matrimonio
568 3604 609 3668 ab
633 3603 776 3670 Henrioo
800 3607 981 3682 attentato,
1013 3603 1067 3686 qui
1090 3623 1155 3669 non
1178 3604 1281 3668 solum
1306 3625 1372 3670 non
1396 3609 1469 3672 erat

141 3692 311 3759 moraliter
333 3696 442 3758 certus
466 3693 506 3757 de
529 3692 620 3759 obitu
644 3692 761 3776 prioris
784 3693 906 3772 uxoris,
931 3693 989 3758 sed
1011 3692 1181 3758 moraliter
1204 3695 1313 3758 certus
1336 3699 1410 3761 erat
1429 3695 1469 3761 de

141 3781 210 3848 eius
234 3781 304 3848 vita
334 3782 542 3865 perdurante.
588 3782 638 3846 Dc
662 3782 842 3848 subiectivo
866 3785 1001 3865 peccato
1025 3781 1173 3847 Hilariae
1196 3781 1303 3864 magis
1326 3782 1468 3849 dubitari

141 3876 260 3956 potest.
307 3871 394 3936 Nam
423 3870 623 3954 impossibile
652 3891 717 3936 non
747 3875 800 3937 est
828 3891 902 3938 eam
931 3871 992 3937 sibi
1022 3869 1225 3954 persuasisse
1254 3874 1330 3954 post
1355 3871 1466 3938 decem

141 3982 244 4027 annos
274 3960 333 4027 alti
363 3958 485 4025 silentii
515 3979 557 4024 ex
586 3959 775 4043 partasius
804 3960 860 4042 qui
884 3965 983 4027 antea
1006 3960 1181 4043 diligenter
1203 3960 1266 4043 ipsi
1289 3959 1469 4045 scripserat

142 4055 241 4132 atque
270 4050 368 4116 fidum
398 4048 553 4115 maritum
576 4069 612 4114 se
635 4050 849 4133 probaverat,
882 4049 962 4115 nihil
985 4049 1140 4132 relinqui,
1172 4048 1234 4114 nisi
1258 4054 1295 4115 ut
1318 4054 1468 4116 sumatur

141 4139 317 4204 Honrioum
350 4159 422 4204 esse
454 4142 628 4204 mortuum.
680 4138 848 4206 Obieotive
881 4139 1010 4221 quidem
1043 4139 1111 4205 tale
1143 4138 1307 4204 silentium
1340 4143 1479 4206 certum‘

141 4232 370 4311 argumentum
394 4249 459 4293 non
482 4227 635 4310 praebat,
666 4248 771 4309 neque
794 4227 826 4293 in
850 4228 922 4293 foro
946 4233 1083 4295 externo
1107 4232 1272 4312 sumptum
1296 4229 1387 4295 esset
1408 4249 1468 4313 pro

141 4316 349 4400 probatione,
384 4318 442 4382 sed
476 4316 663 4382 necessaria
693 4316 811 4383 fuisset
843 4317 1031 4400 diligentior
1062 4322 1097 4384 et
1127 4317 1258 4400 publica
1289 4316 1467 4400 inquisitio.

141 4407 346 4490 Quapropter
376 4407 475 4473 etiam
506 4405 686 4472 subiective
715 4406 801 4472 male
831 4407 901 4489 egit
922 4406 1051 4472 Hilaris
1080 4405 1161 4472 haec
1191 4405 1300 4471 omnia
1324 4408 1468 4490 tegendo

141 4500 176 4562 et
198 4495 328 4562 silentio
351 4494 654 4578 praetermittendo,
679 4516 752 4561 cum
777 4501 892 4577 ageret
915 4497 955 4562 de
978 4515 1063 4560 novo
1086 4494 1294 4561 matrimonio
1314 4495 1467 4564 ineundo,

141 4584 256 4667 Neque
280 4606 300 4650 a
321 4588 415 4669 provi
438 4588 572 4666 peccato
596 4583 657 4650 hac
680 4584 713 4649 in
737 4606 773 4650 re
792 4584 942 4651 excusari
958 4589 1077 4669 potest,
1103 4584 1163 4649 nisi
1180 4583 1214 4650 in
1229 4605 1353 4667 magna
1368 4586 1469 4652 fuerit

140 4673 269 4738 inscitia
293 4677 327 4738 et
349 4672 568 4756 simplicitate.
