3044 5174
127 267 206 348 ⁸248
598 261 804 319 Sacramentum
822 263 1014 335 paenitentiae.

139 441 222 506 haec
244 441 399 506 voluntas
421 439 519 506 adsit.
565 440 611 507 Et
634 439 785 523 qnoniam
815 439 849 506 in
878 439 1021 507 hnmana
1050 439 1211 506 societate
1234 444 1390 525 operetur
1413 463 1470 509 vo·

139 530 250 596 luntas
274 529 451 613 superioris
474 550 539 594 non
561 529 651 596 intus
666 529 784 607 latens,
809 529 867 596 sed
883 529 1030 596 exterius
1044 529 1268 608 manifestata,
1293 530 1471 597 videndum

21 672 25 680 .
139 624 222 774 ggqis
241 621 459 774 rlrlrquiqeeqtqrtrq
482 619 598 702 quibus
621 620 752 685 casibus
775 620 928 685 voluntas
951 619 1008 685 illa
1031 619 1149 684 summi
1171 618 1336 704 pontificis
1358 624 1473 688 exstet

230 814 269 882 R.
295 817 325 880 2.
372 815 533 901 Expressa
555 814 793 898 manifestatam
816 814 1021 881 voluntatem
1044 813 1203 879 habemus
1225 813 1259 880 in
1284 836 1381 894 casu,
1406 837 1471 898 quo

140 903 213 986 quis
236 904 270 968 in
294 903 437 968 officium
459 902 588 988 publice
617 903 769 970 inductus
799 907 851 969 est
881 907 914 968 et
948 903 1162 969 communiter
1184 902 1325 970 habetur
1346 909 1386 972 ut
1409 905 1470 970 mi·

141 993 245 1059 nister
267 1013 402 1058 munere
425 1013 484 1058 suo
507 991 654 1075 legitime
676 991 834 1074 fungens,
865 996 1014 1058 attamen
1044 1012 1087 1057 ex
1116 992 1244 1060 occulto
1268 993 1350 1060 vitio
1373 994 1471 1062 insti-

140 1086 233 1148 tutus
257 1087 309 1149 est
331 1082 485 1149 invalide.
517 1081 646 1148 Dicitur
668 1081 702 1147 in
724 1081 787 1146 hoc
810 1102 889 1147 casu
912 1103 986 1146 oum
1011 1103 1117 1147 errore
1136 1085 1292 1148 communi
1316 1083 1471 1167 coniungi

140 1175 265 1238 titutum
290 1175 479 1254 colonatum,
508 1170 663 1238 videlieet
685 1171 811 1236 factum
833 1169 980 1254 aliquod,
1009 1170 1095 1254 quod
1117 1170 1324 1255 specietenus
1346 1173 1472 1240 sufficit

141 1260 183 1326 ad
207 1281 324 1325 munus
348 1281 406 1325 sou
429 1264 629 1344 potestatem
652 1280 732 1325 vere
755 1259 994 1326 conferendam.

229 1358 294 1423 Pro
318 1378 396 1422 casu
419 1357 538 1440 igitur,
562 1378 626 1439 quo
649 1357 732 1424 haec
755 1356 949 1436 acciderint,
974 1355 1017 1422 ad
1038 1357 1158 1422 bonum
1182 1378 1354 1424 commune
1376 1358 1471 1425 illae·

141 1468 213 1511 sum
237 1446 433 1511 servandum
464 1446 667 1513 declaratum
698 1450 767 1525 est,
800 1446 865 1511 iam
888 1449 1068 1529 praeeunte
1097 1445 1168 1511 iure
1198 1446 1286 1512 civili
1309 1447 1469 1525 Romano,

141 1539 236 1601 aetus
259 1535 416 1600 eiusmodi
447 1535 588 1602 ministri
610 1535 754 1602 invalide
785 1534 928 1601 instituti
958 1534 1166 1600 nihilominus
1195 1535 1407 1603 sustinendos
1436 1542 1470 1604 et

140 1646 200 1710 pro
224 1624 342 1690 validis
365 1624 533 1690 habendos
557 1645 639 1691 esse.
671 1626 724 1691 Ita
747 1645 790 1690 ex
813 1625 884 1689 inre
908 1623 996 1689 civili
1020 1624 1114 1690 Rom.
1139 1645 1167 1691 c.
1184 1625 1370 1692 Barbarion
1394 1625 1467 1708 Dig.

143 1717 172 1792 1,
200 1717 250 1793 14,
275 1718 310 1780 et
333 1735 375 1780 ex
398 1712 468 1779 iure
492 1713 606 1780 eccles.
632 1735 660 1780 c.
684 1714 825 1798 Infamia
848 1734 937 1779 caus.
963 1715 1000 1793 3,
1026 1734 1056 1796 q.
1083 1715 1118 1792 7,
1143 1714 1230 1797 qnod
1253 1714 1295 1780 ab
1319 1715 1469 1781 omnibus

140 1824 200 1888 pro
224 1824 339 1869 norma
362 1803 510 1886 legitima
534 1807 568 1869 et
592 1803 770 1869 universali
792 1802 941 1869 habetur.

77 1932 129 1986 431
230 1919 269 1986 R.
288 1921 318 1985 3.
355 1920 498 1984 Tacitum
514 1917 695 1985 voluntatis
710 1918 1019 1995 manifestationem,
1038 1938 1102 2000 qua
1117 1939 1288 2003 supremus
1300 1919 1469 1986 Ecclesiae

140 2013 256 2093 pastor
279 2010 496 2074 condicionatc
518 2008 683 2074 defectum
705 2005 939 2074 iurisdictionis
961 2007 1123 2091 suppleat,
1148 2007 1274 2074 scilicet
1295 2012 1325 2074 ai
1348 2032 1469 2076 necesso

139 2098 250 2182 fuerit,
275 2097 433 2163 habemus
455 2096 488 2161 in
512 2097 684 2163 tolerando
699 2118 760 2162 usu
776 2095 1017 2174 iurisdictionis,
1042 2116 1126 2179 quae
1141 2097 1374 2180 probabilitate
1390 2098 1468 2163 iuris

141 2185 320 2271 probabilis
343 2185 396 2252 sit.
444 2185 606 2251 Nimirum
629 2208 689 2270 pro
712 2207 807 2265 casu,
838 2207 901 2270 quo
926 2184 1092 2262 doctrina,
1123 2206 1206 2268 quae
1236 2190 1329 2253 tenet
1353 2188 1467 2253 adesse

141 2275 415 2353 iurisdictionem,
440 2275 574 2342 veritati
597 2296 662 2340 non
686 2280 858 2354 consonet,
883 2278 994 2358 potest
1018 2273 1198 2340 certissime
1220 2276 1391 2342 Ecclesiae
1415 2298 1467 2342 su-

141 2385 275 2448 premus
298 2368 408 2431 rector
429 2368 631 2448 potestatem
655 2364 785 2429 omnino
810 2367 933 2429 certam
957 2362 1178 2447 suppeditare.
1219 2364 1329 2430 Solum
1354 2386 1466 2451 snper-

142 2456 194 2519 est
217 2453 346 2530 videre,
377 2474 455 2518 num
478 2454 560 2521 velit
590 2456 624 2519 et
653 2453 765 2519 iaciat.
812 2454 935 2519 Verum
965 2474 1039 2518 enm
1063 2452 1163 2518 etiam
1185 2453 1272 2518 velle
1299 2459 1336 2520 et
1358 2455 1467 2521 facere

141 2541 259 2608 merito
284 2544 484 2607 concluditur
506 2564 549 2608 ex
572 2563 621 2621 eo,
646 2543 731 2625 quod
755 2545 841 2607 sinat
857 2541 1073 2607 confessarios
1096 2541 1130 2606 in
1152 2541 1214 2608 tali
1235 2543 1467 2627 probabilitate

141 2652 241 2714 agere
265 2637 299 2698 et
322 2632 493 2697 absolvere
516 2653 621 2716 neque
644 2631 857 2698 contradicat.
908 2633 1015 2697 Tacite
1037 2630 1138 2713 igitur
1161 2633 1334 2700 consentit.
1382 2634 1466 2700 Nam

141 2721 204 2785 nisi
228 2720 374 2803 practice
398 2727 523 2786 certam
546 2721 699 2786 redderet
721 2720 913 2787 absolvendi
936 2724 1136 2804 potestatem
1160 2726 1195 2788 et
1217 2722 1465 2800 absolutionem,

142 2810 277 2876 deberet
300 2810 534 2877 contradicere.
580 2810 627 2876 af.
658 2811 713 2876 To.
738 2833 778 2876 na.
803 2810 844 2888 Π,
869 2811 1055 2876 389-391.

77 2935 132 2991 432
231 2925 270 2992 n.
295 2930 326 2991 4.
375 2926 596 2991 Coniecturarn
626 2925 827 3008 probabilem
858 2923 972 2989 similis
1001 2923 1182 2991 voluntatis
1212 2925 1385 3010 supplendi
1416 2926 1466 2992 de·

142 3014 250 3080 fectus
273 3015 431 3080 habemns
461 3015 494 3079 in
524 3015 594 3079 solo
625 3034 735 3079 errore
766 3013 943 3091 communi,
976 3014 1039 3077 etsi
1068 3013 1185 3079 titulus
1215 3014 1382 3082 coloratus
1405 3037 1466 3082 non

141 3103 279 3171 accedit.
315 3105 439 3169 Verum
463 3103 497 3168 in
520 3103 581 3168 hoc
604 3124 681 3169 casu
706 3124 770 3168 non
793 3103 951 3168 habemus
975 3101 1213 3168 certitudinem.
1239 3142 1283 3152 -
1305 3104 1468 3171 Videlicet

142 3193 219 3274 qnia
242 3192 313 3258 fere
335 3192 421 3258 idem
445 3191 624 3277 periculum
647 3191 723 3257 boni
747 3191 926 3257 communis
949 3191 1053 3270 adest,
1079 3192 1164 3274 quod
1187 3192 1220 3257 in
1244 3213 1357 3259 errore
1381 3215 1466 3260 com·

141 3282 231 3348 muni
262 3302 337 3347 oum
365 3282 463 3348 titulo
494 3282 640 3348 colorato
669 3281 871 3364 superiorem
900 3280 1030 3346 induxit
1059 3281 1100 3345 ad
1125 3281 1358 3365 supplendum,
1390 3304 1468 3349 sane

142 3371 228 3437 ratio
252 3392 318 3436 non
347 3371 530 3454 spernenda
560 3374 612 3437 est
640 3369 778 3454 putandi
811 3368 1011 3454 superiorem
1042 3369 1207 3435 facturum
1238 3392 1310 3437 esse
1341 3372 1374 3437 in
1407 3394 1467 3438 uno

143 3481 238 3538 casu,
270 3459 356 3542 quod
379 3460 461 3525 facit
483 3460 516 3525 in
540 3461 655 3527 altero.
702 3460 834 3526 Certum
858 3464 969 3525 autem
992 3458 1026 3524 id
1049 3480 1113 3524 non
1136 3463 1204 3537 est,
1238 3459 1314 3542 quia
1338 3483 1382 3527 ex
1406 3484 1469 3527 una

142 3555 239 3634 parte
263 3570 358 3614 casus
382 3571 447 3615 non
469 3549 518 3614 ita
540 3550 731 3631 frequenter
754 3548 890 3626 accidit,
921 3568 964 3613 ex
993 3548 1100 3614 altera
1122 3551 1218 3632 parte
1248 3571 1313 3614 non
1337 3551 1468 3628 sufficit,

143 3644 181 3705 ut
203 3639 253 3704 ita
275 3637 345 3703 fieri
369 3638 553 3716 conveniat,
577 3638 636 3704 sed
659 3637 846 3721 requiritur,
870 3641 907 3703 ut
931 3657 966 3702 re
988 3636 1061 3721 ipsa
1083 3639 1143 3703 fiat
1165 3659 1223 3702 sen
1246 3639 1357 3723 potins
1380 3641 1469 3706 iacta

144 3727 189 3793 sit
211 3728 268 3793 illa
289 3727 466 3810 superioris
481 3726 715 3795 manifestatio.
748 3727 851 3804 Quam
867 3725 1048 3793 voluntatis
1063 3727 1363 3794 manifestationem
1380 3735 1468 3796 certo

144 3838 208 3882 non
232 3817 390 3882 habemus
410 3816 589 3900 sarmatan
604 3825 632 3883 et
655 3839 856 3901 expressarum
876 3837 954 3881 num
977 3815 1129 3893 tacitam,
1154 3816 1239 3882 sicut
1261 3817 1295 3883 in
1319 3819 1468 3903 supposi-

144 3906 234 3974 tione
257 3905 293 3971 R'
318 3904 368 3984 3¹¹,
394 3905 525 3971 dubium
549 3910 611 3974 est.
658 3905 746 3971 Nam
770 3906 809 3970 de
833 3927 894 3970 asu
917 3903 1005 3970 illius
1027 3905 1204 3988 potestatis
1227 3906 1350 3990 passim
1375 3929 1468 3974 exer·

144 3996 210 4062 cito
233 4016 340 4061 sermo
364 4015 436 4060 esse
456 3994 580 4078 nequit,
605 3994 763 4078 siquidem
780 3994 901 4060 nemini
916 3997 985 4060 ticet
1000 4015 1074 4059 oum
1090 3994 1222 4061 defectu
1237 3995 1469 4064 iurisdictionis

145 4105 218 4151 eam
242 4085 303 4150 sibi
326 4105 495 4168 usurpare,
520 4084 621 4151 etiam
644 4084 672 4150 si
695 4090 819 4150 certum
844 4083 945 4150 fuerit
968 4083 1151 4149 Ecclesiam
1174 4085 1335 4169 supplere.
1384 4086 1468 4164 Qua·

144 4178 280 4259 propter
309 4173 459 4257 superior
487 4194 552 4239 non
582 4177 715 4240 tenetur
745 4172 833 4256 loqui
867 4193 925 4238 seu
958 4172 1181 4239 contradicere
1211 4173 1372 4259 opinioni,
1408 4198 1470 4258 qua

146 4264 328 4347 complures
351 4267 471 4347 putant
493 4262 583 4329 illam
606 4263 844 4347 suppletionem
867 4261 947 4327 fieri.
994 4262 1107 4340 Immo,
1132 4263 1218 4345 quod
1247 4263 1386 4346 gravius
1410 4271 1469 4342 est,

147 4352 178 4419 S.
203 4353 236 4419 O.
262 4352 294 4418 C.
319 4352 352 4416 in
376 4373 532 4435 responso
557 4353 587 4419 d.
611 4353 641 4418 d.
669 4355 707 4416 11
728 4353 806 4417 Dec.
827 4353 911 4416 1683
935 4356 1049 4417 secuta
1073 4355 1124 4417 est
1147 4353 1344 4419 sententiam
1369 4376 1470 4439 nega-

146 4441 260 4520 tivam,
284 4441 317 4505 in
341 4461 452 4506 errore
476 4441 637 4506 communi
661 4441 731 4506 sine
754 4440 851 4507 titulo
875 4440 1020 4506 colorato
1046 4443 1174 4522 „illicita
1191 4450 1217 4507 et
1233 4444 1377 4510 invalide
1401 4467 1470 4511 oon·

145 4530 298 4611 sessiones
323 4533 497 4616 occepisse,
525 4531 581 4595 scd
609 4553 673 4596 non
706 4552 769 4595 asse
800 4531 1024 4616 inquietandos
1054 4533 1109 4614 qaut
1131 4531 1218 4596 bona
1246 4531 1311 4598 fide
1335 4536 1470 4618 confesti

145 4617 252 4684 aunt.“
306 4619 510 4700 Quamquam
543 4620 625 4685 haec
659 4618 883 4702 quaestionem
918 4638 983 4683 non
1017 4617 1189 4698 dirimunt,
1224 4621 1369 4689 maxime
1400 4645 1471 4690 cunr
