3044 5174
379 288 576 359 Impedimenta
593 288 759 344 matrimonii
778 288 944 344 dirimentia:
963 317 998 327 —
1017 291 1110 343 Aetas.
1344 292 1408 356 547

81 469 221 543 verant,
251 464 380 530 interea
408 463 570 548 separati,
601 464 628 529 si
657 468 793 548 paratos
820 486 856 531 se
879 465 1049 531 declarant
1072 464 1114 530 ad
1141 484 1182 531 ea
1211 464 1411 548 praestanda

81 575 170 639 qnae
201 575 298 620 sacra
320 554 414 620 Rom.
438 552 615 620 tribunalia
638 553 855 632 iniunxerint,
886 575 972 619 nunc
995 574 1054 637 per
1076 553 1313 620 absolutionem
1337 575 1410 620 cum

82 645 154 710 Deo
178 647 318 728 possunt
340 641 552 708 reconciliari.
588 642 711 708 Verum
735 643 970 710 attendendum
993 646 1055 722 est,
1078 665 1155 708 num
1179 649 1213 710 et
1235 664 1295 728 per
1315 664 1411 727 quem

82 734 213 800 absolvi
238 732 365 816 possint
387 752 408 797 a
431 731 577 797 censuris
600 737 735 816 propter
758 736 952 819 apostasiam
975 732 1015 797 at
1039 733 1152 798 ardica
1174 753 1233 798 suo
1255 733 1410 798 incursis:

83 843 171 906 quae
203 820 419 888 communiter
442 820 590 887 Romano
621 821 765 905 pontifici
794 822 848 887 vel
878 821 1026 887 ordinum
1056 821 1276 905 superioribus
1305 842 1412 887 reser-

84 915 219 990 vantur,
235 911 321 976 sicut
336 910 628 975 excommunicatio
642 914 778 994 propter
789 911 1032 976 matrimonium
1042 916 1119 995 post
1129 910 1286 976 sollemne
1297 916 1412 977 votum

84 1003 289 1068 attentatum
313 1003 484 1065 contracta
507 1004 558 1065 est
581 998 668 1064 inter
691 1020 845 1066 censuras
868 1000 1004 1084 papales
1027 999 1199 1065 ordinariis
1214 1004 1412 1066 reservatas.

176 1090 231 1154 Ex
253 1109 332 1154 casu
356 1094 490 1154 narrato
514 1088 662 1153 concludi
685 1088 814 1171 quidem
837 1093 948 1173 potest
971 1109 1083 1154 omnes
1105 1089 1179 1154 illos
1194 1089 1283 1155 viros
1299 1092 1413 1172 utpote

85 1184 188 1245 antea
217 1178 250 1242 in
280 1177 426 1261 periculo
456 1177 571 1243 mortis
599 1177 795 1243 constitutos
817 1177 851 1242 in
874 1178 951 1243 navi
974 1178 1143 1244 absolutos
1166 1199 1238 1244 esse
1262 1179 1303 1243 ab
1327 1176 1414 1244 omni

86 1289 245 1344 censura,
270 1287 375 1349 neque
398 1265 551 1332 videntur
573 1266 606 1330 in
630 1288 687 1332 eas
710 1266 908 1333 reincidisse.
955 1267 1001 1332 At
1024 1288 1067 1333 ex
1089 1271 1210 1334 natura
1231 1267 1279 1333 rei
1302 1270 1414 1332 manet

86 1356 247 1439 obligatio
278 1376 350 1421 cum
374 1354 531 1438 legitimis
554 1356 775 1440 superioribus
798 1377 867 1422 rem
891 1356 1119 1440 componendi:
1150 1357 1236 1439 quod
1259 1356 1322 1422 nisi
1345 1360 1413 1435 fiat,

86 1447 120 1512 in
142 1443 347 1529 superiorum
371 1448 539 1529 potestate
559 1449 611 1510 est
634 1466 718 1511 novo
736 1466 946 1511 censurarum
963 1445 1092 1511 vinculo
1108 1445 1182 1512 illos
1199 1445 1413 1529 adstringere.

467 1635 817 1703 IMPEDlMENTUM
840 1636 1039 1704 AETATIS.

653 1783 763 1850 tasas.
782 1791 859 1860 (272)

180 1918 311 1996 Sylvius,
326 1937 399 1995 puer
413 1916 577 1976 catholicus
592 1936 735 1977 annorum
750 1917 900 1990 tredecim,
917 1923 947 1976 et
957 1917 1071 1988 Catulo,
1086 1918 1186 1995 puella
1200 1923 1417 1995 protestantrca

90 1999 246 2059 duodecim
267 2017 426 2068 annorum,
456 1997 488 2056 in
509 1998 634 2057 australi
655 1998 777 2073 regione
798 1997 877 2068 nati,
906 2000 992 2056 ambo
1021 2017 1085 2056 cnm
1107 1998 1281 2076 parentibus
1302 1998 1365 2058 suis
1386 1997 1418 2056 in

89 2081 246 2140 civitatem
274 2078 420 2155 quandam
442 2077 616 2137 Rhenanam
643 2078 901 2153 transmigrarunt.
943 2078 983 2136 Hi
1011 2078 1103 2153 igitur
1130 2078 1161 2137 in
1181 2078 1263 2137 vitiis
1285 2077 1407 2138 enutriti

90 2161 265 2220 relationem
287 2179 411 2218 sexuum
433 2157 508 2217 satis
529 2157 635 2227 edocti,
658 2158 712 2217 sibi
728 2159 856 2218 invicem
877 2158 964 2217 fidem
978 2159 1050 2218 dant
1071 2160 1106 2217 de
1121 2159 1307 2218 matrimonio
1328 2165 1418 2234 atque

90 2259 269 2300 consensum
291 2240 327 2298 de
348 2238 515 2317 praesenti;
537 2239 624 2297 immo
646 2237 751 2298 (latnla
772 2258 840 2297 mox
862 2258 879 2296 a
901 2238 1002 2314 Sylvio
1021 2238 1145 2314 gravida
1166 2245 1298 2316 apparet.
1334 2238 1418 2309 Quod

91 2340 157 2381 cnm
189 2325 329 2397 parentes
358 2324 388 2378 et
413 2319 562 2395 parochus
591 2318 789 2395 obstupefacti
818 2318 1018 2395 comperiant,
1047 2319 1165 2378 discunt
1192 2322 1230 2378 ab
1262 2320 1321 2378 illis
1350 2319 1418 2396 qnid

90 2408 210 2478 gestum
239 2400 287 2459 sit.
329 2399 475 2458 Parentes
502 2397 591 2475 pline
619 2399 724 2458 nolunt
752 2418 803 2458 eos
831 2405 865 2457 ut
892 2398 1078 2458 matrimonio
1100 2399 1216 2459 iunctos
1246 2419 1417 2475 agnoscere,

90 2489 180 2558 atque
201 2500 254 2558 per
275 2479 391 2539 civilem
413 2479 620 2538 auctoritatem
642 2483 761 2538 tentant
781 2498 832 2538 eos
854 2497 995 2555 separare
1017 2486 1047 2539 et
1068 2480 1261 2540 correctionis
1281 2480 1419 2540 instituto

89 2562 224 2621 tradere:
247 2560 324 2636 quod
345 2560 493 2636 parochus
513 2558 586 2617 totis
607 2559 720 2617 viribus
742 2559 842 2618 studet
861 2559 1012 2635 impedire,
1035 2579 1101 2618 cum
1115 2561 1333 2620 matrimonium
1347 2560 1420 2620 illud

90 2642 147 2703 rite
167 2641 275 2701 initum
297 2659 363 2699 esse
385 2640 524 2698 declaret.

90 2756 270 2826 Quaaarvoa
295 2759 323 2814 1⁰
344 2755 393 2832 qui
414 2755 548 2814 defectus
569 2753 677 2813 aetatis
698 2753 738 2812 sit
758 2753 997 2831 impedimentum
1018 2755 1198 2814 matrimonii
1220 2756 1366 2814 dirimens.

293 2855 324 2912 2ο
344 2873 401 2930 quo
423 2858 569 2925 cessante,
591 2852 719 2911 liceatne
740 2851 957 2911 matrimonium
978 2853 1062 2913 inire.

293 2953 323 3012 8⁰
344 2951 413 3027 quid
434 2951 470 3010 de
492 2970 563 3010 casu
584 2951 735 3027 proposito
757 2949 796 3007 sit
816 2948 1014 3009 iudicandum.

692 3131 828 3199 Solatia.

183 3275 237 3340 Ao
253 3294 445 3351 conservum
464 3277 500 3338 1¹⁰
517 3274 556 3340 R.
576 3277 604 3340 1.
645 3273 802 3340 Defectus
821 3272 943 3339 aetatis
959 3273 1029 3338 iure
1044 3277 1182 3340 naturae
1198 3295 1262 3339 non
1279 3273 1441 3354 exsistits

91 3367 156 3432 nisi
182 3363 325 3431 adfuerit
348 3363 495 3429 defectus
519 3364 635 3446 plenae
659 3363 797 3429 rationis
814 3363 867 3426 vel
891 3362 1079 3445 ignorantia
1103 3362 1287 3428 omnimoda
1309 3364 1422 3429 matri-

92 3455 204 3521 monii.
245 3452 331 3518 Nam
356 3474 452 3535 quam
477 3453 615 3536 primum
641 3452 759 3534 aliquis
783 3451 911 3517 ratione
934 3452 1030 3535 plene
1054 3452 1158 3518 ut'tnr
1181 3457 1281 3535 atque
1304 3453 1367 3519 scit
1383 3453 1423 3519 de

93 3566 160 3628 qna
183 3564 220 3608 re
243 3546 372 3624 agatur,
396 3542 447 3606 ins
470 3542 640 3624 coniugale
657 3541 736 3606 dare
756 3545 790 3607 et
811 3539 960 3624 accipere
976 3546 1088 3607 mutuo
1104 3546 1224 3625 potest,
1249 3543 1310 3608 etsi
1328 3563 1423 3608 exer-

94 3633 208 3700 citium
243 3631 323 3696 iuris
354 3635 490 3715 propter
521 3630 587 3695 vim
620 3629 846 3713 generativam
881 3629 1023 3695 nondum
1056 3632 1222 3697 evolutam
1255 3631 1425 3698 differatur

95 3741 230 3789 necesse
254 3721 307 3788 sit.

185 3827 225 3893 R.
251 3830 280 3892 2.
320 3826 539 3893 Nihilominus
569 3846 684 3910 parum
723 3825 878 3891 convenit
912 3829 1117 3892 contractum
1152 3826 1425 3893 matrimonialem

95 3916 190 3993 inire,
214 3921 391 3998 antequam
416 3916 564 4000 aptitudo
589 3914 762 3980 exercendi
790 3915 870 3979 iuris
894 3914 1074 3997 coniugalis
1099 3915 1194 3983 adsit.
1241 3915 1348 3991 Quare
1371 3937 1425 3981 sa-

96 4007 227 4090 pienter
249 4005 400 4071 Ecclesia
428 4006 502 4087 lege
532 4026 591 4070 sua
621 4003 765 4089 positiva
796 4008 921 4070 certam
946 4009 1090 4070 aetatem
1114 4004 1201 4080 fixit,
1226 4010 1304 4070 ante
1328 4025 1426 4086 quam

96 4093 354 4171 matrimonium,
387 4094 414 4159 si
438 4095 492 4177 qui
516 4093 598 4159 inire
622 4097 830 4171 conarentur,
855 4098 944 4159 esset
966 4093 1106 4159 irritum.
1154 4093 1255 4169 Quam
1281 4099 1426 4160 aetatem

95 4183 276 4249 universim
305 4182 378 4248 fixit
411 4186 450 4247 12
482 4204 640 4247 annornm
664 4204 724 4267 pro
748 4182 895 4262 feminis,
930 4184 970 4246 14
995 4202 1153 4247 annorum
1178 4203 1236 4264 pro
1260 4184 1424 4250 masculis.

96 4273 146 4339 Οἱ.
171 4294 242 4356 cap.
269 4275 297 4339 6.
327 4275 376 4338 10.
404 4276 444 4336 14
468 4272 497 4336 X
523 4274 552 4349 4,
578 4275 609 4336 2.

188 4380 228 4447 R.
252 4383 281 4445 3.
329 4379 390 4456 Qui
420 4378 521 4460 igitur
551 4382 628 4443 ante
659 4399 715 4443 eos
739 4377 860 4444 aetatis
884 4398 986 4443 annos
1011 4381 1248 4443 contraxerunt
1273 4380 1311 4444 de
1332 4401 1426 4463 prae·

96 4472 197 4551 senti,
231 4467 438 4534 matrimonio
471 4469 558 4533 nullo
590 4466 785 4550 iunguntur,
820 4467 882 4532 nisi
921 4465 1081 4544 ,malitia“
1118 4485 1175 4530 seu
1213 4468 1422 4548 ,prudentia“

97 4559 253 4644 suppleat
285 4559 446 4635 aetatem,
479 4557 499 4623 i.
526 4577 553 4622 e.
578 4556 640 4621 nisi
673 4577 709 4622 re
741 4557 814 4641 ipsa
845 4556 910 4620 iam
943 4554 1078 4638 physice
1110 4557 1144 4619 et
1174 4556 1327 4638 psychice
1358 4555 1428 4640 apti

97 4647 223 4715 fuerint
245 4647 288 4713 ad
312 4646 461 4731 copulam
486 4645 700 4728 coniugalem.
745 4645 839 4710 Alias
862 4666 975 4711 eorum
999 4643 1184 4710 coniunctio
1207 4643 1346 4710 habetur
1369 4665 1428 4728 pro

1140 4747 1194 4803 85·
