3044 5174
160 249 226 313 228
616 243 821 299 Sacramentum
840 245 1031 316 paenitentiae.

157 425 254 499 lolio,
285 441 351 503 qua
379 419 558 506 periculum
581 419 753 487 oblivionis
777 421 830 485 rel
853 419 967 487 totalis
991 419 1174 486 omissionis
1203 421 1395 501 inducatur,
1428 423 1487 489 ha·

159 513 256 577 betur
278 510 379 576 etiam
401 531 461 594 pro
484 509 579 591 gravi
603 514 748 592 peccato.

248 617 289 682 R.
313 617 344 682 4.
376 614 411 681 Si
433 619 564 698 tempus
587 614 772 699 implendae
795 614 1018 698 paenitentiae
1034 614 1239 697 assignatum
1260 637 1325 681 non
1349 620 1412 696 est,
1436 615 1485 681 in·

161 705 298 771 ducendi
320 709 397 771 sunt
420 705 627 788 paenitentes
658 708 815 785 utquam
838 704 978 787 primurn
1009 725 1081 769 eam
1112 705 1320 788 persolvant,
1349 710 1420 772 tum
1444 726 1485 771 ne

160 793 315 860 oblivioni
341 794 446 870 detur,
471 798 540 859 tum
564 814 605 858 ne
628 793 808 877 periculum
831 793 989 859 subeatur
1012 813 1085 858 eam
1107 794 1141 858 in
1157 798 1248 860 statu
1271 795 1400 879 peceati
1424 794 1502 875 imr

159 883 286 968 plendi:
319 903 383 964 quo
414 881 604 948 efficacitati
634 882 704 947 eius
727 882 860 967 ponitur
890 883 975 948 obex
999 885 1098 964 atque
1121 882 1296 948 venialiter
1317 888 1483 969 peccatur.

95 1022 149 1076 392
248 1007 302 1073 Ao
332 1028 522 1084 Qnausrruu
547 1008 584 1071 5¹²
615 1007 654 1073 R.
681 1009 710 1075 1.
756 1008 809 1072 Ex
839 1006 1026 1072 rationabili
1056 1026 1156 1071 causa
1187 1005 1391 1090 paenitentia
1424 1009 1484 1074 im-

159 1097 268 1184 posita
290 1097 411 1163 mutari
434 1100 544 1180 potest
567 1117 588 1162 a
610 1095 758 1179 legitima
773 1095 941 1162 Ecclesiae
965 1095 1173 1163 auctoritate.
1204 1095 1307 1179 quue
1325 1097 1485 1182 imprimis

145 1190 202 1274 ⁴ab
225 1187 296 1271 ipso
320 1186 520 1252 confessario
544 1186 577 1250 in
600 1186 673 1269 ipsa
696 1185 900 1251 confessione
923 1185 993 1250 fieri
1017 1205 1114 1267 posse
1142 1205 1237 1250 nemo
1260 1190 1312 1251 cst
1335 1187 1392 1269 qui
1415 1209 1484 1254 am·

161 1276 263 1360 bigat.
303 1275 391 1341 Nam
414 1279 466 1341 est
490 1275 651 1357 quaedam
674 1274 869 1341 retractatio
893 1295 1012 1339 causae
1029 1279 1063 1339 et
1079 1273 1189 1339 iudicii
1205 1275 1375 1354 correctio,
1401 1298 1485 1360 quae

159 1367 230 1432 sine
254 1365 351 1431 dubio
374 1364 444 1429 fieri
467 1369 588 1448 potest,
613 1364 743 1446 quando
760 1384 861 1429 causa
877 1363 1046 1429 moraliter
1062 1363 1204 1428 nondum
1221 1369 1273 1432 est
1288 1364 1392 1440 finita,
1417 1367 1439 1433 i.
1456 1386 1484 1432 e.

159 1454 314 1538 quamdiu
336 1453 508 1538 paenitens
532 1475 550 1519 e
573 1452 803 1518 confessionali
827 1453 969 1518 nondum
992 1452 1153 1519 discessit.

248 1561 287 1627 R.
313 1563 343 1626 2.
392 1560 455 1625 Sed
478 1560 579 1626 etiam
601 1564 677 1644 post
706 1561 809 1626 latam
832 1559 1048 1637 sententiam,
1080 1558 1167 1638 sicut
1195 1559 1230 1624 in
1259 1559 1333 1625 aliis
1357 1561 1484 1627 iudiciis

159 1650 347 1734 petentibus
369 1649 518 1733 partibus
548 1669 649 1714 causa
672 1649 793 1714 resumi
823 1655 857 1716 et
887 1648 1061 1715 retractari
1084 1653 1211 1733 potest,
1240 1648 1289 1714 ita
1320 1649 1421 1715 etiam
1452 1651 1485 1716 in

159 1738 390 1806 sacramentali
414 1738 542 1804 iudicio,
574 1738 653 1804 Cum
677 1743 787 1804 autem
810 1738 843 1803 in
867 1738 928 1803 hoc
951 1738 1182 1804 sacramentali
1205 1738 1324 1803 iudicio
1347 1738 1485 1822 quilibet

160 1828 381 1895 confessarius
404 1829 604 1912 approbatus
627 1827 727 1892 iudex
749 1827 793 1893 sit
817 1831 1015 1910 competens,
1040 1827 1177 1908 quilibet
1198 1827 1433 1906 'confessarius
1457 1831 1485 1895 si

160 1917 322 1984 confessio
346 1917 432 2000 apud
456 1938 530 1982 eum
553 1916 703 1994 iteratur,
729 1917 833 1982 denuo
857 1917 1000 1981 iudicare
1016 1915 1319 1999 paenitentiamque
1340 1938 1485 1984 commu·

159 2012 232 2073 tare
254 2010 389 2091 potest,
420 2005 481 2071 nisi
512 2005 599 2071 forte
628 2027 687 2090 pro
716 2006 895 2073 reservatis
924 2004 1069 2089 peccatis
1100 2027 1120 2071 a
1143 2005 1312 2089 superiore
1335 2011 1486 2092 specialis

161 2096 363 2180 paenitentia
386 2094 539 2178 imposita
561 2094 671 2160 fuerit.

96 2219 170 2274 393.
248 2203 287 2268 R.
320 2205 351 2269 3.
397 2202 521 2266 Verum
550 2205 587 2267 ut
617 2201 743 2267 alienus
773 2200 994 2266 confessarius
1023 2200 1261 2284 paenitentiam
1292 2207 1483 2281 commutet,

161 2291 346 2358 necessaria
368 2312 434 2355 non
457 2294 510 2356 est
531 2290 662 2373 integra
686 2290 900 2356 confessionis
923 2291 1092 2373 repetitio,
1117 2292 1175 2356 sed
1198 2290 1322 2357 sufficit
1345 2292 1484 2357 confusa

160 2385 268 2447 status
292 2379 491 2463 paenitentis
513 2379 633 2446 notitia
656 2380 736 2446 data
758 2380 812 2445 vel
836 2400 895 2463 pro
924 2380 1180 2446 commutatione
1202 2380 1429 2464 paenitentiae
1452 2382 1485 2446 in

159 2490 241 2553 opus
272 2468 341 2534 fere
371 2470 509 2551 aequale
540 2468 643 2553 ipsius
672 2469 895 2552 paenitentiae
925 2469 1090 2535 indicatio.
1143 2469 1196 2537 Ab
1226 2469 1341 2535 codem
1371 2474 1486 2536 autem

160 2558 361 2624 confessario
384 2563 422 2625 ut
445 2559 658 2625 commutatio
674 2559 743 2633 fiat,
768 2579 788 2624 a
803 2558 941 2624 fortiore
965 2558 1047 2623 haec
1064 2557 1202 2625 confusa
1216 2558 1336 2648 not-itia
1350 2559 1485 2627 sufficit.

247 2666 286 2731 R.
311 2667 341 2732 4.
374 2665 509 2730 Alienus
533 2665 761 2741 confessarius,
787 2668 825 2732 ut
847 2665 911 2731 rite
934 2669 1136 2732 commutare
1158 2665 1274 2749 possit,
1298 2667 1485 2733 necessario

159 2755 191 2820 id
215 2755 326 2820 facere
349 2755 447 2820 debet
469 2755 502 2818 in
525 2755 682 2819 tribunali
698 2754 948 2833 sacramentali:
974 2754 1118 2836 alioquin
1140 2753 1341 2838 impossibile
1357 2759 1410 2822 est
1434 2756 1486 2822 fa·

159 2865 232 2909 cere
255 2844 491 2927 paenitentiam
514 2847 784 2928 sacramento-lem,
808 2842 829 2908 i.
855 2864 882 2909 e.
908 2844 1115 2909 coniunctam
1131 2864 1204 2909 cum
1228 2845 1347 2909 effectu
1371 2866 1485 2911 sacra·

159 2933 311 3011 mentali,
342 2934 397 3016 qui
420 2933 453 2997 vi
477 2933 692 2998 absolutionis
715 2932 915 3017 producitur.
963 2933 1051 3015 Ergo
1077 2936 1278 2998 commutare
1308 2933 1408 3000 debet
1431 2937 1484 2999 vel

158 3022 191 3087 in
215 3021 337 3088 actuali
354 3021 566 3100 confessione,
591 3022 712 3104 inqua
736 3022 888 3098 absolvit,
913 3022 976 3097 vel,
1001 3023 1029 3086 si
1046 3021 1128 3088 lacit
1149 3026 1247 3088 extra
1263 3043 1347 3100 eam,
1371 3025 1485 3107 paeni·

158 3112 265 3177 tentia
288 3115 489 3177 commutata
506 3112 572 3176 vim
595 3131 689 3178 suam
713 3132 777 3176 non
801 3111 929 3177 obtinet
945 3111 1006 3176 nisi
1029 3133 1088 3194 per
1103 3112 1343 3178 absolutionem
1366 3118 1486 3197 postea

158 3201 309 3266 dandam.

247 3313 286 3379 R.
304 3316 334 3379 5.
367 3313 591 3378 confessarius
614 3312 799 3398 impositam
817 3334 837 3378 a
852 3333 889 3378 se
904 3311 1140 3397 paenitentiam
1165 3332 1207 3376 ex
1230 3312 1392 3396 probabili
1415 3314 1485 3398 opi·

158 3401 255 3467 nione
279 3407 480 3468 commutare
504 3407 631 3487 potest,
662 3403 763 3469 etiam
792 3424 858 3468 una
891 3403 1039 3467 alterave
1064 3402 1115 3466 die
1137 3405 1214 3485 post
1244 3401 1484 3468 confessionem

159 3497 193 3557 et
216 3491 454 3557 absolutionem
480 3492 608 3576 elapsa,
643 3493 719 3574 quia
743 3496 896 3557 censetur
919 3490 1025 3556 adhuc
1056 3491 1223 3555 sufficiens
1247 3491 1323 3556 unio
1347 3493 1483 3558 moralis

159 3581 245 3645 inter
268 3580 353 3645 hanc
370 3582 531 3647 actionem
548 3588 582 3646 et
598 3582 848 3664 praecedentem
865 3579 1048 3645 iudicialem
1071 3580 1279 3646 sententiam.
1312 3581 1357 3647 Et
1381 3603 1484 3664 quon·

159 3669 223 3734 iam
247 3669 287 3734 de
311 3671 504 3736 secundario
528 3672 647 3736 effectu
670 3669 869 3735 sacramenti
894 3669 1014 3751 agitur,
1039 3669 1136 3735 alicui
1158 3669 1250 3751 sequi
1272 3668 1386 3735 licebit
1401 3672 1484 3736 hanc

159 3759 373 3836 sententiam;
405 3764 497 3825 certa
526 3764 636 3825 tamen
668 3781 733 3824 non
764 3763 831 3836 est,
863 3779 968 3840 neque
996 3758 1090 3842 proin
1121 3763 1232 3824 certus
1262 3763 1315 3823 est
1345 3760 1484 3825 effectus

158 3849 407 3915 sacramentalis
437 3849 515 3915 talis
545 3849 768 3932 paenitentiae
801 3853 965 3923 mutatae,
999 3868 1038 3912 ac
1069 3851 1246 3931 propterea
1278 3849 1484 3914 suadendum

159 3937 279 4003 nemini
303 3943 354 4004 est
377 3940 414 4004 ut
436 3940 494 4002 toll
517 3938 699 4004 mutatione
724 3938 768 4002 sit
791 3942 974 4004 contentus.

95 4089 148 4143 394
246 4071 299 4135 An
323 4091 514 4146 ouansmun
538 4073 578 4135 6¹¹¹
601 4070 640 4137 R.
668 4074 695 4138 1.
743 4070 954 4136 Paenitentes
977 4068 1042 4147 illi,
1074 4070 1101 4133 si
1133 4069 1284 4134 absolute
1316 4069 1349 4134 in
1375 4070 1483 4136 animo

158 4159 324 4226 habebant
347 4181 412 4224 non
435 4159 571 4243 implere
593 4160 815 4243 paenitentias
839 4158 1026 4242 impositas,
1059 4180 1123 4222 non
1149 4159 1312 4224 debebant
1335 4160 1482 4244 recipere

158 4248 404 4314 absolutionem.
452 4249 504 4314 Ita
527 4271 563 4313 re
587 4271 666 4315 vera
690 4252 845 4334 poterant
875 4247 1095 4331 paenitentias
1120 4247 1364 4314 irrationabiles
1388 4270 1483 4315 recu·

158 4358 249 4415 sare,
274 4359 379 4420 neque
403 4342 631 4421 peccaverant.
683 4338 874 4420 ,Obligatur
897 4337 1069 4421 paenitens
1093 4337 1280 4415 confessuS,
1306 4338 1361 4419 qui
1386 4340 1482 4405 abso·

158 4427 314 4492 lotionem
345 4428 430 4505 vult,
462 4429 697 4510 paenitentiam
724 4428 904 4494 iniunctam
935 4432 1125 4511 acceptare,
1158 4427 1218 4491 nisi
1250 4427 1333 4492 haec
1363 4428 1408 4494 sit
1437 4429 1481 4493 ir·

158 4515 389 4583 rationabilis.“
446 4518 777 4584 Bellen-Palm.
815 4517 836 4582 l.
871 4538 897 4582 c.
936 4538 966 4582 n.
1002 4519 1075 4583 501.
1129 4515 1249 4593 Quodsi
1282 4517 1482 4600 persistebat

157 4606 327 4670 lansenius
343 4606 376 4670 in
393 4606 596 4689 postulandis
613 4608 679 4672 suis
695 4606 972 4673 irrationabilibus
984 4606 1206 4688 paenitentiis,
1223 4606 1293 4689 ipse
1309 4608 1479 4690 peccabat.
