3044 5174
212 290 339 345 Minister
356 289 458 361 poenit.
477 318 512 328 -
531 289 590 343 eius
608 289 767 359 approbatio
786 292 814 343 et
832 288 990 344 iurisdictio.
1200 295 1265 360 249

76 469 104 536 ιι.
122 468 322 535 contrariam
337 466 520 552 opinionem
538 466 636 534 etiam
653 465 855 551 probabilem
878 488 951 546 esse
967 467 1097 534 doceat:
1113 467 1171 548 VI,
1188 470 1264 535 572.

76 558 320 625 lien-Palm.
345 557 366 623 l.
392 577 418 622 c.
443 577 474 622 n.
501 558 574 622 638.

92 659 122 722 5.
171 655 258 721 Satis
282 659 391 721 autem
417 659 541 720 certum
566 658 618 720 est
641 653 822 719 Ecclesiam
845 674 911 719 non
934 654 1103 738 supplere,
1135 655 1264 737 quaudo

76 748 146 811 eest
168 744 365 822 iurisdictio,
390 744 487 826 idque
511 743 725 810 communiter
749 743 879 825 quidem
901 743 1019 821 scitur,
1051 743 1223 827 ignoratur
1244 765 1264 810 a

100 833 156 916 qui
186 855 228 899 ex
251 854 290 899 eo
319 833 490 917 patiuntur
521 831 705 898 nullitatem
736 832 786 897 sui
810 837 904 898 actus
927 833 981 898 vel
1009 837 1102 899 aetus
1126 853 1206 917 erga
1228 854 1264 899 se

78 976 85 990 .
133 923 180 989 ef.
210 924 265 990 lh.
290 945 330 991 m.
355 923 396 1000 II,
422 925 496 988 389.

76 1057 296 1139 ›Quansrruu
321 1037 477 1102 3¹⁰lt.l.
449 1035 744 1112 l,Gaudentius
776 1056 849 1101 eum
870 1034 904 1099 ιιι
928 1040 1022 1102 sanct
1007 1035 1114 1102 tuario
1137 1036 1328 1106 confes-433

76 1126 254 1209 exciperet,
224 1126 420 1192 tcarebat
450 1125 581 1191 omnit
566 1125 673 1191 titulo
719 1085 866 1192 ditatores
896 1125 982 1189 enim
1013 1127 1170 1190 confictae
1200 1147 1265 1191 non

76 1215 156 1282 ulus
179 1215 274 1281 ullus.
322 1215 369 1281 Ut
399 1214 483 1279 enirn
515 1214 603 1280 adsit
632 1214 674 1280 ιιι
659 1214 765 1292 ιιιιιιι,
797 1214 859 1279 etsi
889 1213 1086 1280 intrinsecus
1116 1213 1264 1293 vitiatus,

76 1304 257 1381 coloratae,
282 1308 376 1369 actus
400 1304 497 1369 debet
520 1303 680 1370 exsistere
705 1303 746 1368 ab
769 1302 993 1368 ecclesiastico
1016 1303 1184 1387 superiore
1206 1325 1266 1389 po·

78 1392 111 1457 ui
135 1414 177 1458 ex
200 1415 260 1458 sua
275 1415 318 1458 na
320 1398 431 1460 ttura
416 1392 563 1460 tendat
554 1414 587 1457 ιιι
612 1391 841 1458 conferendam
865 1397 923 1477 pot
909 1395 1075 1458 testatem.
1106 1392 1266 1459 Attamen

76 1503 148 1547 rror
171 1482 364 1556 communis;
389 1503 502 1547 omnes
525 1482 609 1547 enim
633 1486 768 1566 putant,
793 1502 865 1546 curn
888 1481 1024 1548 videant
1047 1481 1266 1548 Gaudentium

76 1571 243 1649 essionali,
277 1592 351 1636 eum
381 1591 453 1636 esee
482 1571 574 1652 legit
565 1592 665 1636 rmum
696 1570 942 1636 confessarium.
989 1569 1074 1636 Hinc
1096 1571 1266 1655 probabile

102 1666 155 1728 eet
187 1681 260 1725 eum
295 1682 358 1725 non
395 1660 547 1726 obstante
578 1660 708 1726 defectu
737 1664 848 1744 potest
850 1659 915 1726 atis
871 1659 1054 1726 tvalide
1084 1659 1266 1727 absolvisse

76 1755 164 1828 ntes;
189 1755 315 1815 certum
338 1754 450 1815 tamen
473 1770 537 1814 non
562 1754 622 1815 est.

76 1861 150 1904 rum
175 1839 224 1916 iia,
250 1838 304 1921 qni
327 1839 376 1905 ita
398 1838 613 1922 probabiliter
627 1841 701 1904 tant
702 1860 756 1903 um
773 1837 913 1904 absoluti
939 1842 1017 1905 sunt
1019 1886 1026 1916 ,
1050 1859 1116 1903 non
1132 1838 1267 1923 expedit

76 1949 105 1994 re
128 1949 210 1993 onus
232 1928 431 2012 repetendae
455 1927 677 2005 confessionis,
701 1927 860 2009 siquidem
883 1948 926 1992 ex
949 1948 1015 1992 una
1036 1931 1132 2011 parte
1148 1927 1265 2011 proba·

78 2017 266 2084 atisfaetum
283 2021 344 2096 est,
361 2038 403 2082 ex
419 2018 525 2082 altera
536 2021 631 2101 parte
647 2016 837 2082 scandalum
854 2016 1057 2084 excitaretur
1069 2017 1123 2082 ιιι
1135 2021 1266 2101 pertur-

75 2106 84 2170 i
99 2107 132 2171 id
149 2112 332 2189 urgeretur.
364 2106 448 2171 Vide
464 2106 574 2184 etiam,
592 2107 677 2188 quod
693 2109 869 2172 notaverat
881 2106 913 2172 S.
927 2105 960 2172 G.
974 2105 1008 2172 G.
1025 2126 1103 2170 mox
1118 2105 1264 2173 laudata.

92 2207 123 2272 2.
161 2204 339 2287 Postquam
364 2203 492 2288 publice
516 2203 727 2270 denuntiatus
751 2209 802 2271 est
824 2203 1036 2283 Gaudentius,
1061 2225 1154 2270 error
1176 2225 1265 2270 com-

76 2294 222 2367 evanuit;
248 2315 349 2376 quare
372 2294 400 2358 si
424 2293 631 2359 nihilominus
655 2293 750 2378 pauci
765 2292 873 2376 ignari
896 2293 1027 2358 adeum
1044 2298 1264 2371 accesserunt,

76 2382 141 2448 lide
166 2383 252 2466 apud
276 2404 348 2447 eum
375 2383 611 2448 confessionem
634 2382 848 2449 instituerunt
877 2403 982 2464 neque
1005 2403 1042 2447 re
1065 2403 1146 2449 vera
1168 2384 1266 2449 abso·

76 2477 112 2538 ιι.
160 2472 203 2536 Ηι
227 2472 329 2554 igitur
351 2493 410 2555 per
433 2493 468 2537 aa
492 2473 591 2538 etiarn
614 2472 739 2538 moneri
762 2472 898 2549 debent,
929 2477 966 2539 ιιι
995 2477 1165 2556 peractam
1188 2494 1266 2538 oon·

76 2583 117 2626 nn
140 2564 304 2644 repetant.
336 2561 424 2626 Num
441 2561 616 2643 aliquando
640 2567 749 2628 autem
765 2561 870 2645 possit
886 2581 958 2627 esse
973 2561 1058 2627 ratio
1074 2561 1108 2626 id
1123 2561 1265 2642 tacendi,

82 2672 103 2715 a
126 2650 286 2715 concretis
310 2650 572 2719 circumstantiis.

85 2751 116 2813 3.
149 2748 360 2826 Gaudentius,
384 2748 417 2812 in
434 2748 619 2814 Americam
635 2748 813 2833 profectae,
837 2753 874 2815 ut
890 2768 932 2813 ex
947 2747 1138 2815 narratione
1160 2751 1265 2832 patet,

78 2857 115 2901 ce
139 2837 246 2903 factus
270 2842 321 2903 eet
343 2838 514 2921 parochus.
561 2837 652 2915 Quod
675 2838 813 2916 suffieit,
837 2841 874 2904 ut
896 2836 960 2903 diei
983 2837 1104 2904 debeat
1124 2840 1267 2905 invalide

76 2947 121 2994 us.
166 2926 386 2991 Nihilominus
416 2926 468 2992 hic
498 2927 645 3010 possidet
673 2926 806 2994 titulum
836 2926 1027 2994 coloratum.
1073 2926 1182 3003 Quare
1205 2926 1266 2992 dn·

80 3037 119 3080 on
145 3020 211 3093 est,
243 3015 320 3098 quin
343 3017 449 3082 aalide
472 3016 641 3095 absolvat,
673 3037 747 3081 cum
770 3015 919 3081 Ecclesia
941 3016 974 3080 in
997 3015 1058 3083 tali
1081 3035 1160 3081 casu
1184 3023 1267 3082 certo

77 3110 93 3172 t
116 3104 279 3170 deiectum
303 3125 403 3170 verae
426 3104 666 3172 iurisdictionis.

100 3204 131 3268 4.
178 3202 302 3267 Verum
334 3222 469 3268 manens
500 3203 534 3268 in
563 3223 623 3267 suo
653 3202 761 3269 officio
794 3202 928 3284 eiusque
960 3222 1094 3268 munere
1123 3201 1266 3286 iungens

76 3312 88 3354 r
110 3294 236 3374 peccat.
284 3291 394 3357 Solum
418 3292 446 3357 si
475 3292 596 3358 serium
619 3291 821 3376 propositum
846 3292 1052 3376 conceperit,
1083 3312 1152 3357 rem
1176 3311 1266 3358 com-

76 3380 81 3444 i
105 3380 254 3463 serioque
278 3380 419 3446 doluerit
442 3385 477 3448 ot
500 3381 726 3448 contritionem
752 3380 911 3459 elicuerit,
935 3381 1006 3447 fieri
1028 3384 1147 3465 potest,
1172 3381 1266 3447 utin

76 3469 250 3535 acessitatis
274 3476 465 3547 excusetur,
497 3491 538 3536 ne
562 3470 716 3537 videlicet
744 3470 896 3553 negando
925 3491 1019 3536 suum
1049 3469 1266 3536 ministerium

76 3578 136 3624 ave
160 3558 338 3642 periculum
362 3559 519 3628 incurrat.
565 3559 673 3642 Magis
696 3559 797 3625 etiam
820 3559 891 3625 fieri
915 3564 1035 3643 potest,
1059 3564 1098 3626 ut
1120 3559 1267 3626 instante

76 3651 137 3714 ate
161 3648 297 3713 alicuius
320 3648 509 3732 parochiani
532 3648 566 3713 in
589 3648 732 3732 periculo
756 3648 887 3728 mortis,
919 3647 970 3714 cui
1001 3648 1085 3714 alins
1112 3648 1267 3715 sacerdos

98 3737 239 3813 nonsit,
265 3737 399 3817 debeat,
430 3738 612 3822 praemissa
642 3737 771 3805 interna
801 3759 875 3803 cum
898 3739 967 3804 Deo
991 3737 1266 3817 reconciliatione,

76 3825 177 3892 ionem
202 3825 354 3910 excipere
378 3827 679 3910 absolutionemque
702 3826 900 3911 impendere.

76 4011 257 4090 [SDIGTIG
282 4012 530 4079 SUPERIOEE
554 4011 867 4091 REPUGNANTE,
892 4011 1111 4077 EXERGITA
1135 4012 1222 4078 VEL
1298 4056 1308 4084 ·.

463 4134 743 4202 ATTENTATA.

510 4283 620 4351 Casus.
639 4289 716 4360 (ιιι)

76 4416 169 4476 rudius
190 4416 353 4493 parochus,
383 4435 448 4475 cum
470 4436 551 4476 more
573 4416 749 4475 dioecesano
771 4421 840 4509 poet
860 4416 1088 4493 quinquennium
1111 4416 1207 4477 denuo
1229 4417 1267 4476 ad

87 4502 262 4568 vocaretur,
290 4497 334 4556 ire
355 4497 504 4572 neglexit,
534 4502 564 4555 et
591 4517 766 4573 quamquam
788 4497 817 4555 in
847 4497 942 4556 edicto
964 4497 1126 4574 episcopali
1148 4502 1266 4557 cautum

86 4596 187 4637 ornnes
208 4583 421 4653 comparerent,
443 4597 480 4636 ne
503 4597 590 4637 secus
611 4578 771 4636 facultates
793 4578 991 4655 exspirarent,
968 4577 1211 4651 tnibilominus,
1233 4584 1268 4639 ut

76 4677 182 4717 nunere
202 4657 287 4733 fungi
308 4661 340 4716 et
361 4658 565 4718 confessiones
586 4657 725 4734 excipere
745 4657 852 4735 pergit.
