3044 5174
149 240 215 336 3ξο
606 235 811 292 Sacramentum
828 235 1020 308 poenitentiae.

150 414 275 493 debuit,
306 414 436 497 quoties
458 435 496 480 re
518 415 592 499 ipsa
614 414 785 480 absolutus
808 417 877 493 est,
907 417 1008 498 atque
1038 434 1124 480 nune
1154 412 1284 480 demum
1314 413 1480 482 absolutio

150 503 339 583 differenda,
363 504 440 569 dum
463 525 500 570 re
522 525 604 571 vera
627 503 880 571 denuntiaverit.

239 601 274 667 si
288 621 369 667 vero
384 600 598 667 denuntiandi
615 600 783 684 obligatio,
806 605 922 684 utpote
937 599 1072 679 inutilis,
1097 600 1209 682 urgeri
1224 600 1350 683 nequit,
1375 600 1478 666 videri

149 691 249 757 debet
271 690 433 772 quomodo
456 690 610 757 remediis
633 690 707 756 aliis
731 711 808 755 usus
831 689 941 756 fuerit
974 689 1018 769 Si,
1042 694 1080 756 ut
1094 688 1235 768 videtur,
1260 690 1293 756 in
1317 690 1359 755 iis
1383 694 1477 757 uten-

150 778 201 844 dis
223 780 403 862 neglegens
425 779 544 858 inerit,
575 799 635 864 per
656 799 693 845 ee
722 780 765 845 ad
796 779 926 862 aliquod
950 783 1095 862 tempus,
1125 800 1157 846 v.
1182 800 1214 862 g.
1238 779 1476 846 hebdomadam

149 868 202 933 vel
225 890 386 934 summum
420 871 459 934 15
490 869 559 935 dies
589 869 752 934 absolutio
782 868 962 934 differenda
985 872 1054 946 est,
1085 871 1123 933 ut
1150 868 1413 936 constantiorem
1442 889 1477 933 se

150 959 304 1024 ostendat
326 958 361 1023 in
384 979 444 1022 usu
467 958 667 1023 mediorum:
700 957 763 1023 nisi
786 957 873 1023 forte
896 957 1077 1024 timendum
1100 956 1145 1022 sit
1167 977 1209 1023 ne
1231 959 1331 1041 plane
1354 958 1475 1023 abalie-

149 1052 247 1113 netur
269 1068 290 1112 a
312 1046 546 1126 sacramentis3
576 1046 611 1112 in
640 1066 704 1129 quo
728 1067 806 1113 casu
830 1047 871 1112 de
900 1067 987 1112 novo
1017 1046 1181 1113 animetur
1204 1046 1246 1113 ad
1270 1051 1474 1114 constantem

149 1156 309 1221 pugnam,
334 1135 420 1202 etsi
443 1136 529 1202 serio
552 1135 743 1220 promittat,
768 1136 878 1220 potius
901 1135 1014 1201 statim
1039 1134 1249 1214 absolvatur,
1273 1136 1420 1202 monitus
1442 1142 1477 1202 ut

149 1229 278 1311 saepius
301 1225 417 1290 redeat
438 1225 481 1290 ad
505 1229 747 1291 sacramentum
770 1224 1002 1309 paenitentiae.

239 1322 273 1388 Si
296 1343 375 1389 vero
405 1322 554 1406 longiore
584 1327 732 1407 tempore
762 1322 903 1389 fideliter
932 1344 1010 1388 usus
1040 1321 1193 1387 remediis
1222 1321 1378 1388 indicatis
1408 1327 1475 1388 stu·

149 1409 257 1478 duerit
286 1433 323 1477 se
351 1433 469 1496 purum
497 1432 711 1490 conservare,
741 1432 937 1494 quamquam
967 1414 1085 1496 postea
1113 1411 1279 1495 relapsus:
1312 1411 1476 1478 animetur

150 1500 256 1566 denuo
272 1501 315 1567 ad
331 1500 488 1567 maiorem
504 1502 669 1567 fervorem
685 1505 720 1568 et
735 1500 990 1583 frequentiorem
1006 1521 1175 1574 recursum
1191 1501 1233 1566 ad
1248 1504 1476 1575 sacramenta;

149 1589 208 1654 sed
236 1589 346 1674 potius
375 1589 489 1657 statim
520 1590 683 1657 absolutio
714 1589 824 1656 danda
854 1611 952 1673 quam
982 1590 1162 1656 differenda
1193 1594 1254 1656 est.
1300 1588 1393 1656 Nam
1414 1590 1475 1657 etsi

150 1683 290 1745 externa
311 1679 400 1745 ndsit
416 1679 555 1757 occasio,
579 1682 691 1746 tamen
707 1681 784 1746 hoec
799 1679 882 1746 Cleti
898 1678 1044 1746 condicio
1060 1699 1214 1762 magnam
1230 1678 1475 1746 similitudinem

148 1767 250 1834 habet
279 1790 351 1835 cum
382 1769 514 1851 relapsu
544 1789 587 1834 ex
610 1769 793 1851 fragilitate
822 1768 969 1835 iuterna:
999 1768 1138 1851 inqua,
1170 1767 1299 1851 quoties
1330 1768 1476 1834 sincerus

148 1861 226 1924 actu
250 1861 301 1924 est
325 1857 417 1924 dolor
439 1859 632 1941 firmumque
654 1857 873 1942 propositum,
905 1856 1144 1925 absolutionem
1175 1856 1254 1923 dare
1283 1856 1392 1924 satius
1416 1861 1473 1924 est.

470 2065 795 2133 comussnnms
819 2065 1076 2133 uomnmuu
1099 2064 1153 2148 (1).

705 2230 815 2297 tusus.
835 2238 912 2306 (179)

239 2372 420 2442 Tancredus,
442 2370 645 2431 confessarius
665 2371 846 2443 monialium,
868 2370 979 2448 reperit
998 2370 1142 2430 novitiam
1163 2390 1239 2446 quae
1258 2370 1474 2430 tentatiombus

150 2457 254 2512 contra
276 2450 445 2511 castitatem
467 2457 498 2511 et
519 2458 624 2510 centra
651 2452 737 2510 fidem
759 2459 870 2511 vexata
897 2469 1055 2527 numquam
1083 2451 1174 2510 audet
1201 2452 1266 2510 sine
1286 2451 1473 2511 consessione

149 2533 186 2592 ad
208 2552 231 2592 s.
254 2531 486 2591 communionem
508 2533 666 2603 accedere,
695 2537 725 2591 et
745 2532 882 2608 queniam
903 2533 995 2591 semel
1015 2536 1131 2590 tautum
1149 2531 1180 2589 in
1202 2531 1390 2591 bebdomada
1411 2550 1474 2592 oen·

148 2611 251 2672 litendi
272 2612 389 2671 occasio
411 2613 542 2684 offertur,
564 2631 623 2671 non
638 2617 742 2688 quater
762 2613 793 2670 in
808 2612 1001 2682 hebdomada,
1023 2617 1056 2670 ut
1069 2612 1210 2688 reliquae,
1231 2611 1285 2671 aad
1300 2612 1392 2671 semel
1412 2617 1472 2671 tan·
1514 2668 1516 2682 ,

147 2699 211 2752 tum
231 2693 445 2763 communicat3
467 2693 553 2752 timet
573 2692 650 2752 enim
672 2711 711 2750 ne
733 2712 879 2752 consensu
895 2692 1108 2751 conscientiam
1123 2692 1256 2767 graviter
1270 2693 1473 2752 maculaverit.
1514 2716 1516 2747 :

148 2805 326 2877 annmrnn
344 2812 464 2866 rectene
487 2812 558 2884 agat
577 2805 629 2864 illa
650 2806 772 2877 novitia,
795 2826 834 2865 an
856 2805 1030 2882 corrigenda
1051 2806 1092 2865 sit
1112 2825 1130 2864 a
1151 2805 1314 2867 Teneredo.

743 2989 879 3057 Solutie.

1513 3038 1516 3123 l

85 3160 137 3216 615
237 3136 275 3202 R.
303 3139 331 3202 1.
364 3135 529 3218 Inspicere
552 3135 650 3201 debet
672 3134 893 3200 confessarius
908 3133 1109 3200 habitualem
1124 3137 1249 3200 statum
1270 3135 1359 3202 illius
1382 3137 1472 3203 novi·
1514 3189 1516 3201 .

147 3224 231 3298 tiae;
256 3225 284 3289 si
307 3228 359 3290 est
381 3225 486 3290 bonae
510 3229 545 3291 et
567 3225 750 3290 constantis
773 3223 954 3290 voluntatis
969 3262 1014 3270 --
1030 3223 1121 3290 cuius
1137 3224 1361 3309 dispositionis
1376 3247 1470 3311 prae·
1514 3242 1516 3283 1

146 3313 289 3397 sumptio
313 3335 435 3396 magna
458 3318 510 3380 est
539 3313 571 3377 in
604 3312 745 3390 novitia,
777 3333 861 3395 quae
890 3312 1017 3378 sincere
1046 3334 1150 3395 agens
1178 3313 1379 3382 novitiatum
1402 3337 1472 3381 sus·

148 3402 236 3486 cepit
259 3442 318 3480 -,
351 3423 422 3467 eam
446 3424 595 3468 securam
619 3402 756 3468 reddere
779 3402 886 3478 debet,
910 3423 952 3467 ne
975 3402 1092 3468 timeat
1122 3424 1317 3469 consensum
1341 3409 1376 3473 et
1398 3427 1473 3490 pec·

147 3497 267 3568 catum,
292 3491 354 3556 nisi
378 3497 468 3557 certa
491 3491 588 3575 plane
611 3492 655 3557 sit
678 3490 718 3556 de
742 3512 901 3556 consensu
925 3491 1013 3557 dato.
1045 3492 1132 3557 Num
1155 3498 1328 3576 peccatum
1350 3515 1418 3560 non
1439 3495 1471 3559 in

147 3600 246 3645 sensu
263 3580 414 3647 consistit
428 3580 486 3646 sed
502 3581 535 3644 iu
551 3601 721 3658 censensu,
744 3600 849 3662 neque
871 3601 1048 3645 consensus
1064 3580 1160 3648 adest
1175 3580 1245 3647 sine
1261 3583 1471 3660 conscientia,

147 3690 218 3734 cum
243 3691 307 3734 non
331 3669 435 3752 possit
457 3690 530 3735 esse
553 3669 614 3734 nisi
638 3691 659 3735 a
681 3672 796 3735 sciente
819 3674 853 3734 et
875 3672 1001 3736 colente.

235 3775 276 3842 R.
301 3778 331 3842 2.
378 3776 538 3843 Convenit
560 3775 663 3858 igitur
685 3775 740 3840 vel
770 3775 869 3840 immo
893 3775 1112 3841 necessarium
1142 3780 1194 3842 est
1223 3781 1261 3843 ut
1284 3778 1474 3845 Tancredus

146 3865 258 3931 iubeat
280 3864 438 3931 novitiam
460 3886 574 3930 secure
597 3870 632 3931 et
652 3865 810 3930 audacter
824 3865 981 3930 accedere
997 3866 1038 3932 ad
1054 3887 1080 3933 s.
1098 3866 1357 3933 communionem
1373 3872 1472 3952 atque

147 3954 277 4020 dubium
301 3974 358 4018 seu
382 3954 533 4019 timorem
556 3953 696 4031 vincere,
721 3954 782 4019 nisi
805 3953 902 4037 plane
925 3959 1017 4020 certa
1039 3954 1083 4020 sit
1099 3956 1153 4020 vel
1176 3955 1284 4021 iurare
1308 3958 1416 4040 possit
1437 3979 1472 4022 se

147 4043 359 4110 consensisse.
388 4042 508 4120 Quodsi
524 4043 585 4108 hac
600 4043 633 4107 in
656 4064 692 4108 re
715 4041 924 4108 inoboediens
947 4044 1057 4122 fuerit,
1083 4044 1122 4109 de
1145 4044 1207 4110 hac
1229 4044 1473 4112 inoboedientia

147 4153 262 4199 severe
286 4133 554 4216 reprebendatur,
578 4132 675 4196 immo
691 4132 862 4216 puniatur3
888 4132 1030 4214 alioquin
1047 4133 1226 4216 periculum
1241 4137 1295 4199 est
1310 4155 1353 4200 ne
1368 4137 1471 4220 pessi·

147 4245 233 4287 mum
258 4220 521 4305 scrupulositatis
543 4220 690 4287 habitum
713 4222 898 4287 contrahat.
930 4222 1056 4304 Neque,
1081 4222 1109 4287 si
1125 4223 1315 4290 'lantredus
1337 4230 1472 4309 praesto

146 4311 261 4386 fuerit,
293 4311 437 4376 novitiae
468 4331 564 4376 aures
587 4312 760 4394 praebeat,
792 4310 920 4392 quoties
950 4311 1020 4376 dies
1042 4333 1068 4378 s.
1094 4311 1329 4378 communionis
1352 4314 1470 4388 instet;

147 4401 244 4466 debet
268 4400 352 4464 enim
378 4400 503 4465 discere
527 4420 568 4464 ex
593 4421 665 4464 sese
690 4421 792 4465 vanos
815 4400 950 4466 timores
973 4401 1132 4482 relegare.

235 4509 273 4574 R.
300 4511 329 4572 3.
369 4507 489 4583 Quodsi
512 4505 638 4571 novitia
660 4506 718 4571 illa
741 4507 874 4590 petierit
896 4507 996 4572 alium
1021 4507 1256 4573 confessarium
1279 4529 1301 4574 a
1324 4512 1471 4596 superio·

146 4598 245 4674 risse,
275 4597 357 4662 haec
380 4597 509 4678 quidem
532 4597 595 4660 bac
618 4596 689 4660 vice
712 4617 835 4661 morem
859 4616 975 4678 gerere
998 4597 1112 4675 debet;
1143 4598 1337 4665 confessarii
1360 4608 1470 4669 tamen
