3044 5174
132 231 197 296 264
583 227 788 282 Sacramentum
806 225 997 297 paenitentias.

130 403 255 471 tinetur
283 403 316 470 in
347 405 580 471 constitutione
603 404 828 471 Clementis
850 404 881 469 X
904 406 1053 489 Superas
1082 403 1161 470 data
1192 403 1222 469 d.
1248 404 1289 468 21
1314 401 1402 469 Iunii
1424 406 1460 468 et

133 497 152 557 2
174 493 261 576 Aug.
286 496 388 559 1670:
416 494 468 572 ,in
490 494 708 573 monasteriis,
732 515 771 559 ac
794 494 892 560 eliam
917 493 1072 575 collegiis,
1097 493 1151 558 ubi
1174 492 1269 558 iuxta
1291 491 1459 575 regularia

131 582 284 649 instituta
313 583 453 661 vivitur,
485 604 582 666 posse
613 587 681 649 tam
714 583 881 666 praelatos
912 583 1080 666 regulares
1111 602 1210 665 quam
1239 580 1460 648 confessarios

130 668 331 754 regularium
370 672 546 738 eorundem
584 671 856 737 monasteriorum
895 692 953 737 seu
987 671 1198 753 collegiorum
1232 669 1348 736 audire
1383 691 1459 736 con·

131 760 291 826 sessiones
319 760 448 826 illorum
479 760 694 827 saecularium
724 761 779 843 qui
808 761 887 826 inibi
909 765 987 828 sunt
1009 781 1088 826 vere
1111 761 1152 826 de
1174 759 1300 826 familia
1323 765 1360 826 et
1383 780 1458 826 eon-

131 849 214 916 tinui
244 850 508 918 commensales.“
560 850 614 915 Ad
643 851 758 915 horum
787 849 996 915 familiarium
1027 848 1248 915 confessiones
1277 847 1459 914 audiendas

131 939 276 1020 religiosi
306 960 371 1004 non
400 938 549 1022 indigent
580 938 830 1023 approbatione,
863 940 921 1004 sed
953 939 1025 1004 sola
1055 937 1279 1005 iurisdictione
1309 936 1373 1004 sibi
1401 958 1459 1022 per

131 1027 316 1111 superiores
338 1049 416 1093 suos
438 1029 607 1111 regulares
632 1028 870 1095 communicata
892 1029 1006 1093 eodem
1029 1029 1141 1105 modo,
1169 1048 1234 1110 quo
1257 1027 1341 1094 haec
1364 1026 1458 1092 iuris-

132 1117 232 1183 dictio
255 1117 377 1183 sufficit
400 1116 442 1182 ad
465 1117 643 1183 audiendas
667 1117 886 1183 confessiones
909 1116 1108 1200 regularium
1131 1117 1286 1200 ipsorum.

220 1223 260 1290 R.
286 1226 316 1289 2.
362 1223 580 1289 Nihilominus
610 1223 789 1289 familiares
818 1223 882 1300 illi,
913 1244 985 1288 cum
1015 1245 1080 1289 non
1110 1221 1190 1290 sint
1204 1223 1379 1304 regulares
1402 1223 1456 1288 sed

132 1314 335 1391 saeculares,
369 1317 507 1396 possunt
536 1313 636 1379 etiam
665 1313 792 1379 absolvi
821 1313 856 1377 vi
886 1312 1118 1379 iurisdictionis
1148 1316 1183 1380 et
1212 1311 1456 1396 approbationis

131 1401 349 1555 ib·{pi³⁰⁰p⁰
373 1402 566 1468 dioecesano
590 1401 653 1467 loci
682 1405 854 1486 acceptae,
885 1402 1033 1484 adeoque
1058 1423 1080 1468 a
1106 1400 1316 1467 confessariis
1344 1422 1457 1467 saecu·

144 1512 192 1556 ari
216 1512 264 1558 us.

68 1605 121 1659 461
222 1597 261 1663 ll.
292 1600 322 1663 3.
376 1597 607 1663 Controversia
640 1602 691 1664 est
722 1619 815 1673 num,
848 1597 977 1680 quando
1009 1597 1178 1679 regulares
1209 1595 1242 1661 in
1272 1617 1335 1662 sua
1366 1597 1455 1663 domo

132 1686 287 1768 religiosa
316 1686 438 1754 habent
467 1687 652 1752 convictum
682 1686 878 1751 scholarium
909 1685 965 1768 qui
993 1686 1079 1770 apud
1110 1707 1166 1751 eos
1196 1685 1395 1764 educantur,
1426 1685 1455 1750 hi

133 1775 255 1841 alumni
286 1775 412 1840 absolvi
441 1775 585 1858 possint,
616 1796 672 1840 seu
701 1797 776 1840 num
805 1774 1056 1852 ,familiaribus“
1083 1774 1124 1840 de
1147 1774 1263 1858 quibus
1286 1775 1456 1841 Clem.X

133 1864 279 1946 loquitur
300 1870 545 1931 accenseantur.
585 1865 720 1929 Interna
739 1864 824 1930 ratio
848 1885 931 1946 quae
954 1864 987 1928 id
1010 1864 1148 1929 suadere
1170 1865 1276 1948 possit
1299 1869 1353 1930 est
1376 1864 1456 1946 quod
1500 1888 1502 1943 ;

133 1953 203 2018 sine
234 1953 330 2017 dubio
361 1952 460 2019 etiam
491 1954 613 2019 alumni
645 1957 723 2019 sunt
753 1957 911 2037 perpetuo
942 1953 1177 2018 commensales
1207 1957 1307 2036 atque
1338 1953 1457 2019 arctius

133 2041 292 2125 superiori
324 2042 524 2124 regularium
556 2042 819 2125 regulariumque
850 2041 1001 2125 regimini
1032 2042 1172 2109 subsunt
1202 2062 1301 2125 quam
1335 2042 1457 2108 famuli.

133 2133 338 2208 Mazotta,
375 2133 430 2196 fb.
456 2154 496 2198 m.
529 2132 567 2197 de
589 2134 707 2216 pacarit.
739 2132 819 2214 disp.
845 2133 882 2208 2,
913 2152 943 2212 q.
976 2132 1012 2207 1,
1043 2152 1071 2196 c.
1103 2135 1139 2208 3,
1171 2130 1233 2212 §2
1263 2131 1367 2199 habet
1396 2132 1455 2197 ita:
1500 2148 1502 2153 ’

138 2220 272 2302 ,Itaque
296 2220 475 2285 familiares
499 2220 613 2285 domus
637 2220 810 2302 religiosae
832 2241 898 2284 uon
913 2223 990 2285 sunt
1005 2220 1161 2303 hospites,
1185 2219 1348 2286 ruricolae
1365 2219 1456 2287 aliive

134 2309 164 2374 ei
187 2308 404 2374 inservientes
428 2311 485 2374 sed
509 2315 605 2376 extra
630 2313 877 2376 commorantes.
924 2309 1008 2374 Sunt
1031 2330 1126 2375 vero:
1150 2309 1315 2387 Tertiarii,
1341 2309 1455 2385 Oblati,

135 2397 303 2476 educandi,
329 2398 442 2463 famuli
464 2398 561 2464 etiam
580 2399 771 2464 mercenarii
787 2398 952 2480 ceterique
968 2399 1163 2476 saeculares,
1187 2398 1284 2464 modo
1300 2398 1334 2464 hi
1350 2419 1456 2464 omnes

135 2487 224 2552 intra
247 2492 342 2569 septa
365 2487 591 2569 religiosorum
616 2487 773 2569 degentes
796 2486 958 2553 communi
981 2508 1092 2553 eorum
1116 2490 1205 2554 tecto
1227 2491 1262 2553 et
1276 2487 1371 2554 victu
1387 2509 1456 2554 con-

135 2576 281 2642 tinenter
296 2579 447 2652 utantur,
470 2576 548 2641 item
565 2579 690 2641 alumni
705 2581 739 2642 et
754 2575 959 2641 convictores
974 2576 1008 2640 in
1024 2576 1207 2642 seminariis
1221 2576 1455 2659 religiosorum,

135 2669 174 2732 ut
203 2664 295 2730 addit
317 2665 504 2742 Bordonus,
534 2665 630 2730 modo
661 2669 746 2731 locus
775 2668 827 2730 ille
856 2668 898 2730 sit
921 2668 1157 2750 religiosorum,
1188 2686 1283 2731 secus
1307 2687 1404 2745 vero,
1432 2664 1455 2730 si

135 2753 323 2909 dimidiato
339 2758 513 2908 ehpgrbssse
529 2754 573 2820 sit
588 2758 719 2819 erectus
734 2754 768 2818 in
783 2754 1002 2832 seminarium,
1027 2757 1079 2820 cui
1093 2757 1234 2840 religiosi
1248 2756 1453 2822 minislrcnl.“

176 2894 183 2909 .
248 2867 268 2910 ι.
292 2866 333 2908 m.
392 2893 399 2920 ,
492 2895 499 2910 .

224 2938 361 3007 Accedit
385 2946 523 3007 externa
546 2940 631 3006 ratio
656 2939 741 3022 quod
765 2939 928 3006 exsistant
957 2940 1102 3022 religiosi
1123 2940 1363 3024 religiosaeque
1390 2963 1456 3008 con·

136 3030 357 3112 gregationes,
382 3030 498 3111 quibus
521 3050 677 3113 expresso
701 3029 827 3094 indulto
851 3050 1040 3094 concessum
1064 3034 1116 3095 est
1138 3035 1176 3097 ut
1198 3030 1350 3096 alumnos
1369 3030 1456 3096 fami-

135 3119 263 3184 liarium
288 3139 422 3184 numero
447 3118 612 3184 accenseri
634 3118 743 3185 liceat.

226 3216 316 3292 Quod
332 3217 503 3291 indultum,
528 3216 555 3280 si
572 3216 790 3280 necessarium
807 3214 916 3292 fuerit,
937 3215 1174 3282 dubitationem
1189 3216 1300 3284 aufert
1316 3218 1457 3283 omnibus

136 3304 176 3369 iis
207 3305 369 3386 religiosis
399 3305 454 3386 qui
483 3305 615 3370 favores
644 3305 731 3370 inter
760 3325 796 3368 se
826 3305 1082 3382 communicant,
1114 3309 1214 3387 atque
1244 3327 1287 3371 ex
1314 3307 1458 3391 opinione

136 3394 296 3477 probabili
320 3394 427 3460 reddit
449 3394 646 3459 sententiam
664 3398 798 3459 certam.
838 3393 885 3458 Cf.
904 3394 1255 3476 dury-Ballerini
1271 3396 1314 3473 II,
1339 3419 1371 3463 n.
1390 3398 1456 3465 564.

138 3482 192 3547 ubi
208 3488 420 3549 recensentur
436 3485 646 3564 Benedlclini,
676 3483 831 3565 Uicetini,
858 3484 1063 3569 Conpreputio
1087 3485 1125 3548 de
1141 3486 1325 3567 Somoscbc,
1352 3486 1459 3552 Clerici

136 3571 200 3654 inf.
224 3575 462 3652 saviniacenses,-
490 3572 577 3637 inter
606 3572 879 3653 congregationes
910 3572 1096 3637 saeculares
1126 3573 1243 3655 quibus
1272 3573 1361 3639 idem
1390 3595 1458 3640 con·

138 3681 264 3726 cessum
288 3661 349 3726 sit:
375 3662 487 3745 Coepr.
512 3664 545 3727 S.
570 3663 714 3746 Sulpicii,
741 3661 853 3745 Conpr.
879 3662 911 3725 S.
936 3663 1088 3745 Spiritus.

76 3803 129 3857 462
227 3783 280 3848 An
304 3805 495 3860 ouansirun
512 3788 550 3849 2²¹¹
574 3784 613 3849 R.
632 3786 660 3851 1.
700 3783 791 3861 Quod
816 3784 1005 3848 Clemens
1027 3785 1058 3848 X
1081 3784 1160 3851 dicit
1185 3789 1241 3867 ,ia
1264 3789 1460 3853 monasteriis

140 3882 167 3940 et
190 3873 357 3960 collepils“,
390 3874 474 3938 sumi
506 3895 570 3938 non
603 3874 700 3939 debet
732 3894 791 3956 pro
823 3873 982 3939 facultate
1012 3874 1168 3939 restricta
1197 3879 1232 3940 et
1261 3876 1403 3959 alligata
1426 3875 1460 3941 ad

138 3963 261 4038 locum;
293 3962 435 4045 alioquin
466 3962 620 4027 videntur
649 3963 791 4028 absurda
815 3960 906 4044 sequi
938 3983 1042 4045 posse.
1090 3963 1153 4029 Sed
1176 3964 1260 4028 sumi
1284 3967 1389 4031 verba
1412 3966 1461 4030 illa

140 4053 259 4118 debent
284 4053 322 4117 dc
342 4056 489 4138 personis
512 4074 595 4135 quae
618 4051 651 4116 in
674 4051 881 4116 monasteriis
905 4055 940 4117 et
963 4051 1110 4132 collegiis
1132 4051 1285 4119 habitant
1309 4058 1411 4137 atque
1426 4053 1460 4119 ad

138 4141 310 4223 religiosas
325 4141 401 4206 illas
416 4142 529 4206 domos
545 4161 721 4222 earumque
738 4139 882 4222 regimen
899 4148 930 4204 at
942 4142 1063 4205 sudditi
1074 4141 1250 4224 pertinent.
1278 4143 1462 4209 Habituclis

139 4230 241 4312 igitur
257 4230 468 4295 commoratio
484 4229 517 4294 in
534 4229 688 4311 religiosa
702 4229 759 4293 illa
776 4230 870 4294 domo
887 4229 1072 4310 requiritur,
1089 4229 1302 4296 accidentalis
1315 4253 1461 4316 egressus

140 4341 204 4384 non
221 4320 357 4402 impedit
372 4319 627 4385 iurisdictionem
643 4340 753 4383 eorum
771 4318 825 4400 qui
841 4318 873 4382 in
891 4339 946 4382 eos
963 4323 999 4383 ut
1015 4318 1194 4384 familiares
1209 4319 1460 4387 iurisdictionem

141 4409 338 4473 ordinariam
362 4409 415 4473 vel
440 4409 625 4490 delegatam
649 4409 801 4472 habeant.
842 4407 919 4483 Quis
943 4408 1028 4471 enim
1052 4407 1172 4474 dixerit
1196 4408 1248 4473 die
1271 4411 1460 4486 vacationis,

141 4498 168 4562 si
193 4498 321 4579 quando
346 4497 550 4564 convictores
573 4498 697 4563 faciant
721 4497 855 4573 exitum,
881 4496 1114 4561 confessarium
1132 4497 1344 4579 ordinarium,
1370 4501 1397 4566 si
1413 4520 1461 4566 eos

142 4587 326 4665 comitetur,
350 4608 415 4651 non
438 4587 589 4669 possein
614 4587 668 4652 via
692 4586 832 4666 aliquem
857 4585 1050 4650 absolvere?

523 4716 534 4747 δ
