3044 5174
164 280 186 342 4
619 274 660 331 De
677 274 857 332 sacramentis
875 275 1035 344 generatim.

165 453 256 518 rudis
280 454 316 517 et
339 451 456 517 dubiae
479 450 598 518 famae.
630 451 738 518 Titius
760 473 847 518 nunc
870 451 966 519 timet
982 452 1022 518 de
1037 451 1284 534 irregularitate
1309 453 1487 518 contracta.

167 542 216 608 Sit
239 541 342 624 igitur
364 540 502 608 solutio:

255 663 308 728 Ao
338 684 530 740 ouansmuu
563 666 601 727 1¹²
631 663 670 731 R.
724 665 938 731 Sacramenta
971 664 1145 747 aliquando
1177 685 1273 749 posse
1306 667 1341 730 et
1372 662 1487 729 debere

109 756 112 761 ’
166 752 307 818 conferri
330 753 391 818 sub
419 752 606 818 condicione
631 759 728 820 extra
751 775 845 819 omne
870 754 1003 819 dubium
1026 759 1094 832 est,
1126 774 1198 819 cnm
1222 753 1255 818 in
1279 752 1405 818 ltituali
1427 752 1487 818 Ro

165 863 262 908 mano
285 842 319 907 in
343 842 505 924 aliquibus
529 841 659 908 casibus
681 841 715 908 id
737 843 899 909 iubeatur.
947 843 981 910 Si
1004 842 1173 925 quaeritur
1203 842 1243 908 de
1272 841 1408 925 regula,
1441 861 1488 907 re·

165 931 310 1015 spondeo
333 931 443 997 verbis
466 930 538 997 fere
566 932 622 997 Th.
648 932 753 1010 m.11‚
780 935 840 998 29:
1515 932 1520 939 '

254 1030 278 1094 1.
303 1029 375 1094 Non
400 1030 540 1094 obsolute
557 1035 800 1096 sacramentum
816 1028 1047 1095 conferendum
1064 1033 1125 1108 est,
1150 1028 1218 1107 aed,
1243 1029 1272 1094 si
1288 1028 1487 1107 conferatur,
1513 1048 1520 1057 ·

166 1117 391 1184 condicionate
420 1121 566 1196 tantum,
598 1119 727 1200 qnando
758 1118 952 1185 rationabile
983 1118 1115 1184 dubium
1145 1117 1241 1184 adest
1272 1139 1350 1183 num
1381 1118 1488 1185 valide

165 1206 307 1273 conferri
330 1207 434 1290 possit
456 1210 709 1286 sacramentum,
733 1229 764 1273 ν.
782 1229 814 1290 g.
832 1209 860 1273 si
883 1213 1003 1291 agatur
1026 1208 1066 1273 de
1082 1206 1260 1291 repetendo
1280 1211 1487 1273 sacramento

165 1318 208 1362 ex
230 1317 266 1361 se
289 1317 355 1361 uon
370 1296 522 1375 iterabili,
547 1297 677 1379 quando
701 1297 833 1362 dubium
849 1302 901 1363 est
917 1302 1026 1362 utrum
1050 1297 1116 1362 iam
1138 1296 1248 1361 valide
1264 1295 1309 1363 sit
1332 1297 1487 1364 collatum

164 1406 282 1451 annon.

253 1475 294 1540 Π.
331 1473 430 1539 Debet
463 1477 590 1551 autem,
616 1494 822 1557 'quamquam
858 1474 1101 1551 condiciouate‚
1134 1479 1379 1541 sacramentnm
1413 1495 1486 1541 con·

92 1645 95 1650 Α
164 1563 263 1641 ferri,
297 1562 325 1627 si
349 1563 418 1628 eius
450 1561 624 1645 denegatio
647 1563 810 1629 hominem
835 1585 955 1647 magno
980 1563 1124 1648 periculo
1149 1563 1313 1648 spirituali
1344 1566 1486 1648 exponat

163 1655 218 1718 vel
242 1672 362 1734 magno
385 1653 470 1717 bono
494 1651 612 1735 privet.

253 1741 339 1806 Hinc
374 1761 576 1823 consequens
611 1746 663 1807 est
697 1744 734 1807 ut
767 1741 801 1806 in
836 1740 1052 1807 sacramentis
1082 1762 1166 1824 quae
1201 1740 1315 1806 iterari
1350 1746 1513 1825 possunt

164 1835 199 1896 et
231 1830 421 1913 frequenter
453 1829 674 1914 suscipiuntur
705 1830 811 1896 minor
842 1829 886 1896 sit
920 1830 1006 1896 ratio
1037 1829 1225 1896 conferendi
1260 1829 1486 1898 condicionata

165 1918 339 2002 (siquidem
379 1919 449 1984 fieri
490 1923 601 2002 potest
641 1924 679 1987 ut
719 1921 859 1986 absolute
899 1919 1125 2002 repetantur),
1167 1939 1266 2002 quam
1302 1918 1336 1984 in
1376 1941 1485 1986 sacra·

164 2009 284 2074 mentis
318 2029 402 2090 quae
436 2007 643 2074 indelebilem
677 2009 900 2076 characterem
934 2008 1126 2092 imprimunt
1164 2013 1264 2090 atque
1302 2008 1420 2075 iterari
1452 2029 1484 2074 re

163 2097 236 2182 ipsa
265 2099 441 2180 nequeunt.
488 2098 579 2163 Haec
609 2097 726 2180 igitur,
757 2097 785 2162 si
815 2099 855 2163 de
886 2098 1102 2163 sacramentis
1125 2098 1268 2162 maxime
1291 2097 1483 2164 necessariis

164 2186 283 2268 agitur,
308 2186 376 2252 scil.
394 2186 435 2251 de
451 2186 613 2269 baptismo
631 2187 718 2264 dato,
744 2186 784 2251 de
800 2191 950 2252 extrema
965 2187 1118 2252 unctione
1141 2186 1280 2251 hominis
1303 2186 1482 2252 moribundi
1512 2226 1515 2231 ·

164 2277 313 2341 sensibus
342 2276 507 2352 destituti,
541 2276 581 2341 de
613 2275 725 2341 ordine
757 2277 1007 2359 presbyteratus
1040 2277 1093 2340 vel
1127 2275 1354 2361 episcopatum
1389 2278 1482 2362 repeti

161 2374 295 2450 poscunt
318 2364 556 2442 condiciouate‚
588 2364 617 2429 si
647 2363 777 2429 dubium
810 2365 851 2429 de
881 2364 989 2448 priore
1021 2364 1196 2430 collatione
1226 2367 1343 2431 horum
1375 2385 1481 2431 sacra·

163 2457 348 2519 mentorum
371 2475 436 2519 non
460 2457 512 2518 est
535 2457 649 2536 aperte
671 2474 793 2518 vanum
816 2455 870 2518 vel
893 2455 990 2537 plane
1014 2455 1155 2531 nullnm;
1185 2458 1286 2537 atque
1315 2459 1386 2520 tum
1418 2454 1480 2520 fere

164 2542 264 2609 etiam
287 2542 391 2626 repeti
415 2542 476 2607 snb
499 2541 687 2608 condicione
710 2543 828 2610 debent.
860 2542 1078 2608 Nihilominus
1102 2543 1288 2609 etiamtum
1312 2547 1381 2609 tam
1406 2543 1480 2608 leuia
1520 2541 1522 2560 ‘

164 2637 199 2698 et
221 2632 324 2697 futilis
348 2652 420 2697 esse
444 2635 555 2714 potest
583 2632 667 2698 ratio
698 2631 868 2697 dubitandi
898 2632 937 2697 de
966 2632 1073 2714 priore
1103 2633 1233 2711 valore,
1264 2636 1302 2699 nt
1332 2632 1478 2715 repetitio

164 2721 362 2786 sacramenti
386 2720 497 2786 debita
520 2720 661 2798 nonsit,
686 2741 751 2786 non
775 2720 856 2786 adeo
881 2726 993 2786 tamen
1017 2725 1131 2806 aperte
1155 2723 1255 2801 nulla,
1280 2725 1317 2786 ut
1334 2721 1478 2806 repetitio
1516 2749 1522 2774 ι

163 2811 259 2892 gravi
282 2810 408 2875 crimini
431 2809 518 2874 verti
543 2810 671 2876 debeat.
703 2809 750 2877 Cf.
773 2811 828 2876 Tb.
853 2832 893 2875 m.
911 2811 951 2888 Π,
979 2813 1029 2878 18.
1057 2813 1114 2884 19;
1139 2811 1269 2893 Lugo,
1294 2813 1390 2896 Rcap.
1408 2832 1476 2876 mor.

163 2898 217 2965 lib.
246 2902 274 2977 l,
298 2899 373 2964 dub.
398 2901 450 2964 33.

253 2988 287 3054 Si
310 2992 421 3054 autem
451 2987 536 3053 ratio
567 2987 607 3053 de
629 2988 745 3053 valore
774 2988 971 3053 sacramenti
1002 2987 1067 3053 iam
1098 2987 1211 3055 collati
1241 2988 1412 3054 dubitandi
1435 2991 1476 3055 est

164 3077 351 3142 nullatenus
381 3076 574 3160 probabilis,
605 3097 647 3141 ne
670 3076 789 3143 leviter
811 3077 958 3159 quidem,
989 3076 1114 3143 valebit
1145 3099 1250 3143 canon
1272 3076 1475 3163 professionis
1507 3119 1522 3152 =.

163 3165 238 3231 fidei
255 3166 482 3232 Tridentinae:
512 3165 737 3249 ,baptismum
762 3166 1041 3231 confirmationem
1066 3171 1100 3232 et
1119 3166 1264 3232 ordinem
1288 3167 1359 3232 sine
1384 3167 1475 3234 sacri·

162 3255 249 3337 legio
272 3255 424 3321 reiterari
443 3276 508 3319 non
523 3260 647 3338 posse.“
684 3255 732 3319 De
749 3255 976 3321 condicionata
992 3255 1197 3322 absolutione
1221 3257 1355 3338 eiusque
1380 3255 1475 3323 cauas
1508 3298 1522 3331 a

163 3366 226 3408 non
259 3348 309 3409 est
337 3344 389 3409 hic
419 3345 510 3408 locus
540 3343 734 3428 disputandi.
780 3344 828 3410 cf.
860 3344 891 3410 S.
916 3342 1032 3427 Alph.
1058 3345 1120 3422 VI,
1153 3348 1194 3410 27
1219 3367 1285 3427 aq.;
1318 3346 1474 3420 Reuter,

168 3434 223 3499 Tb.
240 3456 281 3498 ra.
299 3433 355 3510 IV,
374 3435 432 3507 59;
450 3434 577 3510 Marc,
594 3434 698 3498 instit.
715 3435 867 3519 Alpheas.
886 3456 916 3500 n.
937 3436 1021 3498 1407
1038 3456 1105 3516 sq.;
1129 3435 1341 3517 Aertnijar‚
1372 3438 1427 3502 Th.
1443 3457 1473 3500 m.

164 3526 194 3599 6,
223 3525 279 3597 15;
304 3522 668 3587 Ballerini-Palm.
692 3526 735 3588 tr.
762 3525 812 3600 10,
838 3544 864 3590 a.
891 3527 919 3600 1,
944 3545 974 3589 n.
1000 3526 1052 3588 29,

137 3668 153 3720 5
251 3645 304 3709 Ao
328 3664 519 3720 ouausruuu
544 3647 582 3708 2¹²²
606 3645 645 3709 R.
671 3646 700 3710 1.
736 3645 789 3709 Ex
812 3644 908 3710 dictis
930 3648 1025 3729 patet
1048 3645 1169 3711 Titium
1194 3667 1259 3709 non
1282 3647 1430 3729 potuisse
1449 3646 1475 3711 in

163 3735 268 3798 solam
291 3733 432 3815 gratiam
457 3733 561 3815 patris
584 3734 819 3816 praepotentia,
845 3735 899 3816 qui
923 3735 1131 3799 iterationem
1147 3735 1300 3818 baptismi
1316 3736 1409 3802 filioli
1432 3757 1475 3802 ur·
1508 3757 1512 3782 ἒ

163 3823 272 3905 gebat,
298 3844 370 3887 eam
390 3843 558 3905 peragere,
583 3843 624 3886 ne
647 3823 872 3888 condicionate
889 3823 1028 3905 quidem,
1052 3824 1080 3888 si
1095 3825 1185 3888 nulla
1208 3824 1386 3907 probabilis
1403 3825 1476 3893 ratio

164 3910 332 3976 dubitandi
356 3912 472 3976 aderat
495 3912 535 3976 de
558 3913 671 3977 valore
700 3912 854 3995 baptismi
885 3913 926 3978 ab
954 3912 1130 3978 obstetrice
1154 3908 1280 3978 collati.v
1323 3915 1428 3995 Nam,
1455 3912 1476 3979 si
1509 3959 1522 3982 -.

164 3999 320 4065 eiusmodi
343 4000 429 4067 ratio
453 4001 543 4065 nulla
566 4002 676 4078 adest,
711 4001 856 4066 condicio
880 4002 1031 4085 apposita
1064 4023 1128 4066 non
1151 4001 1232 4087 facit
1255 4008 1292 4068 ut
1315 4007 1477 4071 tentamen
1509 3987 1522 4078 i

162 4089 242 4154 illud
273 4089 441 4171 repetendi
473 4090 671 4155 sacramenti
702 4112 766 4154 non
797 4091 840 4156 sit
870 4091 968 4156 inane
999 4095 1033 4156 et
1062 4091 1240 4168 ludicrum,
1272 4092 1346 4157 aliis
1378 4092 1478 4160 verbis
1510 4076 1522 4164 Ε

166 4177 374 4260 sacrilegum.

252 4268 374 4332 Verum
398 4267 426 4331 si
450 4269 522 4332 leve
546 4268 711 4332 dubiolnm
736 4269 775 4333 de
799 4271 911 4333 valore
935 4269 1052 4351 prioris
1076 4269 1229 4352 baptismi
1249 4270 1376 4349 aderat,
1403 4273 1477 4338 eius·

162 4357 249 4420 modi
273 4356 402 4438 quidem
427 4357 512 4437 quod
535 4357 696 4439 parochus
715 4359 859 4440 potuerit
882 4380 1045 4441 spernere,
1071 4380 1135 4422 non
1158 4359 1206 4423 ita
1221 4364 1333 4424 tamen
1361 4365 1475 4427 nullum

163 4450 200 4511 ut
223 4466 377 4528 spernere
400 4445 563 4511 debuerit:
588 4447 695 4528 potuit
711 4447 800 4512 licite
821 4449 891 4511 ficri
917 4453 953 4512 ut
976 4447 1136 4530 parochus
1158 4447 1190 4512 in
1213 4448 1356 4529 gratiam
1381 4449 1463 4535 pat'

164 4535 205 4600 ad
229 4534 488 4600 condicionatam
509 4534 737 4618 repetitionem
761 4537 962 4618 procederet.
996 4537 1103 4612 erare
1119 4539 1277 4603 molestus
1301 4544 1476 4624 scrupulus
1509 4504 1522 4603 i

163 4645 228 4688 non
252 4630 365 4707 aperte
389 4624 518 4690 omnino
541 4624 786 4702 irrationabilia,
812 4626 865 4706 qui
889 4626 997 4691 sedari
1021 4648 1083 4690 non
1108 4628 1221 4709 possit,
1246 4627 1478 4708 agravissimu
