3044 5174
157 243 219 307 178
608 240 812 296 Sacramentum
831 239 1021 311 paenitentiae.

156 413 333 485 Qunaarrua
357 419 387 475 κ·
408 415 546 477 contritio
568 421 655 476 extra
676 415 856 476 sacramenti
877 414 1096 493 susceptionem
1117 416 1228 476 realem
1241 416 1412 476 iustificans
1433 417 1481 475 de·

403 498 512 556 beatae
534 497 693 572 procedere
714 516 753 556 ex
774 496 909 568 caritate,
931 516 970 555 an
992 496 1122 556 sufficiat
1142 503 1176 556 ut
1196 496 1341 574 procedat
1361 516 1401 556 ex
1421 498 1481 556 alio

402 576 520 636 motivo.

354 677 383 733 2⁰
404 674 549 734 Matinum
578 673 714 734 caritatis
743 674 897 751 possintne
926 692 992 733 esse
1020 673 1165 734 attributa
1184 673 1242 734 Dei
1268 674 1399 734 relativa
1427 693 1481 733 seu

401 753 547 814 hominem
567 753 767 832 respicientia.

353 855 384 913 3ι
404 852 473 991 qutid
493 852 729 930 respondendum
757 852 797 912 sit
827 852 864 911 ad
885 851 1019 928 singulas
1040 852 1108 911 illas
1136 850 1290 928 opiniones
1319 870 1481 928 earumque

400 953 433 992 ra
448 951 540 993 iones.

745 1114 881 1180 Salutio.

89 1261 142 1315 304
241 1254 294 1320 An
317 1275 509 1330 ouarsmuu
535 1257 572 1318 lm
595 1253 634 1320 R.
661 1256 690 1320 1.
739 1255 829 1321 Cone.
859 1255 950 1321 Trici.
981 1275 1062 1321 sess.
1095 1256 1152 1334 14,
1183 1275 1210 1322 c.
1236 1257 1257 1319 4
1288 1257 1329 1321 de
1352 1260 1478 1341 poerit.

152 1343 249 1410 claris
279 1344 390 1409 verbis
422 1343 500 1410 dicit
536 1342 784 1421 ,contritionem
817 1343 901 1408 hauc
933 1342 1107 1425 aliquando
1140 1347 1274 1410 caritate
1301 1345 1478 1430 perfectam

151 1454 223 1499 esse
238 1432 465 1515 hominemque
481 1433 551 1498 Deo
566 1431 787 1510 reconciliare,
811 1432 1000 1516 priusquam
1015 1432 1076 1498 hoc
1093 1429 1348 1518 [paenitentiae]
1365 1455 1478 1500 sacra-

151 1526 297 1588 mentum
313 1527 388 1588 actu
404 1522 640 1605 suscipiatur“:
657 1542 741 1603 quae
754 1521 903 1587 doctrina
914 1542 1031 1587 manca
1043 1521 1173 1587 omnino
1189 1525 1287 1601 essct,
1304 1522 1332 1587 si
1345 1531 1479 1607 praeter

151 1611 323 1679 caritatem
348 1610 413 1677 alia
436 1615 547 1676 essent
569 1610 696 1676 motiva
724 1610 757 1675 in
788 1610 904 1693 quibus
931 1610 992 1676 niti
1015 1614 1127 1695 posset
1150 1609 1304 1678 contritio
1327 1612 1479 1695 perfecta

150 1721 208 1766 scu
230 1699 420 1766 iustificare.

239 1815 278 1881 R.
304 1817 334 1881 2.
381 1813 488 1892 Quare
510 1836 569 1899 pro
593 1813 768 1897 antiquata
789 1813 939 1879 habenda
970 1818 1021 1880 est
1052 1813 1217 1880 sententia
1246 1816 1477 1882 nonnullorum

150 1911 300 1973 veterum
321 1903 548 1985 theologorum
572 1903 627 1986 qui
650 1903 832 1986 perfectam
854 1923 951 1987 posse
974 1923 1046 1968 csse
1062 1902 1288 1970 contritionem
1312 1906 1477 1988 putabant

151 2016 193 2061 ex
216 1993 339 2060 motivo
364 1991 546 2075 religionis,
570 1990 798 2075 gratitudinis,
823 1991 944 2075 paucis,
968 1990 1024 2070 iis,
1056 2013 1139 2074 quae
1163 1992 1251 2058 circa
1273 1992 1381 2059 Deum
1404 2015 1476 2060 ver·

150 2089 274 2150 santur.
322 2081 370 2148 Cf.
395 2081 575 2147 Lacroix
600 2081 661 2159 VI,
687 2084 724 2160 2,
754 2102 786 2146 n.
813 2083 886 2147 722.
933 2081 1106 2147 Rationem
1131 2085 1240 2148 autem
1264 2080 1396 2165 hugo,
1426 2085 1477 2150 De

148 2176 267 2260 poenit.
292 2172 322 2237 d.
348 2174 378 2248 5,
403 2191 434 2236 n.
461 2173 499 2235 11
518 2191 567 2253 sq.
591 2170 713 2254 optime
736 2170 869 2248 evolvit,
894 2170 981 2252 quod
1003 2169 1084 2235 haec
1107 2190 1149 2235 ox
1172 2169 1313 2236 caritate
1336 2171 1476 2239 oriunda

150 2261 278 2347 peccati
308 2258 485 2325 detestatio
516 2260 586 2324 sola
616 2259 659 2325 sit
689 2258 859 2324 conversio
892 2281 928 2324 en
950 2267 1010 2325 toto
1034 2261 1126 2325 corde
1156 2260 1201 2324 od
1222 2259 1344 2343 Deum,
1377 2281 1475 2343 quem

150 2353 181 2417 S.
215 2348 385 2432 Scriptura
414 2368 543 2432 semper
571 2347 606 2412 in
629 2347 669 2414 V.
693 2348 730 2414 T.
762 2348 924 2430 requirat,
957 2369 1029 2414 cum
1060 2347 1266 2414 conversuris
1294 2348 1425 2416 veniam
1456 2373 1475 2416 a

148 2441 219 2504 Deo
242 2438 379 2522 promitt
402 2439 426 2503 t.

87 2586 139 2640 305
238 2566 292 2632 An
315 2585 506 2643 ouaasmuar
530 2568 570 2629 2¹²²
593 2566 632 2631 R.
659 2568 687 2632 1.
733 2565 835 2631 Nulla
865 2568 917 2631 est
946 2564 1031 2631 ratio
1063 2586 1120 2630 cur
1148 2564 1206 2630 illa
1228 2565 1393 2634 attributa
1415 2567 1476 2633 Dei

149 2656 292 2722 relativa
314 2676 379 2720 non
402 2653 583 2733 sufficiant,
610 2675 683 2720 cum
706 2654 872 2721 sufficiant
895 2653 936 2720 ad
960 2658 1070 2720 actum
1093 2675 1192 2719 verae
1215 2655 1384 2733 caritatis3
1418 2679 1475 2723 ex·

148 2744 262 2812 hibent
278 2745 363 2810 enim
379 2744 484 2808 Deum
507 2764 543 2809 rc
559 2764 640 2809 vera
661 2743 695 2809 in
718 2764 754 2809 se
776 2764 902 2808 summe
918 2743 1100 2820 amabilem,
1126 2742 1354 2828 hominemque
1369 2747 1475 2829 magis

148 2835 328 2917 percellere
362 2833 470 2899 solent
508 2853 606 2916 quam
641 2833 802 2900 attributa
841 2832 1002 2899 absoluta.
1056 2832 1103 2898 cf.
1139 2832 1472 2901 Bellen-Palm.

147 2924 169 2990 l.
195 2944 221 2990 c.
246 2945 277 2990 n.
303 2924 355 2991 39.

238 3039 276 3105 R.
303 3041 331 3104 2.
379 3037 411 3104 S.
436 3037 605 3120 Scriptura
628 3037 709 3102 haec
733 3037 894 3103 attributa
917 3035 1111 3120 praeprimis
1139 3037 1232 3102 nobis
1256 3037 1408 3118 exhibet,
1439 3042 1474 3104 ut

149 3128 164 3192 Ι
188 3128 233 3194 lo.
258 3131 288 3205 4,
316 3129 372 3192 19:
401 3126 603 3208 ,Diligamus
618 3128 733 3203 Deum,
758 3126 910 3208 quoniam
934 3126 1022 3191 Deus
1038 3124 1127 3209 prior
1143 3124 1259 3191 dilexit
1274 3131 1374 3204 nos“;
1399 3149 1473 3210 gra·

149 3218 234 3283 tuita
258 3214 343 3281 enim
359 3214 420 3280 Dei
444 3214 575 3281 dilectio
599 3236 678 3297 erga
701 3214 865 3280 hominem
880 3216 984 3280 Deum
1000 3215 1142 3279 maxime
1166 3214 1341 3281 amabilem
1364 3222 1472 3284 osten·

149 3307 207 3377 dit.
232 3305 260 3369 si
284 3304 378 3369 modo
394 3308 432 3369 ut
447 3303 633 3386 benignitas
656 3303 777 3381 divina,
801 3304 822 3369 i.
840 3325 867 3370 e.
884 3324 1011 3368 summa
1027 3309 1061 3369 et
1076 3303 1213 3382 infinita,
1238 3305 1470 3373 consideretur.

148 3394 265 3474 Neque
288 3393 350 3457 hac
373 3393 406 3457 in
429 3414 465 3457 re
489 3392 551 3458 Dei
574 3392 730 3457 beneficia
754 3397 788 3458 ct
812 3393 912 3471 dona,
944 3393 1001 3458 sed
1025 3392 1130 3475 ipsum
1154 3393 1259 3459 Deum
1283 3394 1472 3461 donatorem

149 3481 411 3547 liberalissimum
435 3483 534 3547 sumit
557 3482 653 3546 homo
681 3502 740 3563 pro
770 3482 893 3547 motivo
925 3481 1080 3563 diligendi
1111 3485 1145 3548 ct
1174 3503 1232 3566 pro
1264 3483 1390 3550 motivo
1420 3485 1472 3549 de·

148 3570 294 3638 testandi
316 3569 442 3654 peccati
466 3570 598 3636 caritati
622 3591 664 3635 cx
688 3569 847 3636 diametro
872 3570 1022 3654 oppositi.

86 3724 138 3779 306
238 3706 290 3769 Aa
314 3724 504 3778 oonrsrruu
529 3707 567 3767 3⁰⁰
583 3703 622 3769 R.
643 3694 683 3769 1.‘
703 3703 874 3771 Sententia
896 3703 987 3769 Petri
1011 3708 1091 3786 apta
1114 3707 1166 3769 est
1189 3703 1230 3769 ad
1251 3705 1374 3771 falsum
1398 3727 1471 3771 oon-

150 3799 281 3877 ceptum
305 3791 454 3860 caritatis
478 3793 722 3858 efformandum.
755 3793 840 3859 Sane
863 3792 1021 3858 motivum
1040 3792 1255 3871 contritionis,
1279 3795 1368 3861 sicut
1391 3794 1471 3861 cari-

148 3883 245 3959 tutis,
277 3883 375 3948 debet
404 3903 476 3947 esse
508 3882 639 3964 aliquod
669 3882 824 3948 divinum.
872 3882 935 3948 Sed
966 3881 1077 3946 divina
1107 3881 1257 3947 intimum
1286 3891 1471 3969 respectum

147 3972 270 4038 habent
293 3972 334 4036 ad
359 3975 561 4049 creaturam,
593 3975 628 4037 et
650 3971 819 4054 speciatim
851 3972 892 4037 ad
915 3971 1088 4037 hominem.
1135 3970 1210 4036 Non
1241 3971 1344 4054 igitur
1368 3975 1472 4039 elucet

147 4082 205 4125 cur
228 4065 396 4144 respectus
421 4060 461 4125 ad
486 4081 545 4125 nos
569 4060 697 4125 excludi
722 4060 849 4138 debeat,
874 4061 1012 4125 simodo
1029 4062 1387 4141 nosnostraquehona
1411 4084 1471 4127 non

147 4151 213 4216 sint
236 4151 393 4215 motivum
417 4150 450 4213 in
475 4170 537 4231 quo
562 4148 708 4216 sistatur.
754 4150 857 4214 Immo
887 4152 940 4215 illc
968 4154 1137 4232 respectus
1162 4149 1248 4230 quod
1279 4150 1402 4217 bonum
1427 4151 1472 4216 di-

146 4239 259 4304 vinum
293 4239 336 4304 sit
370 4238 468 4305 etiam
502 4242 650 4303 nostrum
684 4239 804 4303 bonurn
836 4240 998 4305 rationale
1031 4237 1206 4320 (rationale
1237 4238 1323 4305 enirn
1354 4240 1472 4306 bonum

147 4333 294 4393 nostrunr
318 4333 370 4393 est
394 4349 431 4392 eo
462 4326 532 4410 ipso
564 4327 648 4409 quod
678 4327 722 4394 sit
751 4328 869 4392 bonum
901 4329 1101 4409 absolutum)
1132 4327 1261 4393 excludi
1293 4331 1410 4413 nequit
1438 4333 1472 4394 ut

147 4417 311 4492 condici03
337 4416 416 4481 nihil
441 4416 526 4481 enim
551 4416 686 4497 diligere
710 4438 883 4499 possumus
907 4419 992 4500 quod
1009 4439 1073 4482 non
1089 4417 1183 4482 nohis
1206 4419 1393 4497 conveniat,
1419 4440 1472 4484 seu

147 4507 232 4588 quod
257 4528 321 4572 non
345 4506 389 4572 sit
413 4505 505 4570 nobis
530 4505 637 4587 aliquo
661 4507 757 4571 modo
783 4507 910 4584 bonurn,
936 4507 999 4572 etsi
1023 4508 1083 4572 sub
1106 4507 1168 4572 hac
1191 4506 1322 4573 formali
1347 4507 1473 4575 ratione

58 4646 59 4649 ι
146 4596 226 4660 illud
251 4597 370 4660 bonurn
394 4616 458 4658 non
483 4594 623 4660 sumitur
645 4616 703 4678 pro
728 4595 851 4661 motivo
875 4600 977 4661 actus,
