3044 5174
454 104 544 161 Onera
563 123 684 171 annexa;
704 137 737 147 -
755 103 912 173 Negotiatio
930 102 1074 174 prohibita.
1358 105 1422 170 439

185 284 226 350 R.
252 286 282 350 5.
329 282 522 366 Negotiatio
552 281 715 366 prohibita
738 303 802 349 non
833 286 885 348 est
915 301 1022 346 emere
1052 301 1116 345 non
1147 301 1219 346 cum
1243 279 1425 346 intentione
1479 299 1481 303 ⁴

94 374 189 451 lucri,
214 372 272 439 sed
296 371 338 438 ad
361 372 525 456 propriam
544 371 760 456 propriaeque
776 369 922 436 familiae
937 369 1222 448 sustentationem,
1247 372 1281 435 et
1296 373 1423 452 postea,

93 485 169 530 curu
195 461 324 528 occasio
339 460 462 538 faveat,
488 483 561 526 cum
578 461 668 526 lucro
684 460 827 525 vendere
850 461 1016 543 superflua
1031 457 1099 540 (vel
1124 478 1163 523 ea
1187 478 1271 539 quae
1294 458 1424 524 etiamsi

94 573 160 617 non
185 573 265 617 vere
287 550 355 617 sint
377 551 558 634 superflua,
589 571 675 616 nuno
706 549 845 615 clericus
875 548 1057 615 constituat
1086 568 1158 612 cum
1183 546 1257 612 aliis
1280 568 1423 612 commu·

94 641 201 723 tare):
226 640 268 706 cf.
297 639 353 705 ib.
378 661 420 707 m.
443 639 485 716 Il,
511 642 593 715 6123
618 638 928 704 Bellen-Palm.
952 638 973 703 l.
999 657 1026 702 c.
1051 659 1082 702 n.
1108 639 1184 702 299.

186 763 240 829 An
257 783 449 839 uuaasrrun
465 766 506 828 2¹¹³
521 763 560 828 R.
592 761 802 846 Dispensatio
826 761 960 826 concedi
981 764 1092 844 potest
1108 763 1204 825 extra
1221 759 1350 826 Italiam
1366 781 1425 844 per
1435 771 1485 824 767

96 853 304 937 episcopum,
334 851 369 916 in
391 851 490 917 Italia
513 873 572 935 per
595 851 627 921 S.
654 851 787 916 Sedem:
823 850 855 932 1)
879 850 907 914 si
931 850 1029 916 aliter
1058 848 1255 915 clericusne
1284 870 1425 931 suosque

96 943 252 1008 decenter
281 945 469 1007 sustentare
499 944 657 1022 nequeam
690 941 724 1021 2)
747 939 876 1007 facilius
907 939 1006 1005 etiam
1037 960 1095 1022 pro
1125 937 1350 1020 negotiatione
1381 939 1427 1002 od

94 1040 218 1118 tempus
247 1035 347 1113 atque
368 1053 427 1117 per
456 1032 679 1096 intermediam
707 1051 876 1115 persona-m
900 1028 1100 1105 exercenda,
1131 1026 1285 1093 videlicet
1315 1048 1356 1092 ex
1387 1047 1426 1092 ea

94 1120 225 1186 ratione
255 1118 342 1201 quod
372 1119 505 1201 negotia
535 1119 671 1185 alaicis
700 1115 832 1202 incepta
862 1117 903 1183 ad
935 1117 1088 1182 clericum
1120 1116 1306 1182 hereditate
1336 1116 1425 1181 simi-

94 1209 161 1275 live
194 1209 292 1275 titulo
324 1208 525 1274 deferantur.
578 1209 633 1275 ib.
658 1231 699 1273 m.
724 1205 773 1285 II,
809 1209 846 1272 61
884 1231 891 1280 ;
924 1204 1320 1271 Ballerini·Palm.
1350 1205 1370 1272 l.
1396 1226 1423 1271 c.

94 1320 127 1365 n.
152 1300 229 1365 301.
255 1299 331 1365 302.
1100 1311 1101 1314 ’

186 1422 240 1484 An
263 1440 456 1495 eueneruuar
478 1422 517 1484 3¹¹·
540 1419 578 1485 R.
606 1422 634 1485 1.
681 1418 773 1495 Quod
797 1417 946 1484 Gelasius
977 1439 1036 1502 per
1069 1418 1209 1484 famulos
1234 1418 1284 1482 vel
1309 1437 1426 1503 opera·

95 1508 164 1574 rios
189 1508 367 1575 conductos
390 1508 518 1585 vinum,
551 1508 636 1590 quod
659 1507 775 1574 habuit
804 1528 846 1573 ex
869 1507 1011 1592 propriis
1034 1507 1141 1589 agria,
1172 1505 1360 1589 diligentius
1392 1512 1426 1572 et

96 1597 215 1662 melius
245 1597 433 1681 paraverit,
469 1597 583 1663 haberi
618 1599 728 1680 potest
762 1618 822 1681 pro
857 1596 987 1662 actione
1022 1595 1225 1671 accessoria;
1261 1596 1425 1679 principa·

96 1687 176 1752 liter
202 1686 264 1751 hac
297 1708 332 1751 re
367 1687 400 1752 id
434 1686 521 1769 egit,
558 1690 595 1751 ut
624 1687 751 1753 fructus
781 1706 913 1751 suorum
945 1706 1099 1768 agrorum
1129 1685 1305 1751 venderet:
1340 1684 1425 1767 quod

97 1776 128 1841 ei
164 1775 261 1853 licet,
297 1775 394 1841 immo
429 1776 651 1841 necessarium
685 1779 758 1852 est,
794 1779 832 1840 ut
866 1796 908 1839 ex
942 1774 1091 1840 beneficii
1125 1774 1287 1840 fructibus
1321 1774 1426 1857 possit

96 1885 221 1931 vrvere.

188 1979 228 2045 R.
253 1982 283 2046 2.
330 1979 537 2062 Quapropter
566 1977 736 2057 existimo,
767 1977 795 2043 si
826 1998 898 2043 sese
931 1999 1003 2043 curn
1035 1977 1108 2042 aliis
1131 1975 1325 2043 vinitoribus
1348 1996 1425 2041 con·

97 2068 239 2151 iungens
262 2066 342 2133 nihil
365 2067 453 2132 aliud
476 2067 619 2144 faceret,
651 2088 749 2149 quam
773 2071 810 2133 ut
839 2067 887 2132 illi
910 2067 1062 2132 societati
1093 2067 1242 2133 traderet
1265 2065 1343 2131 vina
1365 2085 1426 2130 sua

96 2160 199 2239 atque
223 2176 282 2240 pro
306 2160 382 2223 rata
404 2178 537 2222 suorum
561 2155 710 2221 vinorum
740 2157 775 2221 in
805 2157 896 2221 lucro
920 2155 1089 2223 societatis
1119 2161 1246 2240 partem
1270 2154 1425 2220 haberet:

98 2267 174 2312 eum
199 2266 263 2311 non
287 2266 387 2328 agere
410 2244 534 2312 illicite.
581 2245 673 2321 Quod
704 2246 787 2311 enim
820 2245 876 2312 alii
906 2267 969 2311 non
1001 2266 1061 2311 sua
1091 2248 1222 2311 tantum
1245 2243 1322 2309 vina
1345 2264 1425 2308 ven·

96 2336 196 2412 dant,
228 2335 286 2400 sed
310 2333 418 2401 aliena
442 2339 610 2412 coemant,
641 2337 678 2400 ut
710 2335 817 2401 carius
842 2335 1003 2412 vendant,
1029 2332 1196 2414 Gelasius,
1228 2333 1254 2399 si
1279 2336 1426 2399 tantum·

96 2425 194 2489 modo
220 2444 280 2489 sua
303 2424 381 2490 vina
404 2423 576 2488 vendenda
599 2423 764 2500 traderet,
795 2445 900 2507 neque
923 2425 956 2488 in
980 2424 1041 2490 hac
1072 2422 1297 2506 negotiatione
1321 2442 1426 2505 neque

94 2513 130 2578 in
153 2512 211 2578 illo
233 2512 324 2578 lucro
347 2517 461 2597 partes
484 2513 629 2578 haberet.

187 2628 227 2694 R.
253 2631 284 2694 3.
316 2628 380 2693 Sed
403 2627 432 2694 ei
448 2627 598 2695 Gelasius
621 2647 657 2692 ro
680 2627 753 2710 ipsa
775 2628 870 2692 huius
887 2627 1066 2705 societatis,
1092 2631 1254 2710 quatenus
1274 2647 1315 2692 ex
1331 2630 1425 2709 parte

95 2716 356 2800 negotiationem
378 2717 494 2783 stricte
518 2717 640 2790 dictam
664 2720 807 2792 exercet,
832 2717 1013 2782 membrum
1037 2718 1173 2783 activum
1192 2737 1227 2780 se
1244 2714 1424 2790 oonst'tuit

95 2806 196 2872 immo
213 2826 286 2871 eam
303 2805 514 2872 directionem
532 2805 676 2889 suscepit
692 2827 757 2889 qua
772 2805 841 2890 ipse
857 2807 917 2871 fiat
933 2827 1037 2888 agens
1048 2804 1253 2889 principalis:
1271 2803 1426 2869 dicendus

95 2898 148 2963 eet
171 2914 327 2960 exercere
348 2894 498 2961 illicitam
521 2895 788 2978 negotiationem,
814 2916 950 2977 eamque
975 2893 1123 2980 graviter
1142 2893 1301 2960 illicitam.
1334 2892 1425 2970 Quod

95 3005 260 3049 summurn
283 2983 393 3050 facere
416 2988 543 3068 potest,
573 2987 625 3050 est
648 2985 710 3049 hoc
734 2988 772 3051 ut
794 2987 924 3050 consitio
947 3006 1003 3049 auo
1027 2982 1185 3048 vinitores
1209 2981 1425 3066 parochianos

97 3074 233 3140 adiuvet
256 3093 362 3156 neque
384 3076 496 3139 tamen
518 3072 552 3138 in
575 3074 680 3158 ipsam
704 3074 962 3156 negotiationem
986 3093 1058 3139 sese
1081 3070 1274 3140 immisceat.

472 3283 579 3349 LUDI
601 3283 794 3349 chameis
816 3282 1052 3349 PROHIBI'PI.

657 3447 768 3514 tusus.
787 3456 863 3523 (224)

188 3587 358 3646 Amalariua
386 3588 534 3665 parochus
563 3607 628 3646 cnm
659 3588 726 3646 aliis
756 3587 963 3647 sacerdotibus
990 3606 1114 3664 vespere
1143 3589 1303 3647 convenire
1332 3587 1422 3658 solet;

95 3675 187 3746 atque
209 3668 253 3727 ita
273 3687 327 3745 per
346 3667 436 3726 horae
457 3668 525 3727 ludo
547 3668 717 3727 chartarum
738 3667 902 3743 indulgent,
925 3668 1064 3745 exposita
1079 3669 1188 3744 exigua
1209 3668 1343 3745 pecunia,
1365 3667 1424 3726 vic·

94 3757 162 3809 tore
183 3749 297 3808 lucrum
319 3748 464 3807 donaturo
485 3749 673 3825 pauperibus.
707 3747 905 3807 Nihilominus
928 3768 992 3807 cum
1015 3751 1184 3825 frequenter
1205 3748 1249 3807 sic
1270 3752 1362 3823 agant
1402 3751 1424 3805 t·

95 3848 153 3906 que
174 3828 324 3906 parochus
344 3827 457 3887 infelici
484 3834 565 3888 sorte
585 3829 687 3888 ludere
708 3830 820 3897 soleat,
849 3829 1002 3888 annuatim
1033 3829 1152 3888 circiter
1181 3830 1238 3887 100
1259 3846 1425 3886 marcarum

96 3909 237 3969 damnum
258 3907 385 3985 patitur:
407 3908 484 3985 quod
506 3928 572 3967 curn
593 3909 790 3985 perpenderit,
814 3909 931 3980 abhinc,
954 3910 980 3968 si
1001 3910 1141 3978 lucretur,
1162 3909 1228 3967 vult
1247 3909 1360 3966 lucrum
1382 3926 1424 3965 re·

95 3990 203 4060 tinere,
226 3988 319 4048 donec
341 3988 478 4047 damnum
500 3990 693 4065 reparaverit.
715 4022 754 4030 —
776 3989 984 4049 confessarius
1006 3989 1105 4047 ludum
1120 3989 1202 4047 illum
1224 3993 1326 4064 utpote
1348 3987 1424 4045 alea·

95 4071 205 4130 terium
226 4068 328 4145 gravis
349 4069 465 4145 peccati
487 4068 622 4138 damnat,
651 4069 727 4128 lucri
747 4075 846 4128 autem
868 4069 1063 4129 retentionem
1085 4087 1206 4144 gravem
1228 4087 1294 4126 ease
1316 4086 1425 4126 caueae

96 4150 166 4228 piae
187 4168 407 4226 pauperumque
428 4149 692 4209 defraudationem.

97 4273 276 4345 Quaamrua
298 4277 326 4334 1⁰
347 4294 424 4351 quae
445 4275 486 4334 ait
506 4274 641 4333 ludorum
663 4273 807 4333 canonica
828 4272 987 4351 prohibitio

299 4374 329 4431 2ο
350 4373 493 4448 quomodo
515 4372 686 4432 sacerdotes
708 4373 751 4432 illi
772 4377 904 4450 peccent.

297 4473 329 4530 3⁰
349 4471 418 4546 quid
440 4471 475 4529 de
496 4470 571 4528 lucri
591 4471 671 4529 illiue
692 4470 923 4529 defraudatione.
