3044 5174
350 294 466 350 Ordines
484 294 564 349 sacri.
583 323 618 333 -
637 293 815 348 Condiciones
833 293 996 363 requisitae:
1016 296 1132 364 tempus.
1335 298 1401 362 418

76 473 147 539 bani
172 472 264 540 VIII.
311 471 470 538 Attamen
501 471 676 553 aliquando
709 470 851 536 facultas
883 470 982 536 datur
1013 469 1121 536 latior.
1168 471 1257 537 Raro
1290 477 1400 538 tamen

76 562 243 628 confertur
266 561 475 646 privilegium
498 559 686 626 conferendi
710 560 840 624 ordines
870 559 983 624 diebus
1013 559 1113 625 etiam
1143 560 1327 625 ferialibus:
1359 562 1401 628 ef.

76 673 122 736 ep.
148 652 182 718 S.
207 650 324 734 Gongr.
356 651 396 716 de
419 650 515 734 Prop.
540 649 620 715 Fide
650 652 671 714 4
695 649 807 714 Martii
832 651 917 714 1876
948 648 1033 731 apud
1060 648 1261 733 Gasparri
1292 672 1322 715 n.
1349 652 1401 716 78.

164 758 204 823 R.
230 760 261 824 2.
292 757 409 839 Neque
433 777 473 822 ex
498 756 655 821 eiusmodi
678 755 860 839 privilegia
886 754 1016 821 etiamsi
1038 756 1171 822 additur
1197 756 1404 834 „interstitiis

76 869 139 914 non
169 847 345 925 servatis“,
375 845 524 927 sequitur
552 846 651 910 licere
680 845 786 911 tribus
816 844 929 909 diebus
958 844 1088 910 festivis
1118 845 1307 910 immediate
1330 867 1403 910 sese

76 936 317 1021 excipientibus
339 955 397 1000 seu
421 934 584 1017 contiguis
609 934 739 999 ordines
762 954 874 998 saeros
897 934 1168 1012 subdiaconatus,
1199 934 1402 1010 diaconatus

76 1029 327 1112 presbyteratus
350 1024 501 1090 conferri.
547 1024 633 1089 Nam
659 1045 731 1087 curn
754 1025 901 1109 specialis
923 1024 979 1088 lex
1008 1022 1053 1089 sit
1082 1045 1166 1105 quae
1194 1027 1288 1090 vetet
1318 1024 1403 1088 hanc

76 1116 227 1182 ordinum
249 1113 518 1180 conferendorum
543 1113 803 1188 continuitatem,
832 1112 873 1176 ab
897 1111 959 1178 hac
982 1112 1056 1194 lege
1079 1113 1251 1196 speciatim
1275 1112 1405 1196 dispen-

76 1206 141 1271 sari
165 1204 280 1281 debet,
310 1206 348 1268 ut
369 1203 475 1268 tribus
499 1201 612 1267 diebus
634 1200 822 1266 immediate
845 1199 905 1265 sibi
929 1201 1178 1267 succedentibus
1207 1202 1306 1268 bceat
1335 1207 1405 1268 tres

76 1314 190 1360 sacros
213 1291 344 1358 ordines
367 1290 464 1357 alicui
487 1291 646 1356 conferre.

166 1399 206 1465 R.
232 1402 263 1464 3.
302 1397 461 1480 Religiosi
483 1396 598 1464 stricte
622 1396 701 1462 dicti
724 1396 902 1461 universim
926 1395 1132 1479 privilegium
1155 1396 1278 1462 habent
1304 1396 1404 1462 susci·

76 1488 188 1574 piendi
212 1487 343 1553 ordines
366 1492 463 1552 extra
485 1491 635 1570 tempora
658 1485 690 1550 in
714 1485 753 1551 It.
780 1489 795 1549 1
823 1486 1007 1559 declarata,
1038 1506 1143 1567 neque
1173 1485 1248 1551 huic
1271 1487 1405 1568 antiquo

76 1576 251 1662 privilegio
273 1577 467 1658 derogatum
483 1596 566 1652 esse,
590 1595 695 1656 neque
717 1575 882 1658 peccone.
905 1576 994 1639 Trid.
1011 1595 1118 1656 neque
1134 1576 1406 1657 subsequentibus

76 1671 198 1746 const,
223 1666 283 1731 sub
306 1665 453 1732 Bened.
477 1664 557 1730 XIII
580 1664 610 1731 d.
639 1666 678 1729 16
702 1663 781 1729 Maii
808 1666 891 1729 1725
916 1663 1104 1729 authentice
1128 1665 1331 1730 declaratum
1355 1670 1406 1732 est

76 1757 132 1837 (cf.
152 1754 357 1839 Gasparri
380 1776 412 1821 n.
430 1751 497 1836 74).
521 1752 739 1819 —Similiter
761 1753 794 1817 iu
817 1751 1004 1835 regionibus
1027 1752 1151 1818 dissitis
1175 1753 1318 1836 episcopi
1341 1776 1406 1818 non

76 1867 154 1912 raro
178 1843 344 1928 accipiunt
366 1843 446 1908 illud
470 1842 677 1926 privilegium
701 1846 798 1907 extra
821 1846 971 1925 tempora
1001 1842 1131 1907 ordines
1161 1843 1261 1908 etiam
1294 1864 1406 1907 sacros

77 1932 279 2001 conferendi.

169 2040 208 2106 R.
226 2043 257 2106 4.
288 2039 491 2121 Quamquam
514 2037 721 2123 privilegium
745 2037 824 2103 illud
849 2059 891 2102 ex
907 2058 943 2102 se
958 2037 1029 2102 iure
1045 2059 1109 2102 non
1132 2037 1237 2121 possit
1259 2036 1406 2119 intellegi

78 2131 142 2196 nisi
168 2129 208 2194 de
232 2127 346 2194 diebus
368 2128 463 2194 festis
486 2127 518 2191 in
542 2127 613 2192 foro
638 2127 832 2192 celebrando
857 2127 944 2209 (incl.
969 2126 1064 2193 festis
1091 2132 1191 2194 antea
1221 2126 1407 2208 vigentibus

78 2240 166 2284 nunc
189 2217 403 2302 suppressis);
434 2216 633 2300 impossibile
664 2221 775 2281 tamen
804 2237 868 2281 non
899 2220 951 2281 est
977 2216 1115 2281 localem
1139 2215 1407 2281 consuetudinem

80 2309 164 2374 illud
187 2307 440 2391 interpretatam
464 2326 536 2371 esse
559 2305 683 2387 largius
707 2306 747 2370 de
771 2305 917 2387 quolibet
940 2305 992 2370 die
1015 2305 1049 2369 in
1072 2327 1135 2387 quo
1155 2305 1298 2370 officium
1313 2305 1408 2371 festi·

79 2421 159 2463 vum
184 2397 267 2463 ritus
291 2396 378 2480 dupl.
404 2395 602 2460 celebretur:
628 2394 667 2459 de
692 2416 755 2476 quo
779 2395 820 2461 cf.
846 2395 878 2461 S.
896 2393 1092 2479 Alpheus,
1109 2395 1165 2473 Vl,
1184 2396 1259 2472 797,
1277 2395 1350 2459 dub.
1369 2399 1406 2471 4;

83 2489 140 2553 Tb.
165 2509 207 2552 m.
231 2485 273 2563 11,
299 2488 373 2551 605.

172 2593 210 2660 R.
235 2594 266 2658 5.
306 2590 453 2675 Speciale
483 2589 690 2674 privilegium
721 2611 784 2654 non
816 2590 965 2656 omnibus
991 2590 1139 2672 quidem,
1173 2595 1285 2657 tamen
1309 2589 1408 2656 certis

79 2681 248 2749 ordinibus
271 2680 452 2763 religiosis,
476 2680 574 2744 immo
598 2679 698 2745 etiam
721 2679 800 2744 solis
823 2679 987 2761 religiosis
1010 2681 1318 2763 congregationibus
1342 2680 1408 2744 col-

79 2773 203 2848 latum,
233 2769 299 2835 illis
322 2768 472 2835 concedit
495 2774 532 2835 ut
554 2768 681 2852 possint
704 2768 834 2833 ordines
857 2769 956 2834 etiam
980 2790 1109 2847 sacros,
1140 2769 1327 2837 interstitiis
1351 2791 1409 2833 ne-

80 2881 246 2944 quaquam
270 2858 423 2937 servatis,
448 2858 560 2923 diebus
583 2857 678 2923 festis
703 2861 797 2922 etiam
820 2860 978 2924 continuis
1001 2857 1158 2941 recipere.
1190 2859 1239 2924 De
1263 2879 1326 2940 quo
1342 2857 1408 2922 sin-

80 2950 150 3034 guli
175 2947 375 3034 privilegiati
399 2947 511 3013 videre
535 2947 654 3013 debent
677 2946 753 3028 quid
777 2946 838 3011 sibi
862 2947 970 3012 liceat.

172 3081 225 3147 An
248 3100 441 3156 Quassrrun
464 3083 504 3145 3¹¹¹
527 3079 566 3148 R.
593 3083 621 3145 l.
668 3077 705 3143 In
728 3079 889 3145 facultate
912 3079 1086 3144 exercendi
1108 3079 1309 3162 pontificalia
1332 3092 1471 3146 numine

82 3192 201 3237 revera
224 3173 379 3237 contenta
402 3169 504 3236 fuerit
526 3169 668 3235 facultas
699 3168 886 3233 conferendi
912 3168 1058 3245 ordines,
1089 3188 1132 3233 ex
1155 3168 1410 3233 circumstantiis

83 3260 319 3327 desumendum
347 3263 414 3335 est;
446 3279 521 3323 narn
545 3279 587 3322 ex
611 3278 646 3322 se
670 3278 734 3321 non
759 3256 832 3322 ilico
856 3261 925 3323 tarn
949 3258 1058 3341 amplo
1077 3278 1175 3322 sensu
1198 3257 1282 3322 hane
1306 3258 1410 3322 facul-

81 3355 189 3416 tatem
226 3369 354 3414 sumere
391 3347 512 3414 licebit.
569 3346 633 3413 Sed
668 3346 764 3426 dato,
801 3346 901 3411 fuisse
943 3367 1015 3411 eam
1054 3350 1123 3412 tam
1165 3347 1273 3431 amplo
1312 3367 1410 3411 sensu

83 3459 284 3505 concessam.
383 3473 386 3479 ·

174 3545 213 3612 R.
239 3546 269 3610 2.
316 3543 364 3608 Εο
388 3542 475 3624 quod
497 3541 695 3624 Peregrinus
718 3542 818 3607 hebet
840 3541 1047 3625 privilegium
1071 3542 1259 3624 conferendi
1282 3542 1412 3608 ordines

83 3654 197 3700 sacros
221 3638 318 3699 extra
340 3638 506 3715 tempora,
539 3652 604 3696 uon
627 3635 739 3715 potest
762 3631 822 3695 hoc
846 3652 904 3696 suo
927 3630 1099 3716 privilegio
1124 3632 1172 3698 uti
1195 3653 1276 3714 erga
1299 3636 1412 3697 extra-

84 3745 164 3790 neos
187 3744 246 3787 seu
276 3721 521 3795 non-subditos,
553 3720 682 3786 etiamsi
711 3720 758 3785 illi
789 3719 989 3785 dimissorias
1019 3721 1150 3788 litteras
1179 3722 1318 3796 habeut;
1350 3721 1412 3786 nisi

85 3812 274 3897 specialiter
297 3811 397 3877 etiam
421 3811 482 3876 hoc
505 3830 695 3874 concessum
718 3809 772 3875 sit.
804 3809 1005 3876 Iessea.
1029 3809 1062 3875 in
1079 3812 1251 3876 Viennensi
1274 3813 1313 3875 31
1333 3810 1411 3875 Maii

88 3904 172 3968 1708
197 3900 285 3984 apud
309 3899 510 3984 Gasparri
534 3921 564 3964 n.
590 3901 643 3964 80.
668 3937 712 3945 -
736 3898 849 3976 Quoad
871 3899 1040 3981 regulares
1063 3899 1182 3982 igitur,
1216 3900 1244 3964 si
1267 3899 1412 3980 religiosi

85 3992 202 4057 stricte
225 3989 304 4055 dicti
327 3993 431 4063 erant,
457 4011 564 4054 eorum
579 3987 751 4072 privilegio
775 4009 852 4052 mox
875 3989 1009 4053 laudato
1027 3989 1074 4054 uti
1091 3994 1239 4072 poterat;
1264 3989 1321 4052 sed
1338 4009 1412 4071 per-

86 4102 200 4165 peram
226 4078 295 4161 egit
319 4079 424 4160 quoad
449 4077 531 4144 alios
555 4079 636 4142 duos
660 4077 795 4142 clericos
818 4078 1016 4145 saeculares.

175 4187 215 4252 R.
240 4189 270 4252 3.
302 4185 393 4262 Quod
417 4206 495 4250 vero
519 4185 632 4250 diebus
655 4184 761 4250 tribus
784 4183 945 4249 continuis
961 4189 1030 4250 tres
1046 4183 1176 4249 ordines
1198 4205 1310 4248 sacros
1335 4205 1411 4249 con·

86 4281 263 4359 sequenter
285 4274 434 4351 contulit,
458 4274 492 4339 id
516 4280 605 4339 recte
629 4279 740 4340 actum
764 4294 828 4337 non
852 4280 942 4350 erat,
967 4272 1027 4337 nisi
1051 4272 1257 4356 privilegium
1281 4274 1413 4354 regula-

86 4367 180 4444 rium,
205 4364 322 4447 quibus
346 4364 475 4429 ordines
499 4363 647 4440 eontulit,
670 4363 703 4427 id
728 4383 884 4446 expresse
907 4362 1076 4428 concessit.

176 4477 215 4545 n.
240 4480 271 4543 4.
318 4476 407 4553 Quod
433 4474 561 4541 demum
585 4497 649 4541 nou
681 4476 780 4557 elegit
805 4474 874 4540 dies
898 4475 938 4540 de
971 4479 1145 4558 praecepto
1169 4474 1324 4551 festivos,
1356 4475 1413 4540 sed

84 4567 290 4634 solummodo
313 4565 426 4632 festivi
450 4565 547 4630 officii
571 4565 654 4632 ritus
678 4566 783 4648 dupl.‚
815 4564 914 4629 etiam
944 4568 1034 4630 recte
1064 4585 1129 4629 uon
1159 4564 1227 4646 egit
1258 4564 1319 4630 nisi
1343 4564 1414 4629 diu-

84 4663 185 4725 turna
208 4655 444 4722 consuetudine
467 4659 600 4739 poterat
622 4655 763 4721 defendi.
