3044 5174
150 307 192 371 94
668 303 709 357 De
727 320 764 358 ss.
784 303 956 359 eucharistia.

238 479 290 544 Ad
313 482 441 545 tertium
463 500 575 545 casum
590 480 629 545 R.
650 484 677 545 1.
713 479 825 556 Quoad
840 479 995 563 reliquias
1011 478 1154 544 ciborum
1169 477 1203 544 in
1219 499 1276 544 ore
1298 479 1474 546 haerentes

150 569 257 634 nullus
287 569 457 634 faciendus
486 574 538 634 est
567 569 747 652 scrupulus.
802 569 835 634 Si
865 568 1055 635 notabiliter
1084 567 1286 647 sentiuntur,
1319 569 1475 635 convenit

151 658 279 741 quidem
296 678 353 723 eas
368 678 545 741 exspuere;
569 662 606 724 at
621 657 750 724 etiamsi
769 658 840 740 quis
856 659 970 724 volens
985 679 1042 724 eae
1057 657 1188 740 glutiat,
1212 679 1233 723 a
1248 658 1475 724 communione

150 769 213 813 non
237 747 422 831 impeditur.
474 748 529 813 Tt.
554 769 594 812 m.
619 747 659 824 Π,
687 750 760 813 160.

239 854 278 919 R.
297 856 326 918 2.
361 852 452 917 Idem
475 852 545 917 fere
569 852 620 917 dic
644 853 684 918 de
706 852 853 936 granulis
870 853 990 931 taturi,
1015 853 1149 936 siquae
1173 875 1238 920 non
1254 874 1298 920 ex
1312 853 1475 921 industria

150 941 344 1008 transmissa
366 940 499 1008 suntin
522 941 735 1009 stomachum.

240 1048 278 1115 R.
292 1051 322 1115 3.
347 1047 459 1125 Quoad
475 1047 667 1131 sanguinem
683 1069 726 1113 ex
742 1049 892 1115 dentibus
908 1049 1096 1115 effluentem
1112 1049 1203 1116 nulla
1218 1052 1270 1118 est
1285 1048 1474 1129 difficultas,

150 1137 309 1219 siquidem
331 1137 387 1203 ille
409 1158 474 1202 non
497 1137 636 1203 sumitur
658 1137 700 1203 ab
723 1138 919 1204 extrinseco.

239 1245 278 1310 R.
308 1248 338 1310 4.
385 1243 498 1321 Quoad
527 1244 692 1328 guttulam
721 1245 889 1327 sauguinis
919 1243 1092 1311 defluentis
1121 1264 1163 1310 ex
1192 1243 1279 1310 labio
1309 1245 1474 1312 exteriore

151 1354 267 1417 perse
291 1333 420 1415 quidem
443 1332 600 1399 habemus
622 1333 839 1418 sumptionem
862 1335 903 1400 ab
927 1334 1128 1410 extrinseco;
1153 1355 1268 1400 verum
1290 1333 1319 1400 si
1342 1337 1476 1419 praeter

151 1423 364 1490 intentionem
378 1421 443 1489 fuit
454 1422 588 1488 minima
600 1422 760 1505 quaedam
772 1424 913 1505 guttula,
930 1423 1011 1489 haec
1024 1423 1187 1489 censenda
1198 1426 1250 1489 est
1265 1422 1474 1489 descendisse

150 1513 184 1576 in
207 1511 410 1577 stomachum
437 1532 496 1595 per
525 1510 656 1576 modum
686 1511 810 1577 salivae
840 1534 944 1595 neque
974 1511 1130 1595 impedire
1153 1533 1179 1580 a.
1203 1513 1472 1579 communionem.

151 1601 266 1678 Aliter,
290 1599 441 1666 siluerit
464 1600 518 1666 vel
540 1599 644 1666 maior
667 1600 834 1683 quantitas
858 1601 910 1666 vel
934 1622 976 1666 ex
998 1600 1160 1667 industria
1182 1602 1388 1668 transmissa.

429 1816 674 1884 EXCUSATIO
698 1815 729 1880 A
751 1815 923 1882 IEIUNIO
948 1816 1186 1884 NATURALI.

716 1983 826 2048 Casus.
847 1990 905 2057 (48)

241 2137 266 2194 1.
288 2133 415 2193 Aemilia
436 2133 485 2209 pia
506 2132 623 2202 femina,
647 2151 712 2191 oum
730 2151 816 2190 mane
831 2131 1008 2208 sumpsisset
1027 2133 1166 2192 haustum
1188 2133 1310 2204 coffeae,
1332 2133 1410 2193 itin
1431 2155 1475 2194 ec·

152 2214 272 2274 alesiam
293 2214 390 2289 ibique
410 2212 545 2290 pluribus
571 2212 672 2271 missis
693 2212 816 2271 assistit.
857 2212 1023 2271 Devotione
1043 2214 1184 2289 abrepta,
1213 2232 1279 2272 cum
1307 2221 1378 2290 post
1400 2235 1474 2274 oom-

151 2295 318 2353 munionem
340 2292 519 2352 celebrantis
541 2292 705 2368 complures
726 2291 763 2350 ad
786 2313 809 2350 s.
831 2291 1063 2351 communionem
1083 2293 1243 2364 accedunt,
1272 2293 1340 2370 ipsa
1360 2315 1475 2371 quoque

152 2375 283 2444 accedit,
314 2374 381 2432 dum
402 2373 433 2431 in
454 2392 575 2431 scamno
597 2371 873 2431 communicantium
895 2372 1060 2431 consistens
1085 2373 1259 2432 recordatur
1280 2393 1313 2432 se
1334 2394 1395 2433 non
1418 2377 1475 2434 iam

152 2474 218 2513 esse
239 2455 375 2513 ieiunam.
410 2452 590 2512 confusione
609 2452 698 2529 plena
718 2452 845 2523 recedit;
868 2458 972 2528 postea
994 2457 1092 2511 autem
1113 2453 1228 2527 quaerit
1248 2474 1267 2512 a
1288 2454 1474 2515 confessario

151 2554 220 2593 num
242 2535 284 2592 ita
306 2553 394 2609 agere
418 2533 559 2592 debuerit.

241 2634 268 2693 2.
290 2632 433 2691 Matthias
454 2633 687 2708 neo-presbyter,
708 2650 774 2689 cum
789 2631 886 2689 omnia
901 2638 1006 2707 parata
1021 2635 1122 2690 essent
1136 2629 1166 2689 in
1182 2631 1323 2706 parochia
1344 2636 1376 2691 et
1389 2632 1475 2693 domo

151 2718 276 2789 paterna
298 2713 335 2770 ad
356 2712 501 2787 agendam
528 2711 756 2770 sollemnitatem
777 2711 889 2787 primae
910 2711 1035 2782 missae,
1063 2710 1222 2770 infeliciter
1250 2717 1320 2787 post
1348 2713 1475 2772 mediam

151 2800 267 2851 noctem
290 2793 415 2869 sumpsit
435 2793 573 2851 haustum
595 2811 696 2866 aquae.

241 2894 267 2950 3.
290 2891 414 2961 Postea,
446 2909 511 2949 curn
540 2896 730 2965 exspectaret
750 2889 876 2966 populus
897 2889 928 2946 in
956 2907 1063 2964 magno
1084 2890 1162 2948 festo
1184 2908 1300 2948 sacrum
1322 2890 1474 2963 sollemne,

152 2972 298 3031 Matthiae
319 2972 367 3046 qui
389 2971 448 3028 ianr
470 2969 580 3046 incepit
600 2969 780 3028 ientaculum
800 2969 954 3028 nuntiatur
983 2970 1144 3046 paroohum
1165 2969 1295 3028 vicinum
1315 2970 1474 3030 invitatum

152 3058 306 3111 contracta
327 3051 499 3109 infirmitate
520 3050 623 3108 venire
644 3069 702 3107 non
720 3069 823 3126 posse;
846 3049 941 3125 ipsum
956 3050 1062 3108 debere
1083 3054 1225 3109 consueta
1240 3049 1362 3110 binandi
1383 3053 1475 3111 facul·

150 3137 212 3191 tate
234 3132 286 3192 uti.

241 3232 268 3288 4.
297 3228 383 3288 Alias
411 3228 441 3286 in
471 3228 601 3286 stat-ioue
629 3227 728 3303 aliqua
755 3227 857 3286 fideles
885 3227 963 3285 inter
990 3227 1156 3286 haereticos
1185 3227 1336 3304 dispersos
1363 3229 1475 3289 missac

152 3310 350 3370 celebratione
371 3314 575 3368 recreaverat:
597 3328 662 3367 cum
683 3308 713 3366 iu
734 3308 873 3367 sacristia
894 3307 1027 3366 vestibus
1047 3308 1098 3366 vix
1120 3313 1209 3366 exuto
1231 3308 1387 3368 nuntiatur
1409 3331 1475 3369 esse

151 3390 353 3449 moribundum
381 3388 430 3465 qui
460 3395 581 3465 cuperet
611 3394 796 3448 sacramenta
817 3388 957 3463 recipere.
1000 3389 1104 3447 Denuo
1132 3387 1224 3462 igitur
1244 3388 1394 3460 celebrat3
1424 3391 1473 3449 sed

152 3489 216 3529 cum
251 3469 336 3528 simul
372 3489 437 3529 cum
468 3490 507 3528 ss.
537 3473 721 3528 sacramento
753 3467 917 3541 ingreditur
951 3467 1066 3526 domum
1098 3468 1224 3537 infirmi,
1254 3467 1303 3526 hic
1332 3471 1474 3548 exspirat.

152 3552 180 3610 S.
203 3551 349 3626 speciem,
372 3569 458 3626 quam
479 3549 519 3607 ibi
541 3548 752 3607 convenienter
772 3567 929 3605 asservare
950 3567 1009 3606 non
1029 3553 1130 3624 potest
1150 3554 1180 3606 et
1201 3567 1287 3623 quam
1308 3547 1472 3610 irrevereu·

151 3632 211 3690 tiae
232 3631 280 3689 vel
301 3629 502 3707 profanationi
523 3628 737 3686 haereticorum
760 3647 908 3704 exponere
929 3647 987 3685 non
1008 3629 1081 3699 vult,
1103 3628 1167 3704 ipse
1190 3629 1347 3689 consumit.

152 3755 326 3825 Quanarrua
349 3754 378 3812 1ο
400 3773 474 3828 quae
496 3751 536 3810 sit
557 3770 648 3810 causa
679 3770 731 3810 cur
752 3751 841 3810 liceat
862 3751 1031 3810 non-ieiuno
1054 3773 1093 3811 ss.
1115 3752 1327 3812 eucharistiam
1350 3774 1473 3815 sumere.

351 3852 381 3908 2⁰
402 3850 470 3927 quid
491 3850 521 3907 in
543 3849 668 3924 singulis
691 3849 808 3908 casibus
830 3850 894 3908 fieri
915 3849 1033 3909 licuerit
1052 3850 1100 3909 vel
1123 3850 1263 3910 debuerit.

743 4050 878 4117 Salutio.

91 4225 141 4281 167
240 4205 292 4269 do
316 4223 506 4279 ousasrruu
533 4205 569 4266 lm
593 4202 631 4267 R.
652 4204 679 4267 1.
713 4201 760 4266 Ut
783 4222 882 4283 supra
905 4200 1025 4267 dietum
1043 4206 1103 4277 est,
1128 4207 1261 4285 praeter
1277 4204 1472 4272 ordinariam

152 4317 283 4360 causam
319 4292 428 4358 viatici
465 4313 584 4356 causae
619 4289 899 4356 extraordinariae
933 4296 1130 4356 revocantur
1165 4291 1206 4357 ad
1242 4296 1472 4362 necessitatem

152 4384 314 4466 quandam
344 4382 396 4446 vel
429 4382 470 4446 ad
502 4382 608 4464 legem
639 4379 837 4462 superiorem
868 4383 1056 4460 urgentem,
1090 4403 1173 4463 quae
1203 4403 1283 4465 prae
1313 4383 1389 4466 lege
1418 4384 1471 4449 illa

152 4471 451 4556 positiva-humana
481 4470 607 4554 impleri
637 4470 764 4534 debeat.
812 4469 875 4532 Sed
906 4469 1057 4551 quoniam
1087 4470 1142 4535 lex
1171 4471 1228 4535 illa
1257 4473 1405 4555 positiva
1433 4474 1470 4539 ab

151 4561 398 4718 dicitediitiita
428 4560 557 4624 omnino
588 4580 701 4624 severe
732 4558 801 4623 lata
831 4558 890 4635 sit,
923 4559 1019 4622 valde
1049 4560 1160 4640 gravis
1187 4560 1272 4626 ratio
1296 4563 1470 4645 requiritur
