3044 5174
79 248 142 314 162
595 245 635 301 De
653 263 691 303 ss.
710 246 883 303 eucharistia.

165 419 206 488 R.
229 422 259 487 3.
308 419 427 489 Utrum
455 419 572 486 melius
594 419 695 487 fuerit
726 419 860 486 missum
888 423 1046 506 perficere
1070 441 1168 504 quem
1190 441 1306 488 sacres
1329 443 1398 507 spe·

79 509 145 574 cies
169 529 243 574 cum
265 508 410 592 periculo
426 508 669 594 abrumpendae
685 509 805 575 missae
819 509 853 574 in
869 509 1083 576 tabernaculo
1098 509 1266 577 includere
1281 512 1398 597 pendet

77 597 385 666 scircumstentiis.
431 598 466 664 Si
495 597 553 664 vix
582 597 704 665 diutius
734 597 870 664 duraret
898 598 1033 665 miserem
1056 619 1158 682 usque
1190 598 1233 666 ed
1257 621 1398 666 commu·

76 686 206 754 niouem
230 691 264 754 ei
287 687 545 772 purificationem
567 688 723 772 perficere
746 708 845 770 quum
860 687 893 752 in
909 687 1122 753 tabernaculo
1138 709 1251 755 sueres
1274 690 1398 775 species

76 781 149 843 tuto
173 776 364 843 recondere:
388 777 505 843 melius
528 780 617 843 esset
639 775 772 843 missum
794 776 843 842 ite
865 777 1047 844 absolvere.
1078 775 1195 857 Aliter,
1218 777 1248 843 si
1270 782 1398 863 tempus

76 865 220 932 notabile
243 865 361 932 insumi
384 865 525 932 debebat
548 869 582 932 et
605 865 787 932 moribundi
809 865 988 949 periculum
1017 870 1091 933 eret
1114 887 1250 946 urgens:
1281 869 1318 934 iu
1342 892 1398 954 que

76 976 153 1021 cusu
176 963 249 1020 aute
272 959 379 1020 omniu
401 959 491 1022 euius
514 956 698 1021 moribundi
720 957 756 1021 iu
778 963 843 1020 tuto
865 956 1012 1020 obdurari
1034 955 1151 1023 debuit.

166 1061 204 1130 R.
228 1065 259 1129 4.
306 1061 340 1127 Si
362 1061 464 1145 igitur
487 1060 684 1143 maglorius,
715 1059 819 1126 saeris
850 1059 1021 1146 speciebus
1049 1060 1083 1125 in
1112 1061 1328 1128 tabernaculo
1351 1062 1399 1128 in·

76 1150 190 1226 clusis,
221 1149 354 1217 missam
376 1151 603 1234 imperfectum
626 1149 827 1233 reliquisset,
858 1171 1011 1216 reversus
1033 1153 1109 1235 post
1131 1151 1245 1216 horem
1270 1150 1398 1218 circiter

76 1242 183 1306 debuit
205 1240 335 1305 omnino
359 1261 489 1306 sucrum
510 1241 677 1325 perficere,
700 1239 893 1306 resumendo
917 1240 959 1305 eb
983 1259 1024 1305 ea
1045 1239 1174 1305 actione
1195 1261 1262 1323 que
1285 1240 1397 1318 desiit;

71 1332 175 1415 potuit
197 1328 283 1394 idem
306 1329 415 1395 iacere
439 1328 538 1396 etiem
561 1348 716 1394 reversus
738 1334 814 1412 post
836 1329 946 1413 plures
968 1329 1085 1407 hores,
1117 1337 1150 1393 ut
1171 1328 1205 1393 in
1234 1328 1298 1395 hoc
1322 1351 1398 1395 casu

75 1421 164 1484 diruit
187 1417 287 1483 etiem
317 1438 447 1483 sacrum
477 1417 661 1500 relinquere
691 1422 726 1483 et
754 1417 903 1499 sequenti
934 1416 986 1483 die
1014 1416 1048 1482 in
1077 1417 1179 1483 misse
1201 1419 1397 1485 celebranda

75 1511 150 1590 post
165 1511 330 1591 sumptum
346 1529 373 1574 s,
390 1505 583 1589 sanguinem
599 1505 724 1590 species
740 1511 948 1574 consecratae
959 1506 1186 1591 praecedentis
1198 1507 1262 1572 diei
1279 1507 1398 1574 missae

72 1615 273 1663 consumere.

163 1685 286 1750 Verum
309 1684 337 1749 si
352 1683 531 1768 periculum
548 1688 620 1750 eret
638 1682 855 1766 corruptionis
870 1704 1038 1749 sacrarum
1053 1683 1235 1767 specierum
1250 1723 1297 1732 —
1313 1687 1396 1768 quod

73 1794 132 1857 pre
156 1773 265 1858 specie
284 1773 352 1838 vini
368 1772 465 1839 facile
480 1772 588 1839 ederit
609 1796 670 1838 —:
695 1772 807 1839 debuit
821 1772 877 1838 vel
891 1772 1035 1851 missum,
1060 1772 1214 1854 quamdiu
1230 1773 1262 1838 id
1279 1774 1396 1859 probe·

73 1861 183 1929 biliter
204 1861 306 1940 licuit,
331 1863 511 1946 complere;
534 1862 589 1928 vel
611 1882 724 1927 sacras
740 1861 864 1945 species
886 1862 1015 1941 saitem,
1039 1882 1243 1945 quocumque
1266 1863 1394 1930 demum

72 1950 232 2035 temporis
255 1951 362 2036 spatio
385 1950 569 2031 interiecto,
593 1973 652 2036 pro
676 1973 702 2018 s.
726 1950 951 2017 communione
975 1971 1113 2019 sumere.
