3044 5174
390 326 588 397 Inpedimenta
605 326 770 381 matrimonii
789 324 956 380 dirimentis:
977 355 1011 363 -
1031 325 1128 379 Metus.
1361 331 1422 393 541

187 512 222 594 1)
252 511 318 578 Par
348 512 478 594 quidem
507 516 558 578 est
581 532 682 577 eausa
705 511 775 577 sive
798 511 914 577 medici
937 511 1008 576 sive
1031 509 1200 588 advocati,
1231 511 1361 592 quando
1386 511 1426 575 de

92 621 219 684 magno
257 600 375 667 damno
409 600 589 667 avertendo
624 599 751 683 agitur3
789 620 895 681 neque
929 599 1103 681 quicquam
1140 600 1279 665 interest
1316 603 1425 664 utrum

93 694 219 774 agatur
242 690 282 756 de
305 690 424 756 damno
447 689 579 774 proprio
602 710 644 754 au
668 690 709 755 de
732 690 850 755 damno
874 688 1021 772 proxime
1044 688 1193 770 cognatis
1209 688 1424 773 impendenti;

94 783 247 847 ceterum
269 779 423 845 damnum
447 778 553 863 patris
574 778 609 844 in
631 778 730 846 filiam
755 779 926 845 redundat.
965 778 1055 860 Ergo
1078 777 1119 842 de
1142 781 1232 843 metu
1253 781 1426 862 provinca

94 873 148 935 est
171 866 399 946 dubitandum,
423 867 451 933 si
474 867 604 950 quando
627 867 806 934 timebatur
828 902 870 913 -
895 870 933 932 ut
956 886 992 932 re
1015 887 1095 932 vera
1117 867 1218 932 fiebat
1240 903 1281 911 -
1307 887 1348 932 ne
1371 866 1426 932 ille

96 957 150 1041 qui
175 957 268 1024 solus
290 956 406 1023 iuvare
428 961 542 1042 posset
565 976 698 1022 causam
722 957 807 1023 tanti
830 955 986 1022 momenti
1009 956 1216 1038 relinqueret.

94 1138 102 1151 ‚
188 1063 225 1144 2)
254 1062 448 1130 Advocatus
480 1063 624 1145 denegat
655 1084 750 1128 suum
780 1062 954 1139 auxilium,
988 1063 1074 1144 quod
1103 1062 1137 1127 in
1169 1061 1257 1128 hisce
1289 1061 1425 1127 eircum-

96 1152 232 1220 stantiis
261 1156 314 1218 est
342 1171 479 1234 gravem
508 1156 631 1218 metum
654 1152 810 1218 incutere.
858 1151 921 1217 Sed
946 1171 1115 1217 cumeum
1138 1151 1272 1228 incutit,
1303 1151 1426 1217 nullam

96 1243 200 1308 habet
229 1240 445 1308 intentionem
474 1240 674 1309 matrimonii
703 1262 775 1305 cum
806 1240 895 1306 Rosa
924 1239 1157 1322 extorquendi,
1192 1260 1288 1322 quam
1319 1239 1426 1306 inten-

96 1331 222 1398 tionem
253 1329 327 1413 ipsa
357 1330 448 1396 Rosa
478 1334 596 1414 sponte
627 1330 786 1413 suggerit.
833 1330 956 1394 Verum
988 1330 1170 1395 advocatus
1201 1330 1285 1394 hanc
1320 1329 1426 1396 inten-

96 1421 223 1487 tionem
252 1440 346 1485 suam
375 1419 474 1496 facit,
504 1423 605 1502 atque
635 1439 675 1485 ea
704 1420 833 1485 demum
861 1422 1013 1484 movetur
1041 1423 1079 1485 ut
1102 1440 1123 1484 a
1146 1423 1235 1484 metu
1258 1418 1354 1500 gravi
1378 1420 1426 1482 in-

96 1508 253 1577 cutiendo
269 1507 419 1586 desistat,
442 1528 508 1574 non
524 1508 713 1584 destiturus,
735 1507 796 1575 nisi
812 1507 872 1573 sibi
889 1505 1130 1574 matrimonium
1147 1507 1228 1573 illud
1244 1509 1425 1574 offerretur.

97 1598 307 1683 Quapropter
328 1617 443 1662 verum
466 1597 598 1664 videtur
627 1597 757 1662 omnino
786 1597 877 1662 illum
907 1601 1031 1664 metum
1062 1600 1264 1680 protractum
1289 1617 1361 1661 esse
1385 1618 1426 1662 ex

97 1685 283 1754 intentione
313 1685 409 1752 huius
441 1686 523 1752 certi
554 1686 763 1753 matrimonii.
811 1685 938 1751 Certius
970 1685 1071 1752 etiam
1103 1690 1154 1751 est
1184 1685 1425 1751 matrimonium

98 1796 172 1844 esse
203 1798 242 1841 ea·
269 1783 352 1841 metu
382 1780 571 1852 causatum
602 1795 678 1841 nam
702 1775 810 1841 Rosae
840 1775 912 1841 sola
941 1775 1027 1842 ratio
1057 1775 1223 1842 tractandi
1249 1776 1289 1839 de
1312 1774 1426 1841 matri·

98 1865 209 1932 monio
233 1862 297 1931 fuit
319 1863 400 1930 haee
423 1869 461 1931 ut
484 1865 525 1930 ab
548 1863 749 1947 impendenti
772 1864 858 1929 malo
881 1884 917 1929 se
941 1863 1107 1931 liberaret.

190 1968 226 2053 3)
249 1970 299 2035 De
322 1974 430 2037 metus
452 1970 548 2046 illius,
573 1970 672 2037 etiarn
697 1974 735 2035 ut
758 1970 960 2035 solummodo
983 1979 1164 2056 protractus
1182 1973 1242 2046 est,
1267 1972 1426 2035 iniustitia

98 2061 187 2127 idem
219 2058 373 2125 iudicium
405 2059 494 2125 ferre
525 2059 604 2126 licet
634 2064 735 2141 atque
766 2059 799 2124 in
832 2059 939 2143 priore
972 2080 1050 2124 casu
1082 2058 1198 2125 medici
1230 2058 1284 2140 qui
1316 2079 1425 2124 euram

98 2170 196 2217 suam
220 2147 419 2231 denegabat,
444 2148 507 2215 nisi
529 2148 772 2215 matrimonium
796 2148 1055 2214 contraheretur.
1081 2184 1124 2192 -
1148 2147 1305 2213 Omnibus
1327 2146 1429 2230 igitur

98 2236 335 2315 consideratis,
360 2237 603 2304 matrimonium
627 2237 736 2303 Rosae
759 2258 831 2304 cum
856 2237 1019 2304 advocato
1042 2237 1098 2302 illo
1122 2240 1189 2315 est,
1213 2238 1332 2303 saltem
1355 2257 1427 2320 pro-

99 2326 272 2403 babiliter,
302 2346 345 2391 ex
374 2326 445 2411 ipso
468 2327 565 2393 titulo
588 2331 696 2393 metus
719 2326 881 2393 irritantis
904 2327 1038 2392 nullum.
1085 2326 1276 2392 Consentire
1299 2324 1430 2391 videtur

100 2416 256 2484 Roaset
278 2436 330 2500 op.
353 2413 440 2482 laud.
464 2437 495 2481 n.
522 2419 608 2482 1304
633 2416 760 2481 dicens:
789 2415 867 2494 ,Qui
886 2415 1056 2499 experitur
1070 2419 1203 2495 metum,
1227 2415 1300 2482 iniit
1315 2414 1429 2482 matri·

99 2505 263 2582 monium,
287 2509 325 2571 ut
348 2504 489 2571 declinet
512 2527 533 2571 a
554 2506 641 2571 malo
665 2505 751 2588 quod
774 2504 975 2584 reformidat,
1000 2505 1054 2571 vel
1077 2509 1115 2570 ut
1138 2505 1286 2571 excutiat
1308 2506 1429 2570 malum

101 2594 189 2679 quod
218 2591 284 2660 iam
307 2595 431 2660 suffert.
480 2594 551 2660 Hoc
575 2592 748 2678 dupliciter
772 2594 962 2677 contingere
985 2598 1112 2678 potest:
1143 2594 1196 2659 vel
1220 2594 1305 2660 enim
1330 2592 1379 2678 (1)
1402 2594 1430 2659 is

101 2684 159 2769 qui
189 2687 312 2749 metum
341 2682 480 2749 incussit
510 2682 587 2765 quin
617 2683 657 2748 de
686 2683 893 2750 matrimonio
924 2683 1137 2767 cogitaverit,
1168 2687 1284 2767 postea
1311 2683 1351 2749 de
1373 2683 1430 2749 illo

102 2771 256 2857 cogitans
286 2770 367 2837 illud
400 2773 496 2839 offert
528 2780 584 2836 out
616 2773 754 2838 oblatum
786 2795 807 2836 u
835 2776 975 2857 patiente
1006 2781 1120 2838 eranum
1151 2780 1289 2856 occeptat
1320 2775 1431 2837 erratri-

103 2865 266 2945 monium;
294 2860 347 2926 vel
371 2860 420 2942 (2)
444 2881 464 2927 a
493 2860 592 2927 tertio
623 2862 759 2928 offertur
788 2861 1040 2927 matrimonium.
1060 2914 1066 2926 .
1085 2913 1117 2928 ..
1164 2862 1204 2926 Iu
1226 2864 1331 2945 primo
1355 2883 1430 2926 cusu

101 2952 344 3019 matrimonium
365 2951 491 3016 videtur
514 2950 672 3015 irritum.“

194 3056 234 3123 R.
256 3058 287 3122 4.
326 3056 379 3121 Ex
401 3056 546 3122 narratis
568 3056 699 3122 videtur
722 3055 792 3122 erui
814 3076 911 3140 posse
934 3056 1055 3122 Rosam
1078 3054 1300 3138 impedimenti
1324 3061 1461 3125 metusa

103 3147 207 3232 probe
236 3144 338 3211 fuisse
366 3144 547 3223 consciam,
577 3145 736 3227 siquidem
760 3144 873 3212 statim
896 3150 972 3229 post
994 3144 1236 3211 matrimonium
1259 3144 1374 3210 initum
1399 3150 1432 3211 et

103 3236 197 3304 litem
221 3233 436 3318 compositam
457 3234 530 3317 agit
553 3234 593 3299 de
616 3235 686 3300 eius
709 3234 870 3301 nullitate.
910 3234 1049 3311 Quodsi
1071 3234 1120 3299 ita
1142 3238 1203 3312 est,
1228 3233 1325 3298 facile
1341 3233 1432 3299 dubi·

103 3324 171 3394 tari
193 3328 304 3408 potest
328 3344 405 3389 num
420 3323 509 3389 Rosa
528 3344 641 3388 verum
659 3344 852 3389 consensum
867 3323 1140 3389 matrimonialem
1157 3323 1292 3389 dederit.
1326 3322 1433 3399 Quare

103 3413 132 3481 si
157 3411 309 3479 examine
332 3412 422 3479 tacto
446 3412 487 3478 de
510 3412 639 3478 defectu
663 3412 732 3477 veri
757 3433 934 3479 consensus
957 3412 1152 3489 constiterit,
1176 3432 1218 3478 ex
1242 3411 1303 3477 hoc
1326 3413 1434 3496 capite

103 3502 207 3572 etiam
232 3501 354 3569 ce1tius
377 3501 542 3569 constabit
565 3503 605 3566 de
628 3501 826 3569 matrimonii
848 3501 1011 3568 nullitate.

196 3617 235 3684 R.
261 3619 291 3683 5.
334 3616 366 3683 Si
392 3620 501 3683 autem
525 3637 636 3682 sumas
658 3616 760 3696 litem,
785 3617 825 3683 de
848 3638 914 3699 qua
938 3618 1108 3700 agebatur,
1132 3617 1165 3681 in
1189 3616 1337 3683 favorem
1361 3616 1434 3681 Rufi

104 3708 173 3776 iam
203 3709 303 3773 antea
324 3705 452 3772 finitam
474 3705 592 3782 fuisse;
623 3707 677 3770 vel
700 3706 790 3773 litem
814 3706 933 3772 saltem
956 3707 1004 3774 ita
1028 3727 1100 3772 esse
1124 3707 1316 3789 productam
1340 3710 1377 3771 ut
1395 3705 1435 3772 de

104 3796 220 3862 futura
241 3794 382 3861 victoria
410 3795 476 3860 iam
503 3798 671 3861 constaret
693 3799 793 3878 atque
816 3816 917 3879 opera
940 3796 1091 3862 advocati
1116 3794 1252 3862 ulterior
1275 3794 1436 3860 evasisset

105 3885 173 3953 iam
204 3905 270 3950 uon
301 3885 505 3962 necessaria,
539 3889 715 3966 antequam
745 3884 989 3952 matrimonium
1020 3906 1056 3950 re
1085 3885 1157 3968 ipsa
1186 3885 1338 3949 iniretur:
1372 3884 1435 3948 dici

107 3974 208 4041 debet
236 3977 357 4040 metum
388 3994 524 4055 gravem
556 3994 718 4050 cessasse,
752 3995 792 4040 ac
821 3974 915 4057 proin
945 3976 985 4040 de
1016 3977 1105 4040 metu
1135 3978 1172 4039 ut
1203 3973 1434 4056 impedimento

106 4061 309 4130 matrimonii
343 4062 508 4129 dirimenti
539 4083 721 4128 sermonem
754 4064 894 4146 amplius
926 4084 999 4130 esse
1031 4085 1095 4130 non
1127 4083 1232 4145 posse.
1286 4062 1435 4128 Debebat

107 4152 195 4219 enim
225 4151 259 4217 in
282 4150 342 4219 tali
365 4172 443 4217 casu
466 4152 555 4217 Rosa
578 4156 692 4236 aperte
716 4152 884 4219 declarare
908 4174 944 4218 se
967 4153 1054 4218 nolle
1077 4150 1318 4217 matrimonium
1343 4149 1434 4227 inire,

107 4240 358 4328 promissionem
387 4240 528 4324 priorem
553 4262 589 4306 se
613 4262 656 4306 ex
678 4245 768 4308 metu
792 4241 918 4308 fecisse.
965 4242 1057 4319 Quod
1081 4242 1190 4306 lacere
1213 4241 1310 4323 plane
1334 4239 1434 4306 licuit.

108 4332 232 4410 Quare,
256 4329 285 4396 si
308 4329 533 4407 nihilominuS,
557 4331 654 4396 rebus
677 4331 725 4398 ita
748 4331 928 4406 stantibuS,
954 4352 1063 4397 eoram
1087 4329 1236 4395 Ecclesia
1259 4329 1435 4401 contraxit,

108 4421 168 4488 vix
198 4418 392 4486 admittetur
421 4424 536 4502 postea
567 4419 637 4484 eius
660 4420 829 4485 excusatio
861 4441 896 4484 se
920 4439 962 4484 ex
985 4425 1073 4487 metu
1098 4418 1301 4484 consensisse
1324 4418 1376 4483 vel
1400 4438 1436 4484 se

107 4510 275 4578 internum
299 4529 493 4574 consensum
516 4529 581 4573 non
604 4508 742 4575 dedisse.
782 4508 1010 4586 Nihilominus,
1035 4507 1063 4573 si
1086 4507 1186 4574 ctiam
1205 4512 1273 4573 tum
1290 4510 1437 4572 internus

109 4618 288 4667 consensus
318 4597 440 4674 abfuit,
471 4597 712 4663 matrimonium
743 4597 882 4663 corruit:
914 4598 970 4662 sed
1002 4596 1059 4662 vix
1082 4597 1169 4663 aliud
1193 4603 1262 4665 tum
1287 4596 1436 4673 restabit,

109 4689 173 4756 nisi
196 4694 243 4761 ut,
268 4707 428 4753 consensu
452 4707 531 4752 vero
555 4686 642 4764 dato,
668 4686 812 4752 validum
835 4686 1000 4752 reddatur.
