3044 5174
134 291 198 353 524
612 284 815 339 Sacramentum
835 284 1008 338 matrimonii.

133 464 168 545 2)
192 463 232 529 de
254 463 346 546 prole
369 464 524 528 universa
543 462 575 527 in
592 460 753 528 catholica
768 460 927 543 religione
942 460 1127 536 educanda;
1152 466 1189 528 ut
1204 482 1284 546 pare
1300 463 1463 530 catholica

133 549 235 618 addat
258 553 293 635 3)
316 572 352 617 se
375 573 434 635 pro
457 551 581 616 viribus
603 554 790 616 curaturam
815 570 888 615 esse
911 549 1048 615 alterius
1071 549 1176 634 partis
1200 553 1462 619 conversionem:

133 661 218 723 quae
241 640 349 706 cautio
372 661 439 723 qua
455 640 566 705 forma
588 640 632 706 sit
648 639 764 715 danda,
788 638 1026 704 ordinariorum
1042 644 1095 705 est
1109 641 1345 722 praescribere,
1371 642 1463 707 dum-

133 731 228 795 modo
245 729 415 796 moraliter
430 733 572 796 certast
587 749 703 794 secura
719 728 876 793 reddatur
892 727 962 793 eius
978 729 1156 794 exsecutio.
1180 729 1212 793 N
1215 751 1270 794 um
1286 730 1463 812 aliquando

133 819 174 884 cb
198 819 412 902 gravissimas
436 838 553 885 causas
577 818 658 882 haec
682 817 789 882 danda
812 816 921 883 cautio
944 817 1050 900 possit
1074 818 1201 894 omitti,
1226 818 1272 884 δ’·
1294 819 1391 886 Sedis
1413 826 1464 887 cst

133 908 286 974 iudicare.
334 907 538 1018 Gasparri
562 907 583 972 l.
608 927 634 972 c.
661 928 691 971 n.
716 909 792 973 452.
818 909 891 971 453.

72 1014 124 1067 911
222 1005 261 1070 R.
280 1009 309 1071 3.
343 1005 544 1071 Causae't
483 1005 544 1087 igit
545 1025 584 1069 ur
600 1005 641 1069 ob
657 1025 739 1086 quas
755 1004 922 1087 dispenset
923 1024 962 1068 ur
977 1023 999 1070 a
1013 1003 1087 1086 lege
1102 1004 1329 1072 ecclesiastica
1350 1007 1463 1073 matri-

134 1095 243 1160 monia
266 1095 371 1160 mixta
394 1094 594 1178 prohibente,
619 1097 756 1195 possunt
779 1113 852 1159 esse
875 1092 1024 1194 publicae
1045 1093 1100 1157 vel
1122 1093 1285 1177 privatae.
1324 1095 1464 1162 Causam

134 1183 297 1267 publicam
320 1204 378 1248 seu
401 1204 492 1268 spem
517 1182 627 1264 magni
649 1182 725 1247 boni
746 1182 926 1247 communis
942 1203 1014 1247 esse
1030 1202 1163 1249 oausam
1178 1184 1310 1249 omnino
1326 1205 1464 1268 manem

135 1277 169 1338 et
201 1271 417 1338 sufficientem
450 1276 559 1356 patet:
594 1292 677 1352 qnae
709 1271 839 1354 publica
871 1291 971 1337 causa
1002 1270 1077 1336 olim
1111 1271 1183 1337 sola
1214 1272 1463 1342 admittebatur.

135 1360 230 1426 Nunc
254 1365 312 1426 aut
314 1381 364 1425 em
389 1383 431 1427 ex
455 1361 562 1426 causis
585 1361 685 1426 etiam
709 1362 819 1444 privat
820 1359 848 1424 is
872 1359 1073 1443 dispensatio
1097 1361 1295 1429 conceditur.
1339 1363 1464 1430 Causae

135 1470 214 1514 vero
238 1449 389 1533 privatae
412 1451 622 1532 requiruntur
644 1471 725 1515 sane
749 1469 885 1532 graves:
917 1469 1017 1533 quae,
1049 1452 1087 1516 ut
1116 1470 1217 1533 supra
1247 1450 1370 1517 dictum
1403 1456 1462 1531 est,

135 1543 272 1624 possunt
296 1540 457 1606 exsistere
480 1561 521 1604 ex
545 1544 640 1623 parte
664 1538 887 1614 concedentis,
919 1538 981 1605 etsi
1011 1559 1076 1603 non
1106 1538 1271 1607 exsistant
1301 1560 1345 1606 ex
1369 1546 1464 1625 parte

135 1627 279 1711 petentis
301 1649 359 1694 seu
383 1650 425 1694 ex
449 1634 543 1713 parte
566 1649 768 1712 sponsorum.

225 1726 264 1792 R.
287 1731 318 1792 4.
357 1726 465 1804 Quare
489 1747 546 1810 per
569 1747 604 1790 se
628 1725 756 1807 quidem
782 1731 920 1809 peccant
943 1725 1064 1810 sponsi,
1089 1725 1145 1808 qni
1165 1725 1236 1792 sine
1251 1746 1354 1794 causa
1369 1729 1463 1811 gravi

136 1815 412 1899 dispensationem
442 1816 483 1881 ad
515 1815 688 1881 ineundum
718 1813 961 1880 matrimonium
994 1815 1132 1882 mixtum
1167 1818 1300 1900 petunt,
1334 1817 1465 1885 etiamsi

136 1904 305 1971 cautiones
334 1904 376 1970 ab
399 1904 548 1970 Ecclesia
571 1905 758 1987 postulatae
782 1905 909 1969 intuto
933 1904 1061 1988 positae
1084 1902 1166 1981 sint,
1200 1905 1314 1988 etqui
1346 1906 1462 1973 timore

135 1993 268 2060 maioris
298 1993 375 2059 mali
405 1993 589 2077 superiores
619 1997 753 2058 movent
782 1992 823 2058 ad
852 1992 1128 2077 dispensationem
1154 1992 1365 2062 nihilominus
1386 2017 1463 2063 con-

137 2082 324 2149 cedendam.
356 2082 479 2148 Verum
502 2081 672 2166 prudentis
696 2080 886 2148 confessarii
902 2087 936 2149 et
951 2081 1086 2167 parochi
1102 2084 1153 2148 est
1169 2083 1281 2149 videre
1297 2105 1465 2168 quousque

137 2172 224 2256 apud
247 2193 394 2256 sponsos,
419 2171 474 2254 qui
497 2170 591 2237 mixti
609 2170 806 2238 matrimonii
823 2171 1023 2255 propositum
1041 2176 1268 2255 conceperunt,
1293 2172 1326 2239 id
1347 2194 1465 2258 urgere

136 2260 240 2344 possit
275 2261 328 2325 vel
361 2260 496 2337 debeat,
529 2281 570 2325 ne
601 2258 687 2327 forte
719 2280 760 2325 ex
793 2266 928 2343 peccato
963 2260 1126 2327 materiali
1159 2261 1298 2327 formale
1330 2263 1464 2331 efficiat.

137 2349 287 2415 Ceterum
311 2350 441 2432 quando
463 2349 534 2433 ipse
557 2349 721 2433 supplices
744 2349 873 2415 litteras
897 2371 955 2433 pro
978 2349 1128 2416 habenda
1156 2349 1402 2434 dispensatione
1425 2352 1464 2418 ad

137 2439 322 2522 superiores
345 2439 422 2504 eccl.
447 2438 568 2521 dirigit,
593 2438 621 2502 si
644 2438 750 2503 minor
773 2442 824 2503 est
840 2459 938 2504 cansa
962 2460 1003 2504 ex
1020 2442 1115 2523 parte
1132 2460 1338 2523 sponsorum,
1364 2441 1465 2526 ipsius

137 2532 189 2593 est
218 2526 338 2593 addere
367 2527 453 2593 hunc
483 2527 649 2605 timorem,
683 2527 711 2591 si
741 2528 921 2605 exstiterit,
955 2549 996 2592 ne
1026 2527 1190 2610 denegata
1219 2527 1464 2612 dispensatione

137 2636 190 2681 res
214 2616 305 2700 peior
327 2618 395 2683 fiat.
432 2617 481 2682 De
497 2621 607 2683 cetero
624 2636 742 2682 causae
758 2616 828 2681 sive
852 2637 893 2682 ex
918 2637 954 2682 se
976 2617 1047 2682 sive
1071 2638 1143 2682 cum
1167 2617 1240 2683 aliis
1264 2618 1464 2686 coniunctim

137 2705 244 2771 iustae
274 2709 365 2770 sunt:
400 2705 644 2790 impossibilitas
675 2705 814 2771 habendi
850 2705 947 2771 alium
980 2727 1153 2791 sponsum3
1186 2705 1271 2774 ratio
1304 2708 1464 2774 educandi

136 2795 221 2859 filios
244 2816 287 2860 ex
310 2796 515 2860 matrimonio
538 2795 643 2860 mixto
667 2799 772 2861 morte
791 2795 967 2878 compartis
990 2796 1108 2873 soluto,
1132 2795 1187 2878 qui
1203 2796 1287 2862 alias
1303 2798 1464 2864 catholice

137 2884 194 2948 vix
218 2884 458 2959 educabuntur;
483 2884 618 2950 violatio
644 2885 771 2967 puellae
794 2883 902 2960 facta;
927 2883 1054 2951 similia.

227 2982 265 3046 R.
283 2987 313 3047 5.
346 2981 554 3065 Dispensatio
569 2981 626 3048 illa
641 2981 773 3047 ineundi
788 2981 986 3048 matrimonii
1001 2982 1095 3047 mixti
1112 2987 1302 3049 reservatur
1317 2983 1362 3048 S“
1379 2983 1463 3059 Sedi,

137 3070 185 3135 ita
209 3076 246 3136 ut
270 3070 423 3136 ordinarii
447 3071 517 3136 iure
541 3071 671 3155 proprio
695 3070 887 3138 facultatem
911 3071 1118 3155 dispensandi
1142 3093 1206 3136 non
1230 3072 1384 3148 habeant,
1408 3072 1464 3138 sed

137 3159 307 3241 indigeant
329 3160 501 3243 privilegio
517 3182 538 3225 a
554 3161 586 3227 S.
604 3161 687 3226 Sede
706 3164 860 3242 accepto:
886 3161 971 3241 quod
992 3161 1025 3224 in
1047 3160 1233 3243 regionibus
1248 3160 1364 3227 mixtis
1379 3161 1465 3227 inter

138 3249 395 3331 quinquennales
418 3249 595 3315 facultates
619 3249 727 3314 solent
750 3248 903 3332 recipere.
952 3249 1153 3333 Gasparri
1177 3251 1198 3316 l.
1224 3271 1251 3316 c.
1276 3272 1307 3318 n.
1332 3254 1408 3316 451.

77 3391 129 3446 912
226 3372 280 3436 An
296 3393 486 3448 ouansrrnu
504 3375 542 3436 3¹⁰
558 3373 596 3438 R.
618 3375 645 3439 1.
685 3371 955 3454 impedimentum
974 3373 1175 3455 sponsalium
1199 3372 1315 3439 nititur
1338 3374 1371 3439 in
1395 3375 1464 3439 iure

138 3461 292 3539 naturali,
317 3461 402 3543 quod
419 3461 528 3544 sponsi
545 3466 657 3526 mutuo
674 3460 919 3543 acquisiverunt
934 3460 975 3526 ad
992 3461 1189 3545 implendam
1205 3463 1463 3546 promissionem.

138 3555 172 3617 et
196 3551 281 3632 quod
303 3550 546 3615 matrimonium
577 3572 649 3616 cum
678 3550 776 3616 tertio
801 3549 918 3615 reddat
940 3550 1098 3617 illicitum.
1145 3551 1352 3635 Quapropter
1376 3575 1462 3618 com-

138 3640 279 3706 muniter
302 3660 366 3704 non
391 3643 442 3704 est
464 3638 640 3723 superioris
663 3638 885 3716 ecclesiastici,
910 3638 970 3704 hac
992 3640 1024 3704 in
1040 3661 1076 3705 re
1092 3641 1270 3707 concedere
1285 3641 1463 3717 licentiam,

138 3729 215 3811 quia
238 3728 288 3793 ius
311 3728 506 3810 acquisitum
530 3728 667 3794 aliorum
692 3733 816 3793 sartum
842 3733 962 3795 tectum
987 3729 1113 3794 servari
1138 3730 1243 3796 debet.

229 3826 265 3891 R.
292 3829 323 3891 2.
369 3825 588 3891 Nihilominus
619 3826 767 3891 accidere
799 3831 909 3909 potest
941 3831 978 3892 ut
1007 3827 1156 3909 superior
1187 3827 1372 3905 Ecclesiae,
1406 3829 1465 3893 im·

139 3915 251 3999 primis
280 3937 452 3999 supremus
479 3914 646 3980 Ecclesiae
676 3920 805 3998 pastor,
837 3916 887 3980 ius
918 3915 1082 3998 privatum
1112 3916 1217 4001 possit
1243 3917 1464 3999 exstinguere.

138 4005 171 4070 id
187 4005 345 4071 suadente
361 4005 413 4070 vel
430 4005 618 4088 postulante
637 4026 737 4070 causa
755 4004 921 4086 religionis
942 4004 1135 4088 publicaque
1154 4005 1308 4073 utilitate.
1344 4007 1464 4084 Quodsi

139 4094 405 4160 circumstantiae
420 4094 487 4159 sint
503 4093 670 4169 eiusmodi,
697 4115 848 4177 supremo
864 4093 981 4159 iudicio
996 4093 1083 4158 illius
1099 4093 1208 4178 priora
1224 4096 1392 4179 sponsalia
1408 4116 1465 4161 ex·

139 4183 261 4265 stingui
286 4189 386 4265 atque
409 4183 492 4249 alius
516 4183 714 4248 matrimonii
738 4182 952 4249 contrahendi
976 4183 1118 4249 facultas
1141 4184 1212 4250 dari
1235 4190 1384 4268 possunt.

228 4281 266 4346 R.
292 4285 322 4346 3.
361 4281 470 4362 Magis
493 4280 592 4346 etiam
615 4281 648 4345 id
672 4280 799 4345 obtinet
813 4281 846 4345 in
862 4281 959 4345 dubio
975 4286 1084 4346 utrum
1102 4281 1268 4347 exstiterit
1289 4302 1348 4365 pro
1364 4283 1464 4348 alter·

139 4374 213 4435 utro
243 4391 435 4453 sponsorum
466 4390 565 4434 causa
596 4390 616 4435 a
641 4369 847 4453 sponsalibus
870 4370 960 4436 initis
983 4369 1171 4445 recedendi,
1203 4371 1332 4436 etiamsi
1360 4372 1465 4438 altera

138 4479 216 4542 pars
244 4460 397 4524 recedere
421 4459 512 4527 nolit.
558 4459 648 4535 Quod
679 4458 900 4524 ecclesiastico
930 4459 1047 4523 iudicio
1077 4464 1178 4541 atque
1207 4481 1361 4544 suprema
1392 4483 1465 4526 sen·

139 4548 244 4613 tentia
268 4548 392 4613 definiri
416 4551 535 4631 potest.
583 4548 672 4624 Quae
695 4548 857 4612 iudicandi
888 4548 1029 4613 facultas
1059 4569 1117 4632 pro
1142 4548 1279 4614 diversis
1303 4551 1464 4617 condicio·

139 4635 234 4700 nibus
251 4638 301 4701 vel
326 4639 367 4702 ab
391 4638 553 4703 ordinario
577 4637 723 4702 exerceri
747 4642 856 4720 potest
872 4638 924 4701 vel
948 4658 1074 4702 summo
1099 4638 1242 4720 pontifici
1266 4640 1465 4706 reservanda
