3044 5174
453 297 572 351 Ministri
590 297 711 367 probitas
729 312 779 351 aeu
796 299 886 351 status
905 296 1019 366 gratiae.
1353 301 1395 366 19

10 464 27 560 ‚f
154 474 197 540 R.
224 476 255 540 2.
289 471 323 538 si
347 475 457 537 tamen
488 470 595 537 tristis
624 471 734 554 lapsus
766 471 937 549 acciderit,
968 494 1063 557 quom
1092 476 1231 558 primum
1262 475 1396 541 studeat

12 568 24 617 l
67 563 136 629 sive
171 583 234 646 per
266 561 507 627 confessionem
536 559 607 624 sive
636 581 697 643 per
727 561 909 643 perfectam
943 561 1170 627 contritionem
1204 562 1237 626 in
1270 567 1393 630 statum

10 637 18 721 i
66 654 200 735 gratiam
223 651 332 716 redire
356 670 461 732 neque
484 669 543 732 per
566 670 663 714 unam
687 649 802 715 horam
825 649 914 716 sinat
936 671 972 715 se
996 650 1028 715 in
1051 654 1142 716 statu
1166 652 1294 734 peccati
1316 652 1395 718 hae·

16 732 31 815 i
67 762 150 808 rere.
201 741 386 808 Secundum
408 738 542 805 Rituale
564 737 657 803 Rom.
693 739 896 816 „meminisse
921 739 1018 806 debet
1047 761 1083 804 se
1108 741 1193 805 omni
1217 742 1288 807 fere
1310 745 1395 807 tem-

11 832 15 839 '
67 832 157 915 poris
192 832 359 895 momento
391 829 433 893 ad
466 830 535 893 tarn
568 832 703 892 sanotae
738 828 1031 895 administrationis
1066 828 1208 895 officium
1242 834 1396 914 paratum

10 918 16 1013 Ι
68 941 139 988 esse
165 922 355 1004 oportere“.

10 1076 17 1107 ,
157 1026 200 1094 R..
218 1028 250 1093 3.
281 1024 316 1091 Si
339 1028 415 1109 post
437 1023 565 1106 lapsum
588 1023 753 1088 infelicem
772 1029 850 1090 ante
866 1028 1095 1107 recuperatum
1119 1029 1243 1091 statum
1266 1026 1396 1108 gratiae

10 1136 13 1175 ε
69 1137 110 1183 ex
133 1115 307 1199 inopinato
331 1114 373 1179 ad
389 1116 597 1178 sacramenta
613 1113 811 1178 conferenda
827 1117 972 1190 vocetur,
998 1117 1155 1195 quantum
1178 1114 1245 1180 fert
1267 1120 1397 1200 tempus

10 1186 21 1221 '
69 1208 103 1271 et
123 1205 323 1280 necessitas,
347 1206 482 1268 conetur
504 1201 623 1267 saltem
646 1201 678 1266 in
695 1201 750 1267 via
774 1208 883 1268 actum
904 1202 1110 1269 contritionis
1134 1203 1251 1269 elicere
1274 1205 1396 1270 Deum-

10 1254 15 1323 Ρ
69 1313 131 1377 que
155 1293 201 1360 ad
223 1293 258 1358 id
280 1291 409 1376 gratiae
432 1289 589 1356 auxilium
614 1311 656 1356 ex
679 1291 776 1356 corde
799 1312 934 1373 rogare:
959 1292 1045 1374 quod
1069 1291 1097 1356 si
1120 1292 1232 1369 faciat,
1256 1314 1320 1358 non
1345 1301 1397 1361 est

10 1342 30 1457 ,ἲ
68 1382 253 1450 timendum
286 1403 327 1447 ne
357 1401 393 1446 se
414 1400 501 1445 novo
523 1384 660 1463 peceato
684 1379 887 1462 coinquinet;
919 1402 995 1446 nam
1019 1381 1197 1446 secundum
1221 1381 1253 1448 S.
1278 1382 1395 1467 Alph.

10 1464 12 1531 i
67 1474 90 1539 l.
112 1494 140 1539 c.
174 1494 208 1538 n.
242 1473 284 1536 34
315 1469 398 1536 satis
427 1472 480 1535 est
513 1468 605 1544 „elici
635 1469 864 1535 contritionem
894 1470 1109 1554 probabiliter
1139 1471 1394 1544 existimatam&

10 1590 12 1619 ε
69 1561 155 1646 quod
180 1560 306 1626 homini
329 1562 450 1625 sincere
474 1559 519 1622 od
541 1558 646 1623 Deum
674 1560 782 1625 redire
804 1561 917 1625 volenti
946 1559 1146 1643 impossibile
1169 1581 1234 1626 non
1258 1565 1325 1638 est,
1357 1582 1396 1626 eo

10 1684 22 1727 ι
69 1652 152 1734 quod
166 1651 260 1716 Deus
272 1648 394 1714 homini
410 1646 535 1731 petenti
553 1650 587 1711 et
599 1646 734 1714 facienti
751 1648 837 1729 quod
854 1651 906 1713 est
922 1648 956 1712 in
968 1669 1004 1713 se
1021 1648 1131 1731 gratia
1147 1669 1207 1714 sua
1223 1671 1288 1715 non
1301 1650 1395 1716 desit.

156 1740 214 1805 Ex
237 1738 279 1803 iis
302 1757 386 1821 quae
401 1736 498 1801 modo
515 1735 618 1801 fusius
635 1736 723 1801 dicta
738 1739 816 1802 sunt
831 1737 928 1802 facile
943 1738 1053 1802 solves
1070 1760 1179 1804 ccccm
1194 1742 1395 1821 sequentem.

10 1770 22 1813 a

11 1888 34 2009 i
272 1936 485 2003 MINISTER
508 1937 555 2002 IN
579 1936 722 2003 STATU
745 1937 928 2002 PECCATI
950 1936 1201 2007 EXSISTENS.

649 2095 759 2161 Gasus.
780 2102 820 2171 (9)

10 2208 28 2323 Ι)
160 2237 259 2299 Carus
281 2235 429 2314 parochus
450 2232 610 2293 infeliciter
629 2233 732 2310 lapsus
753 2254 807 2311 per
827 2240 890 2294 tres
912 2255 1006 2294 annos
1020 2236 1118 2295 haesit
1138 2236 1169 2295 in
1190 2242 1314 2313 peceato
1335 2257 1398 2297 suo.

72 2319 197 2380 Interim
218 2324 321 2377 tamen
342 2315 441 2375 omnia
461 2333 584 2373 munera
605 2314 788 2391 parochialia
809 2320 840 2373 et
861 2316 1058 2376 sacerdotalia
1089 2317 1183 2376 obivit
1211 2318 1397 2387 celebrando,

10 2366 27 2495 d
73 2403 264 2459 scemmenta
290 2395 501 2464 ministrando,
531 2394 744 2466 contionando,
774 2395 918 2454 exercitia
940 2396 1105 2456 devotionis
1126 2397 1328 2474 pomeridiana
1347 2399 1398 2457 ha·

10 2538 34 2581 ι

14 2520 17 2525 -
72 2479 166 2572 heudo
188 2477 438 2616 etiamdexposito
459 2496 499 2534 ss.
522 2479 727 2546 sacramento,
748 2476 945 2535 matrimoniis
966 2477 1153 2547 assistendo,
1176 2478 1398 2538 benedictiones

10 2696 12 2701 .
71 2576 394 2716 vmailrinidnddmum
416 2644 514 2720 gratia
527 2648 636 2715 taetris,
659 2663 726 2702 sese
748 2663 813 2702 cum
828 2645 892 2703 Deo
913 2643 1106 2704 reconciliare
1121 2646 1218 2722 cupit;
1239 2647 1292 2706 sed
1313 2668 1398 2725 quoe·

72 2733 150 2789 riter
171 2727 319 2805 quomodo
350 2725 500 2802 explicare
528 2730 558 2783 et
579 2743 751 2783 enumcrare
772 2723 878 2783 debeat
899 2725 1056 2801 sacrilegia
1078 2745 1148 2798 sua,
1177 2732 1210 2786 ut
1236 2732 1396 2805 praecepto

72 2807 272 2869 confessionis
295 2805 484 2889 satisfaciat?

10 3016 27 3059 ί
669 2953 804 3021 Salutio.

10 3114 24 3175 t
161 3101 216 3166 Ar>
240 3117 430 3175 onnusrruu
447 3096 486 3161 n.
507 3099 535 3162 1.
566 3095 645 3160 Cum
668 3095 796 3159 dicatur
812 3094 913 3159 Carus
936 3094 1094 3159 mansisse
1115 3094 1149 3158 in
1173 3099 1314 3180 peccato·
1328 3114 1441 3173 suant

72 3189 235 3256 inutiliter
258 3187 426 3268 quaeritur
448 3206 525 3249 num
550 3189 628 3250 ante
644 3189 922 3249 sacramentorum
940 3183 1256 3250 administrationem
1280 3185 1398 3250 saltem

13 3276 31 3333 ²
72 3301 129 3364 per
152 3275 383 3345 contritionem
406 3275 588 3358 perfectam
611 3294 683 3338 sese
707 3294 779 3338 curn
803 3275 872 3337 Deo
896 3272 1167 3340 reconciliaverit.
1213 3275 1303 3351 Quod
1327 3274 1399 3356 qui·

73 3370 146 3435 dem
161 3368 197 3432 in
212 3365 322 3447 rigore
338 3363 468 3440 sufficit,
486 3363 513 3427 si
530 3362 692 3445 excipitur
707 3384 750 3427 ss.
768 3362 887 3426 missae
904 3361 1096 3427 sacrificium
1116 3363 1398 3445 eucharistiaeque

72 3456 227 3541 sumptio.
261 3455 325 3519 Sed
349 3474 421 3518 eum
445 3454 547 3518 Carus
571 3452 668 3517 etiam
695 3451 860 3516 celebrare
884 3451 953 3516 sine
977 3451 1181 3517 confessione
1204 3453 1397 3536 perrexerit,

71 3549 104 3613 id
127 3545 212 3613 satis
235 3542 381 3609 ostendit
416 3563 521 3624 neque
554 3540 758 3607 contritionis
789 3544 941 3606 conatum
973 3540 1117 3605 adfuisse
1147 3563 1253 3624 neque
1284 3563 1398 3607 veram

16 3626 27 3645 “
72 3643 106 3705 et
129 3635 293 3701 sinceram
323 3631 568 3706 contritionem,
600 3633 713 3713 utpote
736 3650 821 3711 quae
843 3629 887 3696 sit
910 3629 1118 3712 impossibilis
1142 3631 1212 3695 sine
1234 3652 1316 3696 vera
1339 3652 1398 3695 vo-

13 3726 26 3759 ‘
71 3727 203 3793 luntate
235 3721 373 3788 cavendi
403 3721 437 3784 in
470 3723 635 3803 posterum
669 3740 689 3784 a
722 3718 837 3801 quovis
869 3723 1004 3801 peccato
1037 3720 1148 3800 gravi:
1186 3742 1263 3785 nam
1295 3741 1398 3803 grave

71 3817 247 3901 peccatum
270 3817 322 3877 est
344 3831 403 3894 per
427 3830 463 3874 se
486 3809 652 3874 celebrare
675 3813 750 3891 post
773 3813 943 3891 peccatum
967 3829 1071 3889 grave
1096 3810 1301 3874 commissum
1321 3816 1398 3877 ante

15 3874 37 3977 i
71 3907 242 3988 receptam
264 3899 534 3966 sacramentalem
559 3898 806 3963 absolutionem.

163 4018 205 4084 R.
224 4019 255 4080 2.
287 4015 339 4079 Ex
362 4019 461 4080 antea
484 4013 580 4079 dictis
604 4013 686 4077 satis
702 4012 868 4096 probabile
894 4015 945 4076 est
969 4013 1108 4077 mortale
1124 4014 1332 4095 sacrilegium
1357 4016 1398 4079 ab

76 4131 115 4176 eo
138 4107 197 4191 qui
221 4105 255 4169 in
272 4108 363 4171 statu
379 4104 506 4186 peccati
530 4103 693 4167 exsistens
716 4123 827 4166 sacras
850 4101 1035 4166 functiones
1058 4107 1198 4184 peragat
1221 4125 1285 4167 non
1310 4125 1398 4167 com-

22 4237 27 4242 ·
72 4198 169 4277 mitti,
194 4194 258 4260 nisi
282 4198 402 4275 agatur
425 4193 464 4258 de
489 4193 691 4258 confectione
715 4196 996 4256 sacramentorum
1020 4212 1040 4255 a
1061 4191 1209 4256 ministro
1233 4215 1296 4276 quc
1320 4213 1398 4255 con·

16 4314 34 4389 ξ
73 4291 205 4356 secrato
222 4282 370 4351 oriunda.
402 4281 522 4346 Hinca
546 4281 676 4346 mortali
701 4279 873 4361 sacrilegio
896 4280 1111 4362 probabiliter
1129 4281 1287 4345 immunes
1304 4285 1397 4346 sunt:

161 4385 197 4464 a)
221 4379 366 4462 liturgici
390 4383 483 4444 actus
506 4379 671 4444 variarum
695 4377 972 4451 benedictionum

22 4478 36 4559 l
160 4475 195 4554 b)
220 4469 381 4536 exercitia
403 4468 537 4551 pietatis
560 4468 698 4551 publiea,
724 4468 823 4532 etiam
848 4488 919 4530 curn
937 4466 1087 4547 exposito
1111 4488 1154 4533 ss.
1172 4470 1396 4543 sacramento;

159 4565 192 4645 o)
216 4561 317 4626 immo
341 4558 413 4641 ipsa
436 4579 550 4623 sacrae
575 4557 807 4622 communionis
832 4555 1031 4630 distributim

156 4654 191 4735 d)
217 4647 390 4716 contiones
412 4668 569 4712 sacraeve
592 4646 843 4720 instructiones;
