3044 5174
303 254 430 309 Minister
448 255 550 326 paenit.
570 258 603 292 -⁴
623 253 682 308 eius
700 254 860 324 approbatio
879 257 907 309 at
924 254 1082 310 iurisdictio.
1290 259 1354 322 239

115 431 156 499 R.
183 434 215 499 2.
246 431 398 513 cogitare
422 452 480 496 seu
502 430 655 496 meditari
677 452 736 515 per
759 436 889 516 tempus
912 431 1151 516 praescriptum
1167 432 1207 497 de
1223 431 1356 516 propria

17 520 235 604 indignitate,
261 525 351 587 certe
374 521 408 585 in
430 542 467 586 se
490 520 648 604 optimum
673 525 725 587 est
748 521 939 586 exercitium
963 525 1063 603 atque
1085 542 1144 605 pro
1168 542 1354 587 sacramen-

19 611 85 677 tali
110 609 341 677 satisfactione
364 630 444 675 sane
467 614 578 693 potest
601 609 731 693 imponi.
773 609 836 675 Sed
860 609 972 675 videre
995 610 1204 675 nihilominus
1227 611 1355 677 Cassia·

21 721 86 765 nus
120 699 249 777 debuit,
281 699 398 781 quibus
427 699 461 764 id
489 699 649 782 iniungat.
696 697 771 763 Nisi
801 698 887 764 enim
909 698 1034 766 fuerint
1063 719 1240 783 personae,
1272 721 1355 782 quac

22 792 183 855 assuetae
198 788 266 855 sint
281 788 323 854 ad
340 787 572 864 meditandum,
590 809 647 853 eas
663 787 793 853 sibimet
808 787 876 853 suis
892 788 1146 870 cogitationibus
1161 789 1354 871 relinquere,

22 877 268 962 imprudentiae
293 882 359 948 est:
385 877 461 960 quia
483 877 563 942 nihil
587 876 780 960 cogitabunt
802 898 907 960 neque
923 879 1093 944 reflectere
1109 883 1257 961 possunt.
1290 880 1356 944 De-

23 969 130 1034 bebat
151 967 192 1032 iis
215 966 324 1050 potius
347 966 516 1048 iniungere
540 971 664 1033 certam
680 967 856 1032 lectionem
879 967 977 1051 piam,
1003 988 1087 1049 quae
1111 968 1195 1033 hauc
1218 967 1356 1033 hominis

24 1056 260 1140 indignitatem
284 1059 361 1140 apte
385 1060 539 1139 exponat.

117 1162 158 1229 R.
184 1165 215 1228 3.
262 1161 375 1239 Quoad
405 1183 516 1228 casum
541 1161 706 1228 Ouniberti
736 1182 796 1245 per
826 1182 862 1226 se
893 1162 1022 1245 quidem
1052 1166 1087 1228 et
1117 1161 1279 1229 obiective
1308 1163 1356 1227 lo-
1365 1170 1418 1224 413

27 1252 157 1334 quando
182 1252 240 1316 vix
263 1251 396 1316 dubium
426 1255 494 1329 est,
525 1251 603 1332 quin
633 1250 790 1317 deiecerit
819 1250 854 1315 in
883 1250 1102 1336 persolvenda
1130 1251 1382 1317 satisfactione·

27 1339 274 1407 sacramentali.
320 1340 408 1406 Nam
438 1340 570 1406 litanias
599 1339 746 1422 aliasque
776 1360 890 1424 preces
922 1340 1159 1406 determinatas
1188 1361 1209 1404 a
1232 1340 1357 1406 confes-

29 1431 117 1496 sario
140 1429 307 1496 iniunctae
338 1430 450 1497 debuit
472 1429 634 1496 vocaliter
662 1429 813 1496 recitare.
859 1430 1035 1508 Attamen,
1066 1429 1121 1495 ubi
1152 1429 1358 1513 paenitentes

29 1539 144 1603 preces
168 1520 217 1585 ita
240 1518 428 1601 persolvere
450 1521 565 1603 colent,
596 1517 680 1584 sumi
710 1518 808 1585 debet
837 1518 1072 1584 confessarium
1104 1540 1214 1585 eorum
1239 1519 1358 1602 agendi

31 1609 192 1675 rationem
217 1628 314 1672 nosse
337 1628 442 1690 neque
465 1609 608 1674 voluisse
632 1608 787 1691 precandi
810 1608 939 1673 modurn
964 1607 1063 1674 alium
1087 1607 1271 1692 imponere,
1296 1607 1358 1673 nisi

31 1697 61 1762 id
84 1718 244 1782 expresse
268 1697 398 1764 dixerit.
423 1736 467 1745 -
490 1697 693 1763 Exercitium
718 1695 791 1762 viae
815 1697 921 1763 crucis
936 1701 1046 1763 autem
1062 1697 1127 1763 iam
1152 1718 1194 1761 ex
1210 1718 1246 1763 se
1262 1697 1359 1763 Cuni-

31 1788 145 1854 bertus
169 1786 253 1852 satis
278 1786 385 1852 valide
408 1786 546 1871 peregit.
593 1787 672 1852 Cum
704 1787 789 1851 enim
820 1808 862 1852 ex
891 1786 1093 1871 praescripto
1118 1787 1286 1852 Ecclesiae
1316 1787 1358 1852 ad

32 1875 209 1942 lucrandas
232 1875 307 1941 viae
331 1877 436 1941 crucis
459 1875 679 1959 indulgentias
702 1875 890 1957 requiratur
905 1879 939 1940 et
955 1876 1109 1953 sufficiat,
1133 1880 1170 1941 ut
1186 1876 1227 1941 ad
1246 1875 1358 1958 singu-

30 1966 79 2031 las
95 1965 260 2031 stationes
275 1964 436 2047 corporali
452 1969 543 2031 motu
559 1963 676 2047 aliquis
699 1985 772 2030 sese
788 1964 968 2030 transferat
991 1969 1025 2031 et
1039 1964 1158 2030 ibidem
1174 1965 1358 2047 passionem

32 2054 227 2121 dominicam
251 2057 361 2119 mente
384 2055 500 2119 volvat
523 2075 580 2119 seu
604 2054 789 2131 meditetur,
814 2053 884 2118 sine
908 2053 982 2118 ullis
1004 2054 1155 2137 precibus
1180 2053 1358 2129 vocalibus,

32 2142 178 2210 sufficiet
200 2143 318 2220 etiam,
349 2141 421 2227 pios
444 2143 582 2210 affectus
615 2147 649 2214 et
672 2164 801 2226 preces,
834 2163 917 2226 quae
941 2143 983 2207 ad
1007 2142 1229 2210 meditandum
1261 2147 1359 2226 aptae

31 2238 119 2310 sunt,
145 2253 188 2298 ex
211 2231 293 2298 libro
310 2232 412 2297 oculis
430 2232 572 2299 lustrare
596 2236 629 2297 et
645 2236 755 2298 mente
778 2231 929 2308 volvere;
954 2235 1054 2314 atque
1075 2232 1137 2298 hoc
1152 2233 1238 2297 idem
1262 2231 1360 2298 debet

32 2323 186 2388 sufficere
210 2321 252 2389 ad
274 2321 495 2405 peragendam
519 2321 603 2387 banc
627 2320 863 2405 paenitentiam
887 2322 1169 2389 sacramentalem.

122 2429 161 2516 R.
186 2431 217 2494 4.
265 2427 329 2493 Sed
360 2427 460 2494 etiam
490 2427 518 2493 si
548 2428 687 2494 sumitur
710 2427 919 2494 Sunibertum
943 2427 1076 2494 litanias
1100 2427 1225 2494 aliasve
1246 2447 1361 2512 preces
1448 2417 1450 2420 ’

30 2540 89 2584 seu
114 2516 337 2602 paenitentias
360 2516 421 2582 sibi
445 2517 614 2600 impositas
641 2518 728 2582 male
751 2516 959 2599 persolvisse,
989 2516 1085 2582 nimis
1112 2518 1245 2598 longum
1273 2520 1361 2582 esset

28 2613 133 2690 atque
166 2628 208 2673 ex
237 2611 333 2689 parte
363 2605 562 2690 impossibile
592 2606 811 2690 paenitentias
841 2605 1039 2688 praeteritas
1069 2611 1236 2691 repetere;
1267 2605 1361 2690 proin

28 2697 114 2764 satis
138 2695 219 2773 erit,
249 2695 278 2762 si
301 2695 334 2760 in
357 2696 568 2778 subsequenti
592 2695 796 2761 confessione
818 2700 928 2778 petat,
959 2699 997 2762 ut
1026 2695 1087 2761 sibi
1118 2717 1138 2761 a
1161 2695 1361 2760 confessario

28 2808 89 2871 per
112 2785 247 2851 modum
271 2785 534 2851 commutationis
557 2784 679 2867 aliquid
702 2784 904 2868 imponatur:
929 2784 1015 2867 quod
1038 2805 1128 2863 sane,
1152 2784 1279 2851 ratione
1303 2784 1361 2849 ha-

28 2876 102 2942 bita
127 2895 347 2957 eorumquae
370 2874 546 2958 praestitit,
571 2874 634 2941 etsi
657 2873 850 2959 imperfecte
864 2873 1042 2958 praestit't,
1066 2895 1130 2939 non
1154 2874 1235 2939 adeo
1259 2894 1362 2956 grave

27 2986 104 3032 esse
130 2965 238 3031 debet.

43 3161 46 3167 '
148 3154 440 3233 ΑΡΡΒΟΒΑΤΙΟ,
467 3155 615 3232 EAQUE
639 3153 1002 3221 FRAUDULENTER
1026 3154 1245 3221 OBTENTA.

591 3312 702 3378 Casus.
721 3320 797 3389 (119)

124 3453 273 3512 achatius
294 3452 325 3511 in
347 3452 482 3511 examine
510 3472 563 3529 pro
585 3451 815 3528 approbatione,
846 3451 920 3527 quod
949 3452 1058 3527 partim
1086 3450 1235 3529 ascripto
1263 3451 1361 3523 fiebat,

31 3535 139 3596 fraude
160 3553 234 3593 usus
256 3539 311 3603 est,
333 3533 464 3608 alioquin
485 3532 728 3609 approbationem
749 3552 809 3591 non
830 3530 1016 3592 obtinuisset.

124 3613 277 3691 Superiori
296 3612 486 3688 regularium,
508 3613 557 3688 qui
578 3632 632 3688 pro
654 3612 716 3672 suis
739 3612 865 3671 subditis
879 3616 1040 3686 rogaverat
1061 3611 1304 3688 approbationem
1326 3613 1363 3671 ad

31 3695 199 3756 audiendas
222 3694 440 3764 confessiones,
471 3693 627 3770 episcopus
648 3692 770 3764 scribit,
799 3698 832 3751 ut
853 3692 909 3751 sibi
937 3694 1037 3751 mittat
1063 3692 1231 3768 catalogum
1253 3711 1362 3764 eorum,

31 3777 82 3854 qui
105 3775 177 3834 alibi
198 3773 357 3834 habuerint
378 3773 636 3851 approbationem,
666 3773 713 3831 his
735 3792 767 3831 se
789 3792 904 3849 quoque
926 3771 1070 3832 daturum.
1111 3773 1146 3830 In
1168 3792 1290 3848 quorum
1311 3793 1362 3833 nu-

31 3877 114 3916 mero
136 3853 279 3914 scribitur
300 3873 338 3912 ex
359 3872 459 3912 errore
473 3855 623 3912 Antonius
645 3854 693 3930 qui
708 3852 812 3912 nullibi
827 3853 1069 3929 approbationem
1084 3852 1175 3911 habet
1189 3852 1237 3910 vel
1251 3853 1363 3912 habuit.

31 3939 203 4014 Episcopus
225 3954 277 4012 pro
299 3934 425 4009 singulis
447 3934 659 4010 expediendum
683 3939 767 3992 curat
787 3933 1014 3992 instrumentum
1036 3932 1257 3991 iurisdictionis.

31 4052 214 4123 Qussarrna
237 4052 265 4106 1⁰
286 4048 354 4125 quid
375 4049 415 4108 sit
435 4049 552 4126 proprie
574 4049 757 4126 approbatio.

234 4149 264 4205 2⁰
285 4147 432 4286 Achfratius
458 4154 488 4206 et
509 4149 657 4206 Antonius
683 4147 851 4205 habeantne
879 4145 976 4205 valide
1005 4146 1177 4203 facultatem
1200 4144 1364 4221 excipiendi

288 4248 342 4287 con
359 4247 500 4287 essiones.

634 4383 769 4450 Salutio.

126 4530 180 4594 An
204 4548 396 4603 ocarsrruu
423 4530 459 4591 1¹¹¹
484 4527 522 4592 R.
549 4528 577 4593 l.
616 4523 820 4609 Approbatio
845 4547 887 4590 ex
911 4547 946 4591 se
970 4528 1021 4590 est
1045 4523 1268 4592 testimonium
1292 4537 1428 4590 auc-414

32 4619 247 4690 toritativum
272 4617 312 4683 de
334 4617 515 4682 idoneitate
540 4616 581 4681 ad
605 4615 814 4700 excipiendas
845 4614 1076 4681 confessiones.
1123 4613 1289 4679 Idoneitas
1312 4633 1366 4676 su·
