3044 5174
636 253 840 309 Sacramentum
860 256 969 310 ordinis.

730 480 868 548 Salutio.

75 630 126 684 768
224 621 277 685 An
307 640 499 698 ourasrrou
524 627 562 686 1¹²
591 621 630 689 R.
658 625 686 687 1.
732 621 925 704 Antiquitus
954 641 1071 687 severe
1100 623 1300 707 prohibitum
1331 631 1399 707 est,
1426 631 1458 692 ut

136 709 244 775 clerici
274 710 384 787 „aleae
407 711 628 788 deserviant“;
653 711 694 778 cf.
712 733 739 778 o.
760 715 788 790 1,
813 711 888 777 dist.
906 713 965 776 35:
990 711 1076 793 quod
1099 734 1182 779 conc.
1204 713 1456 792 1111111122,

137 819 163 864 c.
191 800 207 862 1
234 801 273 864 de
304 800 364 882 ref.
393 799 582 866 innovavit:
619 821 722 883 „quae
755 801 796 866 de
825 801 921 877 luxu,
954 801 1296 881 commessationibus,
1328 803 1457 880 choreis,

137 886 229 968 aleis,
252 889 393 968 luxibus,
418 910 458 954 ac
481 889 734 973 quibuscumque
759 889 963 969 criminibus,
987 911 1118 956 necnon
1137 891 1363 959 saecularibus
1385 914 1458 976 neg·

136 975 211 1043 otiis
240 977 404 1060 fugiendis
438 979 568 1063 copiose
599 999 638 1045 ac
670 978 846 1044 salubriter
868 978 998 1045 sancita
1020 978 1169 1058 fuerunt,
1202 980 1319 1046 eadem
1349 981 1384 1047 iu
1399 1004 1458 1066 po

135 1070 270 1222 starumt
284 1067 399 1186 iisdem
421 1068 545 1152 poenis,
570 1068 623 1133 vel
638 1068 816 1133 maioribus
840 1066 975 1134 arbitrio
1000 1069 1155 1135 ordinarii
1177 1068 1386 1154 imponendis
1408 1071 1458 1137 ob·

135 1175 254 1220 serven
271 1178 310 1221 ur
334 1207 341 1224 .

225 1262 264 1328 R.
290 1266 320 1330 2.
352 1264 560 1330 Consuetudo
582 1263 664 1328 haec
688 1263 862 1329 restrinxit
877 1263 919 1327 ad
936 1262 1073 1329 clericos
1095 1263 1130 1329 in
1145 1263 1249 1330 sacrm
1267 1265 1461 1333 constitutus

136 1353 194 1417 aut
216 1351 436 1420 beneficiatos.

224 1459 264 1524 R.
288 1462 318 1526 3.
366 1461 519 1525 Absoluta
543 1457 717 1542 prohibitio
748 1480 813 1523 nou
843 1463 895 1524 est
917 1457 980 1523 nisi
1004 1458 1044 1524 de
1067 1458 1143 1523 ludo
1170 1479 1260 1524 mere
1284 1459 1458 1533 deuterio:

136 1567 237 1628 quare
260 1547 288 1612 si
312 1548 424 1632 agitur
447 1548 487 1614 de
510 1548 594 1613 ludis
618 1547 673 1631 qui
698 1556 766 1613 arte
789 1552 958 1630 reguntur,
983 1548 1036 1612 vel
1053 1547 1152 1614 etiam
1177 1547 1319 1614 deludis
1343 1553 1458 1616 mistis:

135 1635 309 1720 prohibitio
333 1658 398 1703 non
428 1641 497 1704 tum
520 1637 626 1720 ipsum
650 1637 761 1701 ludum
792 1656 890 1719 quam
922 1636 990 1702 eius
1021 1658 1192 1702 excessum
1216 1643 1359 1721 spectat.
1407 1638 1460 1706 Se·

135 1725 246 1790 verior
267 1729 379 1792 tamen
401 1725 575 1810 prohibitio
600 1728 752 1792 censetur
783 1746 854 1791 esse
878 1725 986 1808 quoad
1013 1725 1184 1809 religiosus
1207 1725 1386 1794 strictioris
1410 1729 1461 1794 ob·

135 1815 332 1882 servantiae.

74 1910 125 1965 769
224 1904 391 1970 Hodierna
414 1903 585 1987 disciplina
609 1925 651 1968 ex
668 1902 888 1987 compluribus
911 1900 1054 1968 conciliis
1070 1902 1327 1986 provincialibus
1346 1905 1460 1971 elucet.

225 1994 317 2059 Coae.
334 1994 482 2059 Albinae
497 2014 583 2058 anno
603 1994 686 2058 1850
703 1992 754 2059 t't.
774 1995 803 2069 2,
828 1992 913 2058 decr.
932 1993 962 2069 5,
987 2013 1018 2058 n.
1042 1994 1079 2056 6:
1108 1993 1154 2070 „Il
1177 1992 1263 2058 ludis
1287 1993 1388 2059 nimio
1412 2016 1460 2060 ar·

134 2082 213 2147 dore
235 2083 379 2166 peractis
402 2082 543 2165 plurima
567 2087 601 2148 et
623 2082 766 2163 lugenda
790 2081 867 2145 oriri
890 2081 998 2147 solent
1021 2082 1118 2158 mala,
1142 2082 1213 2149 scil.
1237 2082 1361 2148 mentis
1385 2104 1461 2149 avo·

134 2171 237 2249 catio,
264 2171 447 2238 devotionis
470 2169 652 2237 imminutio
676 2169 830 2237 notabilis
854 2170 905 2234 vel
931 2169 1031 2236 etiam
1055 2170 1205 2249 amissio,
1229 2172 1391 2256 temporis
1414 2176 1461 2238 at·

135 2280 198 2342 que
214 2261 370 2343 pecuniae
385 2260 583 2344 pauperibus
600 2259 785 2341 erogandae
801 2259 937 2337 iactura,
956 2258 1101 2324 rixarum
1115 2259 1252 2338 occasio,
1269 2261 1461 2347 populorum

136 2350 345 2425 scandalum,
381 2351 495 2431 gravis
519 2349 699 2415 officiorum
731 2347 949 2431 quorumlihet
978 2347 1195 2430 indiligentia.
1242 2348 1324 2414 Cum
1355 2354 1461 2416 autem

135 2438 225 2502 mala
246 2437 305 2503 illa
328 2460 349 2504 a
371 2438 458 2504 foliis
481 2437 611 2503 lusoriis
634 2437 702 2521 (jeu
733 2439 773 2502 de
797 2439 919 2520 cartes)
943 2437 1117 2520 praecipue
1147 2438 1359 2522 proveniant,
1394 2461 1460 2505 mo·

135 2526 214 2592 nitis
238 2531 374 2593 sanctae
398 2527 515 2610 synodi
531 2527 743 2593 Tridentinae
767 2527 994 2608 obsequentes
1018 2524 1183 2592 Albiensis
1207 2526 1335 2592 concilii
1351 2533 1461 2613 patres

135 2615 221 2680 hunc
245 2617 365 2694 ludum,
391 2617 497 2702 quood
519 2625 639 2701 tempus
662 2623 718 2680 11111
738 2618 906 2700 pecuniam
923 2618 959 2680 in
975 2637 1009 2681 eo
1024 2618 1200 2701 impensum
1223 2618 1462 2683 immoderatum

136 2704 247 2788 (prout
270 2706 303 2769 in
326 2705 463 2786 singulis
480 2704 680 2770 dioecesanis
696 2704 830 2787 synodis
847 2703 1131 2788 determinabitur)
1148 2705 1263 2771 stricte
1279 2706 1460 2789 probibent.

135 2795 272 2878 Insuper
295 2795 433 2860 eundern
457 2794 586 2859 omnino
618 2794 687 2859 fieri
712 2797 828 2859 vetant
859 2794 988 2870 diebus,
1020 2794 1137 2876 quibus
1167 2793 1340 2860 occasione
1364 2796 1461 2861 colla·

135 2883 260 2948 tionum
285 2889 320 2949 et
342 2883 493 2948 feralium
516 2883 717 2948 conveniunt
741 2883 960 2948 sacerdotes.“

226 2978 544 3043 donastitarum
563 2978 658 3053 1850,
683 2976 734 3041 tit.
753 2979 773 3040 6
790 2976 876 3041 decr.
895 2976 934 3040 de
955 2977 1022 3039 cito
1039 2982 1066 3039 et
1088 2976 1248 3040 honemutc
1263 2978 1463 3043 clericorum:

140 3065 273 3144 „Clerici
297 3067 484 3133 nullatcnus
508 3064 635 3148 publice
657 3066 790 3141 ludaut;
820 3064 919 3128 immo
948 3083 1010 3128 nec
1033 3063 1189 3147 privatim
1219 3063 1294 3129 alea
1316 3086 1410 3132 mera
1432 3071 1463 3131 et

136 3156 306 3239 pecuniam
330 3155 582 3221 committentes.
630 3154 768 3218 Lusibus
792 3158 901 3219 autem
925 3173 990 3217 non
1014 3153 1195 3235 prohibitis,
1220 3154 1306 3219 unde
1330 3159 1365 3220 et
1389 3176 1463 3237 gra-

136 3245 230 3310 viora
253 3245 429 3326 aliquando
452 3247 626 3326 emergunt
650 3243 785 3319 damna,
817 3247 954 3308 utantur
984 3243 1024 3307 ad
1050 3242 1147 3307 animi
1178 3246 1309 3308 tantum
1332 3244 1463 3310 relaxa·

136 3334 278 3407 tionem,
318 3354 378 3398 nec
414 3333 532 3398 ardore
572 3332 704 3397 ludendi
739 3352 799 3396 nec
833 3331 917 3395 lucri
957 3331 1137 3415 cupiditate
1172 3331 1300 3415 abrepti
1336 3333 1464 3415 longius

137 3424 311 3487 absumant
334 3426 464 3505 tempus
489 3444 561 3487 curn
586 3421 783 3486 detrimento
807 3420 857 3484 sui
881 3425 916 3486 et
938 3421 1079 3503 proximi
1103 3422 1287 3487 scanda10.“

227 3521 318 3585 Cone.
336 3522 457 3585 Auscit.
476 3541 560 3584 anno
580 3521 662 3583 1851
681 3541 712 3585 n.
730 3517 877 3584 chVI:
906 3518 961 3594 „In
985 3517 1133 3583 domibus
1150 3523 1209 3584 aut
1230 3517 1312 3583 locis
1328 3519 1465 3602 publicis

137 3608 391 3691 quibuscumque
416 3630 479 3673 non
503 3608 619 3673 ludant
650 3607 779 3674 omnino
810 3628 870 3672 nec
901 3607 1081 3673 ludentium
1111 3608 1260 3673 fautores
1284 3609 1339 3673 vel
1361 3613 1466 3675 testes

137 3697 310 3764 exsistant.
342 3697 499 3763 Privatim
525 3702 645 3773 autem,
670 3696 797 3761 nonnisi
822 3717 879 3778 per
896 3697 995 3760 breve
1016 3701 1156 3779 tempus,
1181 3718 1255 3761 raro
1273 3718 1347 3761 cum
1362 3699 1464 3775 laicis,

136 3808 201 3851 non
225 3787 298 3851 alea
322 3792 355 3852 et
378 3786 460 3851 lucri
485 3807 600 3864 causa,
624 3808 689 3851 non
713 3786 745 3851 in
770 3785 884 3851 diebus
908 3785 1117 3851 collationum
1143 3781 1393 3869 (conferences).
1423 3826 1465 3835 -

136 3874 250 3953 Quoad
272 3876 383 3940 ludum
407 3876 507 3958 vulgo
532 3876 653 3942 dictum
678 3873 744 3960 (jeu
769 3875 806 3940 de
830 3877 948 3958 cartes)
965 3874 1061 3940 enixe
1085 3875 1255 3941 hortamur
1278 3872 1311 3939 in
1326 3875 1465 3941 Domino

136 3965 324 4031 sacerdotes
349 3985 461 4030 omnes
486 3969 520 4030 et
544 3964 688 4041 clericos,
715 3968 751 4028 ut
775 3964 817 4028 ab
841 3964 912 4047 ipso
938 3965 1068 4029 omnino
1093 3962 1311 4030 abstineant.“

225 4066 302 4149 Syn.
325 4065 409 4148 plen.
434 4064 546 4128 Hiber.
571 4063 659 4148 opud
687 4063 821 4126 Thurios
845 4082 929 4126 anno
957 4064 1051 4139 1850,
1077 4061 1164 4138 XVI,
1190 4082 1220 4127 n.
1246 4064 1283 4126 9:
1311 4061 1411 4138 „Cum
1434 4061 1466 4127 in

138 4151 260 4217 chartis
289 4151 420 4216 lusoriis
449 4153 536 4217 haud
567 4151 726 4215 modicum
761 4150 937 4233 aliquando
966 4155 1095 4234 tempus
1125 4154 1254 4218 teratur
1284 4155 1316 4217 et
1342 4152 1467 4217 desidis

136 4240 278 4324 turpiter
301 4240 464 4318 foveatur,
489 4243 586 4306 caute
611 4239 785 4305 admodum
802 4241 961 4305 adversus
978 4239 1135 4304 eiusmodi
1158 4239 1263 4304 lusum
1287 4259 1323 4304 se
1341 4241 1467 4307 munire

138 4330 235 4395 debet
258 4330 427 4405 sacerdos,
460 4329 654 4413 praesertim
680 4327 734 4393 ubi
765 4329 805 4392 de
835 4329 973 4411 pecunia
1004 4328 1134 4411 agitur,
1168 4349 1209 4392 ne
1239 4327 1398 4395 aleatoris
1421 4329 1467 4395 illi

137 4423 217 4484 uota
240 4418 418 4484 inuratur.“

229 4517 320 4581 Cone.
337 4517 451 4600 stirap.
477 4517 676 4592 ann01865,
701 4515 752 4581 tit.
779 4517 808 4593 8,
833 4537 860 4580 c.
884 4517 923 4579 4:
954 4514 1022 4590 „Ab
1046 4515 1127 4579 aleis
1151 4514 1278 4579 clericis
1302 4516 1467 4582 abstinen-

139 4606 215 4671 dum
239 4609 299 4669 est.
347 4605 380 4669 Si
404 4605 561 4670 honestae
586 4603 801 4670 relaxationis
825 4625 903 4686 ergo
928 4603 1025 4688 pictis
1049 4603 1172 4668 chartis
1201 4603 1315 4670 ludere
1345 4613 1467 4682 ament,
