3044 5174
351 297 535 352 caerimoniae
553 297 582 349 in
599 296 743 366 baptismo,
762 313 847 365 eoque
866 296 1060 350 condicionato.
1322 301 1365 364 43

33 473 215 543 (luamus
243 475 273 533 1·
299 473 508 614 ffibbaiptiamo
536 473 741 533 condicionato
773 471 872 531 sintne
905 472 1100 532 caerimoniae
1128 480 1287 534 consuetae
1316 474 1364 532 ad·

353 574 389 614 en
410 574 454 615 ae.

241 654 273 711 2ο
300 651 370 728 quid
390 652 421 711 in
443 652 569 712 diversis
594 651 678 710 hisce
707 651 951 726 baptizandorum
979 650 1137 726 generibus
1165 651 1230 709 fieri
1251 650 1366 712 debeat.

635 835 770 901 Solutio.

122 978 178 1043 An
203 997 397 1053 eunusuruu
423 979 460 1041 1¹²¹
483 975 523 1043 R.
543 978 570 1041 1.
607 975 697 1042 siin
721 975 825 1059 primo
850 975 1011 1059 baptismo
1033 975 1130 1040 dubio
1148 975 1365 1042 caerimoniae
1374 990 1408 1043 69

34 1066 204 1132 adhibitae
236 1087 303 1132 non
336 1068 430 1143 sunt,
464 1064 498 1130 in
533 1064 728 1148 repetitione
761 1064 988 1130 condicioneta
1021 1085 1063 1129 ex
1097 1064 1170 1147 lege
1203 1067 1365 1130 communi

35 1155 255 1222 caerimoniae
281 1153 351 1220 fieri
382 1154 510 1221 dehent.
558 1153 592 1220 Si
614 1153 649 1218 in
672 1153 775 1237 primo
799 1153 962 1237 baptismo
986 1154 1095 1220 factae
1118 1157 1211 1232 sunt,
1243 1177 1366 1220 neeesse

34 1269 96 1311 non
113 1253 160 1310 eat
175 1247 370 1333 repetantur
385 1242 615 1321 caerimoniae;
632 1245 702 1308 licet
717 1247 829 1309 tamen
843 1247 1003 1327 repetere.
1032 1242 1064 1310 S.
1081 1242 1130 1308 Al
1137 1243 1196 1327 ph.
1215 1243 1270 1323 VI,
1291 1246 1364 1310 144.

122 1351 164 1418 R.
190 1354 222 1419 2.
268 1351 357 1434 Lege
380 1349 543 1416 communi
565 1350 742 1416 sumendae
765 1352 842 1416 sunt
864 1349 1081 1417 caerimoniae
1111 1372 1171 1435 pro
1201 1350 1364 1435 baptismo

35 1440 242 1520 adultorum,
265 1439 295 1505 si
316 1440 450 1506 adultus
472 1443 525 1506 est
548 1438 603 1521 qui
626 1438 852 1506 condicionate
874 1439 1100 1523 rebaptizatur
1122 1440 1252 1522 quando
1276 1439 1365 1524 prior

35 1530 221 1615 baptismus
243 1551 310 1596 non
332 1533 406 1595 erat
429 1528 625 1607 catholicus,
650 1550 708 1595 seu
732 1529 861 1611 quando
884 1528 1137 1613 rebaptizandus
1161 1530 1365 1597 convertitur

35 1621 76 1686 ah
105 1619 255 1697 haeresi3
288 1619 466 1685 sumendae
495 1622 573 1684 suut
602 1618 820 1684 caerimoniae
849 1639 893 1683 ex
922 1618 1084 1702 baptismo
1113 1617 1306 1696 infantium,
1336 1619 1365 1684 ai

35 1707 264 1794 rebaptizandi
284 1711 362 1774 sunt
387 1707 419 1790 1)
442 1707 529 1773 infra
545 1710 691 1773 aetatem
706 1727 784 1772 usus
801 1707 948 1785 rationis,
973 1710 1032 1773 aut
1055 1706 1089 1789 2)
1112 1707 1141 1772 si
1165 1711 1217 1773 est
1232 1708 1365 1775 adultus

35 1797 219 1865 catholicus
248 1797 341 1863 cuiue
369 1797 551 1881 baptismus
581 1797 748 1878 detegitur
776 1796 939 1862 invalidus
969 1797 1022 1860 vel
1053 1796 1168 1862 dubius
1195 1796 1242 1878 (S.
1267 1797 1305 1864 R.
1330 1797 1363 1864 0.

36 1890 76 1953 27
102 1887 190 1970 Aug.
218 1888 321 1964 1836;
345 1888 379 1954 S.
405 1885 467 1970 Off.
494 1888 535 1950 12
558 1886 652 1952 Febr.
680 1887 781 1962 1851;
810 1907 841 1951 r.
868 1885 1063 1951 Collertoneo
1087 1887 1120 1952 S.
1147 1886 1179 1952 0.
1206 1887 1245 1950 de
1268 1887 1364 1972 Prop.

35 1978 119 2043 Fido
143 1979 192 2045 ad.
220 1978 316 2054 1893,
340 1998 371 2042 ιι.
397 1977 462 2041 620
485 1979 520 2042 ιι
544 1975 632 2058 625).

123 2083 166 2150 R.
183 2085 216 2151 3.
249 2080 435 2165 Aliquando
456 2085 567 2148 tamen
583 2081 772 2164 indulgetur
787 2081 820 2145 vi
843 2080 1007 2164 privilegii
1024 2080 1055 2147 S.
1072 2080 1175 2158 Sedis,
1200 2081 1363 2160 aretiam,

35 2173 167 2255 quaudo
183 2193 228 2238 ex
249 2171 324 2254 lege
340 2169 502 2237 communi
518 2172 695 2237 sumendae
711 2170 778 2236 sint
793 2169 1009 2236 caerimoniae
1026 2190 1069 2234 ex
1093 2171 1255 2254 baptismo
1272 2170 1365 2236 adul·

34 2267 155 2341 torum,
179 2260 388 2327 nihilominus
403 2259 487 2326 sumi
510 2260 610 2326 liceat
632 2260 847 2326 caerimonias
863 2281 905 2325 ex
929 2259 1092 2344 baptismo
1112 2259 1303 2337 infantium
1320 2298 1364 2307 -

35 2351 87 2417 vel
111 2357 150 2418 ut
174 2349 392 2416 caerimoniae
416 2349 546 2434 penitus
570 2349 783 2415 omittantur:
814 2348 899 2431 quod
923 2370 965 2413 ex
988 2348 1083 2432 gravi
1107 2368 1206 2415 eausa
1228 2350 1262 2414 in
1286 2371 1365 2416 oaeu

35 2439 230 2524 particulari
252 2439 384 2506 videtur
407 2438 508 2505 etiam
531 2439 703 2523 episeopus
726 2438 896 2520 indulgere
927 2459 1033 2522 posse.
1085 2439 1141 2504 rt.
1166 2462 1206 2505 m.
1230 2439 1278 2516 ΙΙ,
1311 2441 1363 2505 69.

124 2572 180 2637 An
204 2591 396 2647 euassrruu
420 2573 459 2635 2¹¹
481 2571 521 2638 R.
550 2573 576 2637 1.
623 2570 662 2636 In
687 2573 793 2655 primo
824 2591 903 2636 casu
926 2569 1129 2637 adhibendae
1152 2573 1230 2637 sunt
1260 2571 1409 2637 caari-70

35 2660 167 2728 moniae
189 2680 313 2742 eaeque
336 2681 379 2725 ex
401 2660 565 2744 baptismo
587 2659 772 2726 infantium.

123 2768 165 2834 R.
191 2769 221 2834 2.
267 2767 305 2832 In
335 2769 473 2833 secando
502 2787 580 2834 casu
603 2766 754 2832 similiter
775 2766 953 2832 sumendae
976 2770 1054 2833 sunt
1083 2766 1299 2832 caerimoniae
1323 2786 1364 2831 ex

33 2857 207 3031 diffidi
222 2855 408 3012 igrsftantium
432 2877 506 2922 cum
530 2861 651 2939 agatur
673 2856 714 2921 de
729 2855 801 2921 viro
824 2855 879 2938 qui
903 2875 1032 2939 semper
1050 2855 1245 2921 catholicam
1268 2856 1365 2920 fidem

122 3053 166 3120 R.
196 3055 227 3119 8.
274 3050 313 3116 In
344 3053 435 3118 tertio
467 3072 546 3117 oesu
579 3050 682 3116 videri
714 3054 826 3134 potest
857 3050 891 3115 in
923 3049 1059 3116 arbitrio
1092 3049 1280 3135 baptizandi
1312 3052 1364 3116 vsl

34 3140 178 3209 ministri
209 3140 353 3225 positum
381 3161 456 3207 esse
487 3145 596 3206 utrum
628 3140 710 3207 velit
741 3145 892 3223 repetere
922 3139 1136 3205 caerimonias
1165 3160 1277 3207 necne.
1332 3139 1364 3206 si

33 3232 122 3298 enim
144 3230 181 3296 in
202 3230 311 3315 priore
333 3230 496 3315 baptismo
512 3229 678 3295 adhibitae
702 3233 787 3306 sunt,
813 3227 942 3312 quando
966 3229 1148 3312 baptismus
1170 3229 1225 3295 ille
1249 3228 1365 3294 dubius

34 3326 95 3400 est,
120 3319 194 3387 fieri
217 3319 348 3402 quidem
365 3327 467 3404 potest
490 3339 564 3384 curn
586 3317 781 3402 repetitione
804 3317 853 3383 rei
875 3317 1064 3402 principalis
1089 3317 1189 3384 etiam
1212 3318 1365 3402 repetitio

33 3432 145 3476 rerum
161 3407 428 3483 accessoriarum,
453 3408 473 3474 i.
492 3429 519 3474 e.
542 3407 828 3481 caerimoniarum
853 3407 912 3472 sed
935 3407 1082 3492 oblipatio
1105 3411 1157 3473 est
1179 3411 1309 3474 tantum
1326 3427 1366 3473 ea

34 3499 207 3585 repetendi
238 3519 322 3580 quae
345 3496 466 3562 omissa
489 3497 542 3562 vel
573 3497 669 3562 dubie
695 3496 786 3562 facta
809 3499 895 3565 sunt.
920 3533 965 3544 -
987 3495 1221 3573 Nihilominus,
1253 3497 1287 3561 in
1310 3498 1367 3563 hoc

36 3611 114 3656 casu
144 3608 221 3655 cum
251 3584 418 3652 dubitetur
447 3586 488 3650 de
511 3589 603 3651 recta
625 3585 806 3652 intentione
830 3584 970 3650 ministri
992 3585 1100 3669 impii,
1132 3585 1158 3651 si
1182 3585 1237 3650 ille
1260 3585 1365 3651 noluit

39 3699 135 3762 agere
159 3676 291 3742 nomine
315 3673 491 3742 Christiet
515 3675 682 3740 Ecclesiae
705 3675 738 3739 in
760 3673 832 3757 ipso
856 3675 1021 3776 baptismo
1042 3674 1255 3752 conferendo,
1279 3675 1365 3741 idem

40 3767 140 3834 uoluit
170 3785 301 3849 quoque
328 3764 377 3831 ita
406 3785 506 3846 agere
536 3765 570 3828 in
599 3763 810 3865 perficiendis
835 3763 1055 3839 caerimoniis
1089 3785 1128 3830 ac
1158 3763 1253 3848 proin
1283 3765 1365 3830 satis

10 3855 251 3988 probabiliter
280 3875 337 3920 ees
368 3856 406 3920 ιιι
435 3852 604 3920 Ecclesiae
637 3852 851 3919 caerimonias
882 3874 945 3918 non
977 3853 1124 3919 adhibuit
1109 3853 1365 3935 tviadeoque

10 3938 72 4012 let
85 3944 237 4013 efficacia
252 3965 309 4009 eas
328 3941 483 4026 privavit.
519 3941 725 4027 Quapropter
741 3963 868 4020 censeo,
893 3942 954 4007 nisi
978 3942 1113 4024 gravior
1129 3963 1229 4008 causa
1246 3944 1364 4020 obstet,

10 4036 18 4095 l·
44 4033 72 4101 in
96 4037 154 4102 hoc
178 4054 258 4100 casu
282 4032 496 4098 caerimonias
519 4053 584 4096 non
614 4054 673 4116 pro
704 4031 796 4097 libitu
827 4032 884 4096 sed
915 4031 1045 4096 omnino
1069 4052 1141 4096 esse
1165 4032 1261 4097 simul
1292 4054 1364 4095 cum

45 4123 198 4209 baptismo
237 4121 515 4278 repetendas,u
495 4122 608 4204 utique
646 4120 860 4186 caerimonias
899 4143 941 4185 ex
979 4120 1142 4204 baptismo
1180 4121 1364 4198 infantium,

10 4136 26 4283 l,
47 4213 194 4298 siquidem
211 4210 367 4295 supponit
369 4233 407 4275 ur
422 4210 549 4276 iuvenis
573 4210 628 4293 qui
644 4210 838 4277 catholicam
855 4210 950 4274 fidem
967 4230 1097 4293 semper
1113 4214 1164 4275 est
1187 4210 1363 4293 professus.

17 4300 23 4361 ι
122 4303 162 4368 ln
186 4309 301 4389 quone
325 4321 403 4365 casu
427 4300 644 4366 caerimoniae
667 4321 727 4383 per
749 4320 785 4364 se
809 4321 893 4363 nunc
911 4299 1113 4364 adhibendae
1137 4304 1222 4376 sunt,
1249 4304 1282 4364 et
1306 4317 1365 4362 eae

17 4382 164 4473 lquidem
188 4411 233 4456 ex
256 4388 419 4472 baptismo
443 4389 558 4454 infant
535 4394 616 4454 trum
640 4410 698 4471 pro
721 4388 762 4453 iis
789 4388 843 4470 qui
867 4409 970 4453 annos
995 4388 1125 4453 discret
1102 4388 1200 4453 t1onis
1223 4387 1365 4451 nondum

17 4460 237 4575 instigarunt,
269 4479 324 4544 vel
353 4478 472 4544 saltem
499 4483 569 4544 sect
571 4499 624 4542 am
654 4478 854 4543 haereticam
884 4478 1100 4560 personaliter
1124 4478 1265 4541 nondum
1288 4481 1366 4541 sunt

48 4572 173 4653 professi
188 4569 292 4653 (quae
312 4567 473 4652 professio
495 4568 566 4632 fieri
583 4568 698 4633 solet'
652 4572 722 4633 ιιιι
739 4588 779 4632 ea
795 4588 893 4720 qtuam
909 4571 1029 4632 vocant
1050 4565 1331 4642 „confirmatione“
1336 4566 1363 4646 );

48 4680 81 4726 ex
106 4661 272 4746 baptismo
303 4657 488 4724 adultorum
519 4678 578 4740 pro
608 4657 649 4721 iis
679 4655 732 4738 qui
763 4661 821 4720 ant
823 4677 862 4721 ea
892 4657 1089 4721 haereticam
1122 4658 1246 4720 sectam
1271 4658 1366 4720 erant
