3044 5174
133 264 198 328 520
611 259 815 318 Sacramentum
833 263 1006 318 matrimonii.

133 437 219 505 verit
242 437 555 515 reconciliationem
581 438 615 519 2)
638 438 665 503 si
689 439 901 522 interpellata
915 439 1079 505 consentit
1093 438 1126 504 in
1142 439 1336 505 electionem
1352 442 1459 505 status

133 526 362 611 perfectionis,
392 548 491 608 quarn
514 547 592 610 pars
615 547 673 594 rea
695 528 852 605 intendit;
884 528 918 609 3)
942 527 986 606 si,
1001 574 1005 581 ,
1018 528 1131 594 habita
1157 527 1277 596 notitia
1298 527 1390 594 iliius
1410 526 1459 593 in·

133 615 290 681 tentionis
324 637 423 699 quam
452 619 548 697 gerat
578 636 658 699 pars
687 637 745 682 rea
774 617 913 695 reiecta,
948 637 1026 702 pars
1051 617 1224 693 innocens,
1257 638 1333 683 cum
1367 617 1459 683 facile

133 705 247 789 possit,
270 703 350 770 nihil
374 705 595 781 contradicat;
628 708 662 786 4)
686 705 714 770 si
737 707 826 772 ultra
848 706 1012 772 biennium
1035 712 1164 790 partem
1186 706 1374 773 adulteram
1397 727 1460 773 nou

135 793 339 878 repetiverit.

222 882 347 960 Aliter,
378 882 406 947 si
434 902 512 967 pars
535 882 688 950 adultera
710 889 827 950 contra
849 883 901 949 ius
922 882 1108 950 innocentis
1136 886 1260 951 statum
1285 905 1361 950 curn
1385 905 1460 950 con·

131 971 235 1054 iugali
262 969 333 1037 vita
363 969 658 1055 incompossibilern
688 971 836 1055 elegerit.
881 971 969 1038 Nam
998 970 1033 1038 iu
1062 993 1101 1038 eo
1131 993 1226 1046 casu.
1257 973 1389 1057 quando
1419 974 1460 1040 ab

133 1059 299 1127 innocenti
328 1059 506 1144 repetitur,
537 1066 629 1128 statu
659 1083 718 1128 suo
749 1081 834 1128 novo
865 1082 930 1127 non
961 1061 1116 1130 obstante
1145 1060 1254 1128 redire
1284 1061 1327 1128 ad
1358 1061 1460 1131 vitam

133 1148 338 1232 coniugalem
363 1149 469 1215 debet.

72 1289 125 1344 903
223 1269 277 1337 An
304 1291 496 1348 ouaasrruu
520 1272 560 1337 3⁶
588 1271 629 1338 R.
656 1275 684 1338 1.
738 1272 793 1338 lus
825 1272 1105 1339 divino-naturale
1136 1279 1172 1340 et
1202 1272 1461 1340 ecclesiasticum

135 1361 305 1446 postulant
333 1364 387 1438 ut,
418 1360 446 1425 si
477 1360 549 1443 quis
580 1359 752 1444 coniugum
783 1383 848 1427 non
871 1361 972 1428 fuerit
994 1362 1048 1426 vel
1071 1383 1135 1428 non
1158 1362 1319 1429 manserit
1341 1361 1376 1428 in
1399 1363 1462 1428 tide

135 1449 312 1526 catholica,
344 1449 493 1516 educatio
524 1449 625 1533 prolis
653 1454 782 1534 spectet
811 1451 845 1517 in
874 1449 962 1516 omni
985 1471 1064 1517 casu
1088 1452 1128 1517 ad
1153 1448 1351 1517 catholicam
1374 1472 1461 1518 com·

135 1543 280 1624 partem,
311 1538 383 1605 sive
412 1538 470 1604 illa
498 1537 653 1604 innocens
677 1544 729 1606 est
759 1539 831 1606 sive
854 1539 998 1606 criminis
1023 1560 1092 1607 rea.
1139 1539 1343 1606 Gravissima
1378 1542 1461 1608 enim

135 1627 322 1695 laederetur
351 1627 466 1711 religio
496 1631 531 1694 et
560 1627 611 1693 ius
640 1627 833 1709 infantium,
863 1629 892 1695 si
922 1629 994 1712 quis
1022 1650 1133 1695 eorum
1157 1629 1363 1697 acatholicae
1386 1631 1460 1696 reli-

135 1715 224 1872 gifni
247 1716 398 1785 addictus
421 1721 519 1783 extra
534 1717 622 1783 viem
637 1717 755 1785 salutis
770 1723 956 1802 poneretur.
993 1719 1050 1785 Th.
1067 1739 1108 1784 m.
1125 1717 1167 1794 ΙΙ,
1188 1721 1270 1794 713;
1295 1719 1328 1786 S.
1345 1718 1459 1805 Alph.

122 1937 136 1968 ο
225 1904 263 1970 R.
289 1906 321 1970 2.
359 1903 391 1969 Si
417 1907 555 1985 uterque
579 1903 697 1969 coniux
721 1903 901 1970 catholicus
924 1908 976 1970 est
1000 1909 1034 1971 et
1056 1904 1088 1969 in
1113 1905 1178 1970 fide
1201 1904 1366 1973 catholica
1389 1926 1461 1990 per·

135 1992 272 2071 mansit,
303 1993 355 2057 ius
385 1991 574 2058 educandae
603 1991 704 2076 prolis
733 1993 821 2077 apud
850 1993 1056 2061 innocentem
1084 1997 1210 2072 manet,
1242 1993 1313 2061 sive
1338 1995 1462 2061 vireat

135 2080 206 2148 sive
229 2081 362 2155 mulier;
393 2082 434 2147 ab
466 2081 619 2165 expensis
649 2087 760 2148 autem
790 2082 910 2149 saltem
933 2104 976 2149 ex
998 2087 1093 2167 parte
1116 2083 1260 2149 ferendis
1283 2104 1362 2150 reus
1384 2105 1462 2151 sane

135 2192 201 2238 non
224 2170 388 2237 eximitur.
428 2170 564 2248 Quando
588 2191 668 2236 vero
691 2170 810 2236 bouum
833 2171 935 2255 prolis
957 2172 991 2237 in
1013 2177 1105 2239 certo
1129 2193 1206 2239 casu
1228 2173 1324 2239 huius
1341 2172 1463 2240 ordinis

136 2259 351 2327 mutationem
370 2259 600 2344 postulaverit,
624 2257 740 2326 iudicis
755 2260 969 2327 ecclesiastici
993 2261 1056 2327 erit
1078 2281 1146 2326 rem
1171 2282 1230 2346 pro
1253 2262 1339 2329 bono
1365 2263 1463 2346 prolis

137 2348 323 2416 decernere.

225 2447 264 2513 R.
287 2449 317 2512 3.
364 2445 439 2511 Non
463 2467 538 2512 raro
561 2447 635 2512 iura
657 2446 768 2513 civilia
789 2466 848 2512 seu
871 2445 977 2512 civilis
1000 2447 1181 2514 auctoritas
1203 2447 1236 2513 id
1252 2447 1316 2514 sibi
1331 2453 1464 2515 sumunt

136 2539 173 2602 ut
196 2534 237 2601 de
260 2534 429 2600 educanda
451 2535 543 2618 prole
566 2535 745 2601 decernant
768 2539 877 2618 atque,
901 2535 988 2619 apud
1011 2557 1107 2619 quern
1131 2536 1304 2620 coniugum
1327 2558 1462 2623 separa·

135 2628 245 2689 torum
267 2622 324 2689 filii
347 2628 573 2708 permaneant,
597 2623 762 2691 definiant.
794 2624 864 2701 Quo
880 2624 912 2689 in
937 2624 1137 2693 couscientia
1158 2625 1209 2691 ius
1233 2648 1297 2693 uon
1321 2632 1462 2695 creatur.

136 2713 363 2779 Verumhaeo
386 2713 721 2797 rerumpublicarum
753 2713 897 2779 condicio
925 2734 1026 2779 causa
1055 2735 1128 2780 essa
1157 2718 1269 2799 potest
1298 2736 1358 2781 cur
1387 2738 1462 2783 con·

135 2800 204 2884 iugi
227 2802 409 2868 catholicae
431 2823 496 2869 non
519 2802 619 2870 liceat
647 2807 722 2870 tuta
751 2801 952 2868 conscientia
983 2803 1033 2869 ius
1060 2824 1153 2869 suum
1176 2804 1347 2888 prosequi,
1379 2807 1462 2888 qnod

136 2891 279 2972 alioquin
302 2890 454 2958 habuerit
477 2892 519 2957 ad
542 2891 772 2975 postulandam
795 2892 1037 2976 separationem
1060 2893 1126 2958 tori
1150 2896 1184 2958 et
1198 2893 1462 2960 cohabitationis.

138 2980 170 3047 si
194 2980 290 3059 enim,
314 3001 354 3045 ea
377 2984 507 3061 agente,
532 2981 710 3064 pericnlum
734 2986 849 3052 estne
872 2980 971 3046 iudex
995 2981 1100 3047 civilis
1123 2986 1198 3065 post
1221 2983 1462 3066 separationem

66 3152 67 3156 Ἰ
136 3069 220 3135 filios
243 3068 428 3135 educandos
451 3070 539 3153 patn'
562 3069 744 3136 acatholico
769 3069 909 3147 addicat,
933 3070 1099 3136 abstinere
1118 3071 1215 3137 debet
1230 3092 1252 3137 a
1267 3072 1463 3156 postulanda

137 3157 355 3242 separatione,
379 3157 441 3223 nisi
464 3158 551 3225 forte
574 3163 689 3225 contra
711 3158 827 3224 iudicis
849 3159 1048 3225 sententiam
1071 3159 1156 3226 filios
1178 3160 1265 3243 patri
1284 3161 1463 3228 efficaciter

136 3247 330 3313 subtrahere
353 3248 459 3330 possit
481 3269 538 3313 seu
562 3248 774 3314 subtraxerit.

76 3384 129 3438 904
226 3370 279 3435 An
302 3391 492 3447 ouaasrruu
513 3375 552 3435 4³
575 3372 614 3437 R.
635 3375 663 3437 1.
697 3370 787 3448 Quod
813 3373 1031 3437 Constantiam
1055 3370 1185 3450 attinet,
1209 3371 1371 3457 imprimis
1395 3375 1462 3441 eius

137 3459 282 3526 condicio
307 3464 406 3541 atque
430 3461 528 3525 etiam
553 3460 696 3538 Camilli,
728 3460 797 3525 eius
819 3460 897 3538 viri,
929 3460 1054 3526 indoles
1078 3461 1258 3545 spectanda
1288 3468 1376 3530 sunt.
1430 3464 1461 3530 Si

137 3549 330 3615 Constantia
353 3553 405 3615 est
426 3549 549 3615 iemina
572 3549 710 3615 nobilior
730 3551 793 3627 vel,
818 3550 879 3614 etsi
897 3569 961 3614 non
977 3549 1021 3615 sit
1036 3550 1183 3629 nobilior,
1208 3550 1237 3616 si
1252 3571 1331 3616 vere
1347 3553 1462 3619 timere

137 3637 235 3704 debet
258 3657 299 3702 ne
321 3637 477 3703 Camillus
499 3639 604 3703 minas
627 3642 842 3720 exsequatur:
867 3659 946 3704 sane
970 3638 1051 3704 vitio
1075 3639 1104 3704 ei
1128 3639 1212 3705 verti
1241 3641 1355 3723 nequit
1379 3643 1463 3725 quod

137 3748 158 3793 a
173 3727 245 3792 viro
268 3726 398 3810 fugiens
413 3726 544 3792 domum
559 3732 729 3811 paternam
753 3727 953 3810 repetiverit.
979 3764 1020 3773 -
1045 3728 1079 3794 si
1096 3733 1205 3795 autem
1221 3749 1263 3793 ex
1280 3750 1346 3794 una
1369 3735 1463 3816 parte

138 3816 292 3883 Camillus
321 3837 386 3881 non
417 3816 623 3881 consueverit
646 3814 803 3881 eiusmodi
834 3816 937 3881 minas
968 3837 1051 3899 quas
1079 3817 1207 3901 profert
1237 3821 1390 3901 exsequi,
1421 3841 1461 3885 ex

137 3906 244 3972 altera
266 3909 362 3989 parte
385 3905 507 3971 femina
533 3904 696 3970 inferioris
723 3904 920 3970 condicionis
951 3910 1018 3983 est,
1048 3906 1097 3973 ita
1127 3912 1164 3973 ut
1193 3907 1356 3990 quaedam
1387 3931 1462 3976 con·

137 3993 311 4060 tumeliosa
333 3994 435 4060 verba
459 4015 523 4060 non
547 3992 629 4059 adeo
652 3993 800 4075 graviter
829 3993 907 4059 ferri
930 3995 1077 4060 soleant:
1109 3996 1196 4063 ratio
1226 3997 1394 4064 sufficiens
1423 3999 1461 4066 ad

138 4082 377 4167 separationem
401 4104 465 4148 non
489 4082 604 4149 aderit.

226 4173 376 4238 Praetice
400 4192 478 4238 vero
501 4172 535 4236 in
558 4175 644 4237 omni
667 4192 744 4237 casu
768 4172 929 4255 parochus
959 4173 1012 4237 vel
1039 4174 1257 4240 confessarius
1290 4175 1323 4255 1)
1347 4196 1463 4242 cavere

138 4262 235 4327 debet
259 4283 300 4327 ne
322 4261 450 4326 facilius
473 4266 587 4329 contra
603 4260 828 4326 Constantiam
845 4261 1034 4343 pronuntiet
1049 4283 1186 4345 eamque
1206 4267 1317 4349 pravis
1337 4267 1464 4348 peccati

138 4354 273 4434 arguat:
306 4370 381 4415 nam
415 4351 467 4416 vel
499 4372 542 4418 ex
573 4349 669 4416 dictis
701 4370 800 4415 causa
832 4349 920 4416 iusta
951 4351 1099 4428 exsist't,
1132 4352 1185 4418 vel
1218 4374 1239 4417 a
1271 4352 1464 4422 Constantia

139 4461 272 4506 causam
306 4440 425 4504 iustam
458 4461 531 4507 esse
565 4443 718 4524 putatur,
757 4459 862 4520 neque
897 4440 1090 4522 prudentiae
1124 4440 1187 4507 erit
1220 4440 1253 4505 id
1289 4444 1461 4527 corrigere.

139 4527 173 4610 2)
197 4527 415 4593 Nihilominus
447 4530 479 4593 in
509 4532 595 4595 orani
625 4550 702 4594 casu
733 4527 990 4593 adlaborandum
1015 4533 1066 4596 est
1088 4532 1126 4596 ut
1148 4531 1207 4595 liat
1230 4533 1462 4609 reconciliatio,

138 4617 229 4682 facta
253 4616 404 4682 cautione
428 4639 448 4682 a
471 4617 558 4689 viro,
590 4638 630 4682 ne
661 4617 831 4700 coniugem
860 4618 1012 4682 reducem
1043 4618 1129 4682 male
1158 4624 1301 4687 tractet:
1334 4645 1412 4690 nam
1433 4625 1462 4690 in
