3044 5174
511 106 628 160 Fructus
646 109 674 160 et
693 103 839 177 applicatio
857 104 966 158 missae.
1338 112 1401 176 107

70 281 241 342 sacerdotis
263 301 283 340 a
303 281 361 340 fide
382 286 538 357 apostatae
560 279 732 339 nominatim
748 277 996 338 excommunicati
1016 278 1103 338 modo
1118 279 1250 340 defuncti
1263 301 1318 358 pro
1339 281 1402 342 eius

70 364 181 433 anima,
203 361 231 422 si
251 363 330 422 forte
351 361 382 420 in
403 360 502 436 gratia
524 359 695 420 decesserit.

71 479 252 555 Quanamun
276 478 305 535 1ο
325 495 379 553 ιιιο
407 475 513 552 quibus
541 475 605 534 iure
635 474 733 533 divino
763 481 792 533 et
823 472 1030 533 ecclesiastico
1059 475 1201 534 celebrari
1231 476 1326 553 possit
1354 477 1402 537 vel

326 575 384 615 non
406 556 510 632 possit.
600 593 606 603 ι

277 657 307 712 20
328 653 396 730 quid
419 653 456 712 de
477 653 601 728 singulis
626 651 840 711 intentionibus
856 651 1036 710 enumeratis
1051 652 1240 712 iudicandum
1261 653 1402 730 seuquid

327 733 477 794 sacerdoti
496 733 538 792 sit
558 732 733 793 faciendum.

671 932 805 1000 solutio.

160 1086 216 1151 Aa
240 1105 432 1162 ouansrruu
458 1087 495 1150 1¹¹²
518 1085 557 1151 R.
585 1088 613 1150 1.
647 1085 721 1149 lure
745 1083 854 1149 divino
878 1084 975 1167 plane
999 1084 1170 1168 incapaces
1194 1089 1271 1152 aunt
1294 1086 1400 1153 cuius·
1414 1106 1462 1160 191

13 1172 25 1213 ·⁸
70 1176 152 1242 libet
175 1174 307 1242 fructus
328 1195 389 1258 pro
411 1194 448 1240 se
471 1173 649 1259 recipiendi
671 1173 694 1238 ii
717 1173 773 1255 qui
788 1173 854 1238 iam
870 1177 948 1238 sunt
971 1173 1004 1238 in
1027 1173 1142 1240 ultimo
1166 1175 1306 1241 termino
1331 1195 1400 1253 suc,

71 1264 200 1331 scilicet
226 1262 259 1346 1)
283 1263 430 1331 damuati
453 1283 512 1329 seu
535 1284 648 1329 omnes
671 1261 726 1344 qui
749 1261 892 1328 finaliter
915 1263 1041 1328 exclusi
1061 1267 1140 1329 sunt
1162 1284 1183 1329 a
1206 1269 1402 1349 supernatu-

72 1354 132 1420 rali
158 1352 325 1420 consortio
349 1374 423 1419 cum
447 1352 533 1429 Deo;
559 1352 593 1434 2)
617 1351 706 1418 beati
729 1351 782 1434 qui
807 1352 912 1417 Deum
934 1351 1199 1436 inseparabiliter
1221 1353 1400 1436 possident,

72 1464 145 1508 cum
171 1440 292 1507 nullius
321 1440 368 1506 rei
399 1444 521 1525 egeant
550 1461 656 1523 neque
687 1440 856 1523 augendae
889 1439 1059 1508 felicitatis
1082 1441 1149 1507 siut
1172 1462 1321 1525 capaces.
1367 1442 1401 1510 Si

17 1600 21 1625 ἱ
71 1531 176 1615 igitur
204 1551 265 1616 pro
295 1530 346 1595 his
368 1529 603 1614 posterioribus
632 1528 820 1597 semiesas
849 1530 1043 1595 sacrificium
1067 1531 1219 1609 offertur,
1249 1531 1283 1596 id
1313 1553 1401 1597 sum-

72 1643 161 1686 mum
185 1619 256 1685 heri
279 1623 392 1703 potest
414 1619 456 1684 ad
480 1640 590 1684 eorum
604 1617 753 1720 gloriam
776 1618 1012 1686 accidentalem
1036 1619 1103 1683 cult
1088 1622 1223 1702 tumque
1245 1620 1279 1684 in
1302 1620 1401 1686 terris

10 1765 32 1798 4
72 1708 270 1793 augendum,
294 1708 349 1790 qui
372 1728 438 1774 non
459 1707 560 1774 tam
551 1707 631 1791 ipsis
653 1707 786 1791 prodest
810 1728 906 1789 quam
931 1729 1042 1773 eorum
1066 1709 1255 1774 cultoribus

162 1796 322 1864 Similiter
344 1796 446 1861 missa
468 1796 576 1862 offerri
607 1801 719 1881 potest
704 1796 789 1863 tad
820 1817 933 1862 eorum
956 1797 1087 1862 laudem
1117 1797 1308 1880 gratiasque
1331 1798 1400 1864 Deo

10 1876 27 1973 ι
72 1887 221 1971 agendoe
243 1907 303 1970 pro
326 1885 491 1952 beneficiis
513 1885 600 1952 beat'
576 1890 620 1952 ιιι
642 1884 707 1951 illis
731 1885 841 1951 collat'
832 1907 869 1950 ιι.

162 1993 203 2059 Β.
228 1995 260 2060 2
293 1992 438 2077 (lapaces
460 1995 546 2070 sunt,
571 1996 730 2074 quantum
753 1992 932 2058 solumrus
956 1991 1101 2056 divinum
1125 1998 1312 2076 spectatur,
1336 2015 1401 2060 non

74 2082 248 2150 cuiuslibet
271 2080 411 2164 quidem,
435 2082 492 2146 sed
508 2041 646 2146 alicuius
661 2081 847 2148 fructus:l
833 2081 864 2163 1)
888 2101 1001 2146 omnes
1024 2080 1171 2147 homines
1195 2082 1229 2147 in
1245 2083 1307 2148 hac
1330 2083 1402 2150 vita

10 2223 17 2234 .
73 2172 290 2250 exsistentes,
321 2171 421 2238 etiam
444 2169 608 2246 infidelem
637 2169 672 2252 2)
695 2191 737 2235 ex
761 2190 895 2236 numero
920 2170 1148 2236 defunctorum
1171 2172 1276 2237 solum
1299 2172 1322 2237 ii
1345 2173 1401 2256 qui

72 2262 104 2328 in
126 2259 322 2346 purgatorio
345 2259 519 2327 exsistunt

10 2414 26 2439 ‚‚
162 2349 288 2415 Verum
311 2353 348 2416 ut
370 2349 466 2433 plene
488 2347 561 2431 quis
584 2368 691 2432 capax
706 2347 751 2413 sit
766 2346 909 2413 omnium
931 2349 1107 2424 fructuum,
1133 2348 1229 2414 debet
1215 2352 1400 2432 t-praeter

74 2461 112 2506 ea
142 2444 179 2506 et
210 2437 396 2540 baptizatus
426 2458 497 2503 asse
528 2437 600 2504 et
591 2459 625 2502 ιιι
655 2441 745 2503 statu
775 2441 852 2519 grat
853 2437 904 2502 iae
933 2436 1071 2518 atque
1062 2459 1096 2502 ιιι
1127 2437 1241 2504 adulta
1271 2443 1399 2511 aetatc;

12 2527 219 2611 alioquin
242 2526 327 2593 enim
357 2526 500 2611 incapax
528 2530 581 2593 est
602 2526 690 2591 illius
712 2525 800 2592 fruct
785 2530 839 2592 tus
869 2524 990 2608 quiex
1013 2546 1111 2609 opere
1135 2530 1310 2681 operatos
1248 2526 1400 2592 ιιιιιιιιι

10 2657 18 2697 ;
74 2638 191 2684 sensus
213 2615 414 2701 producitur,
438 2615 580 2681 maxime
604 2614 731 2681 fructus
754 2615 973 2697 calefactorii.
1016 2614 1090 2680 Nisi
1114 2616 1198 2680 enim
1222 2615 1266 2681 sit
1289 2615 1401 2681 vivum

10 2707 256 2773 membrum
279 2704 312 2769 in
344 2725 478 2806 corpore
502 2703 621 2769 Christi
595 2703 807 2786 t,mystico
839 2704 925 2785 quod
955 2703 1081 2769 influxu
1104 2703 1138 2768 vi
1139 2705 1199 2771 tali
1228 2725 1249 2769 a
1272 2704 1400 2772 Chris

73 2796 168 2862 huius
192 2793 338 2879 corporis
355 2793 470 2895 'capite
491 2793 674 2877 profluente
696 2792 825 2876 pleno
817 2814 886 2857 rure
910 2792 974 2857 frui
999 2792 1119 2875 possit,
1153 2792 1281 2859 fructus
1305 2815 1400 2876 quem

10 2884 238 3007 ,percipiat
264 2881 477 2966 restringitur
507 2882 549 2948 ad
579 2881 720 2963 aliquem
753 2884 1006 2968 impetrator-ium
1036 2881 1124 2947 fruct
1110 2886 1180 2947 tum
1210 2903 1313 2964 eaque
1343 2884 1401 2949 ob·

21 3034 26 3059 ,
21 2966 159 3040 'iacta
184 2993 270 3055 quae
292 2971 336 3038 ad
358 2971 488 3038 modum
511 2970 751 3055 impetrationis
775 2970 841 3036 obt
817 2971 914 3036 tmeri
937 2973 1074 3054 possunt
1089 2992 1148 3055 pro
1172 2971 1262 3037 aliis:
1286 2993 1307 3036 a
1330 2971 1401 3055 qui-

10 3065 132 3149 ..bus
157 3067 272 3129 ιιιιιιιιι
296 3081 362 3126 non
385 3061 517 3127 exsulat
503 3060 647 3143 tquivis
669 3061 799 3125 fructus
821 3059 1079 3144 propitiatorius

162 3167 203 3235 R.
229 3170 260 3234 3.
304 3166 380 3234 Iure
402 3165 624 3233 ecclesiastico
647 3171 742 3251 praet
744 3186 821 3232 erea
845 3167 970 3232 exclusi
993 3171 1071 3233 sunt
1103 3166 1157 3248 qui
1181 3187 1319 3232 censura
1342 3188 1401 3232 ex·
1414 3188 1463 3242 192

10 3234 29 3337 ,l
74 3254 378 3324 communicationis
400 3255 555 3339 ligantur,
579 3256 627 3322 ita
650 3260 687 3321 ut
713 3256 745 3337 1)
768 3277 828 3339 pro
851 3258 993 3321 vitandis
1018 3276 1123 3337 neque
1145 3256 1244 3323 liceat
1268 3257 1401 3321 missam

10 3385 16 3427 ι
75 3347 245 3413 celebrare
275 3365 380 3428 neque
409 3344 537 3430 possint
566 3344 606 3410 iis
636 3345 745 3410 valide
775 3344 823 3409 illi
847 3345 975 3411 fructus
998 3345 1157 3428 applicari
1188 3344 1242 3426 qui
1265 3367 1401 3429 respon·
1514 3413 1518 3420 ,

10 3412 29 3513 ,l
74 3437 154 3502 dent
176 3433 401 3520 impetrationi
424 3433 609 3509 Ecclesiam
635 3434 669 3514 2)
692 3455 751 3517 pro
768 3437 910 3500 toleratis
924 3435 959 3500 in
974 3434 1122 3499 favorem
1138 3433 1279 3498 fidelium
1297 3434 1401 3519 possit

22 3526 206 3608 quidem
230 3522 370 3590 limitato
394 3544 492 3588 sensu
522 3523 622 3588 missa
646 3523 821 3600 celebrari,
853 3529 889 3590 at
918 3524 1104 3605 requiratur
1134 3523 1233 3589 etiam
1259 3523 1401 3606 positiva

75 3613 215 3682 intentio
245 3616 281 3680 et
310 3610 487 3696 applicatio
511 3613 552 3677 ad
575 3611 607 3676 id
638 3616 676 3678 ut
705 3634 747 3678 ex
770 3574 916 3695 geherali
945 3612 1055 3679 fructu
1085 3611 1228 3693 alioquin
1253 3612 1401 3678 omnibus

23 3705 212 3829 'patente
236 3700 412 3784 quidquam
436 3701 604 3785 recipiant
580 3700 853 3767 tSeveriort
819 3701 918 3767 etiam
941 3701 1093 3786 prohibit
1084 3723 1115 3766 10
1068 3705 1191 3768 test
1214 3702 1321 3784 quoad
1345 3722 1401 3767 eos

23 3778 129 3881 {qui
151 3790 284 3857 haeresi
307 3789 361 3856 vel
384 3789 560 3857 schismate
583 3790 624 3856 ab
648 3790 796 3856 Ecclesia
819 3791 913 3874 plene
937 3791 1073 3857 seiuncti
1097 3795 1190 3868 sunt,
1222 3795 1258 3856 ut
1288 3790 1400 3857 statim

76 3882 181 3948 fusius
204 3879 342 3949 dicetur

10 4071 15 4083 ,
164 4006 219 4072 An
242 4006 498 4080 connumera*
521 4002 559 4068 R.
587 4005 615 4069 1
662 4003 809 4085 infantes
840 4006 909 4068 sine
933 4004 1086 4088 baptismo
1117 4002 1261 4078 defaecati
1237 4013 1400 4068 secun·
1413 4024 1463 4077 193

10 4137 21 4178 :
76 4097 151 4162 dum
176 4095 273 4160 fidem
297 4097 352 4159 cat
338 4092 502 4169 thelicam,
527 4113 599 4156 oum
624 4092 775 4173 originali
800 4097 935 4175 peccato
900 4092 1069 4158 tinfect
1045 4096 1070 4157 ιι
1087 4091 1153 4156 sint
1139 4096 1212 4156 tet
1234 4095 1400 4168 nraneant,

10 4226 20 4257 =
75 4185 333 4270 inperpetuum
367 4202 387 4248 a
416 4181 658 4265 supernaturali
683 4181 769 4247 beati
772 4181 884 4246 tudine
907 4185 984 4246 sunt
970 4180 1149 4246 texolusi,
1197 4180 1400 4261 Quamquam

10 4301 39 4345 :i
75 4274 156 4341 fides
180 4293 246 4339 non
269 4274 364 4337 vetat
386 4274 504 4355 putare
527 4291 583 4334 eos
606 4269 749 4336 naturali
773 4271 914 4351 quadam
937 4269 1096 4336 felicitate
1117 4268 1191 4344 frui,
1216 4274 1327 4334 tamen
1352 4269 1401 4332 di-

10 4380 30 4416 ³
75 4359 383 4431 cunturinourrisse
401 4359 545 4425 damnat
521 4363 642 4424 tionem
660 4380 764 4441 neque
783 4357 923 4442 amplius
939 4358 1097 4423 influxum
1116 4318 1216 4421 ulluin
1229 4378 1249 4422 a
1262 4356 1400 4433 Christo,

10 4463 13 4496 ³
75 4454 184 4539 capite
208 4448 391 4524 hominum,
421 4448 455 4513 in
486 4447 598 4513 ordine
628 4447 869 4532 supernaturali
901 4448 1046 4530 recipere
1069 4451 1293 4528 possunt-
1248 4406 1401 4510 -Cuni
