3044 5174
148 281 213 346 286
603 276 808 332 Sacramentum
826 278 1017 348 paenitentiae.

145 454 368 536 interrogare:
399 453 557 538 imprimis
587 474 658 531 eos,
693 452 747 536 qui
776 431 934 519 necdum'
944 455 1052 522 sciunt
1080 455 1210 540 integre
1239 456 1409 536 confiteri,
1440 462 1474 524 ut

147 544 284 622 discant,
309 543 338 608 si
360 543 447 609 forte
467 542 533 608 alia
556 543 629 608 vice
652 542 753 608 talem
776 542 935 608 malitiam
959 545 1172 623 contrahant;
1197 545 1316 611 deinde
1330 545 1408 612 illos
1423 547 1474 630 qni

146 655 205 698 suo
229 639 377 717 tempore
401 631 622 697 confessiones
645 631 787 697 audituri
812 635 904 711 sunt,
936 638 973 699 ut
1004 634 1132 701 discant
1161 634 1244 701 alios
1267 636 1474 702 confessuros

147 728 225 806 apte
246 722 482 803 interrogare.“

237 828 390 894 Suarez
408 828 429 892 l.
447 849 474 893 c.
491 848 523 895 n.
541 829 575 893 3:
598 826 650 903 ,Si
665 825 874 893 considerata
890 827 1077 894 condicione
1092 829 1303 912 paenitentis,
1320 830 1472 910 moribus,

146 918 284 983 scientia
309 924 343 984 et
372 916 575 999 longitudine
599 921 657 982 aut
687 915 850 982 brevitate
873 917 1030 1000 temporis
1053 922 1087 984 et
1111 918 1185 984 aliis
1208 919 1473 997 circumstantiis,

146 1006 361 1091 probabiliter
390 1026 428 1071 ac
457 1004 636 1090 prudenter
665 1003 786 1071 iudicet
809 1005 977 1071 confessor
1002 1007 1225 1090 paenitentem
1248 1007 1381 1091 integre
1404 1030 1473 1074 esse

146 1096 348 1172 confessum,
380 1116 442 1159 non
466 1098 599 1161 tenetur
622 1093 664 1159 ad
687 1093 956 1175 interrogandum
981 1096 1120 1177 aliquid,
1150 1118 1223 1162 cum
1245 1097 1278 1162 in
1304 1096 1355 1163 his
1379 1099 1474 1163 rebus

146 1206 212 1250 non
241 1185 284 1251 sit
314 1182 418 1249 maior
448 1182 614 1248 evidentia
643 1182 847 1264 requirenda,
874 1235 881 1250 .
907 1236 946 1250 ..
988 1184 1071 1261 Quin
1094 1186 1203 1269 potius
1231 1185 1265 1251 in
1290 1186 1474 1253 huiusmodi

146 1277 268 1340 eventu
302 1272 438 1338 iudicari
472 1276 585 1355 posset
618 1271 784 1354 quaelibet
817 1272 1033 1356 interrogatio
1068 1272 1175 1340 otiosa
1209 1279 1243 1342 et
1277 1277 1410 1341 nudosa
1442 1281 1475 1343 et

146 1384 285 1428 onerosa
309 1360 507 1445 paenitenti,
539 1381 623 1442 quae
646 1360 755 1426 omnia
777 1361 913 1426 uitanda
937 1365 1042 1430 sunt.“
1092 1363 1175 1429 Dein
1199 1386 1230 1432 n.
1256 1366 1293 1430 5:
1327 1365 1473 1444 ,Adver-

146 1454 280 1518 tondum
305 1452 404 1518 etiam
427 1451 460 1515 in
484 1451 545 1515 hoc
569 1454 707 1515 estnon
731 1455 883 1532 oportere
907 1451 947 1515 de
970 1451 1119 1517 omnibus
1142 1454 1239 1518 rebus
1254 1451 1473 1536 interrogare,

146 1543 204 1607 sed
235 1542 275 1606 de
304 1541 345 1606 iis
375 1561 475 1623 quae,
507 1539 715 1605 considerata
739 1539 926 1604 condicione
952 1541 1153 1624 paenitentis
1176 1545 1210 1608 et
1232 1542 1354 1609 notitia
1378 1564 1475 1626 quam

146 1632 216 1715 ipse
238 1631 278 1695 de
294 1652 330 1695 se
346 1629 416 1714 ipso
440 1628 587 1713 praebet,
611 1627 825 1711 probabiliter
847 1633 985 1713 possunt
1007 1630 1040 1694 in
1064 1652 1137 1696 eum
1161 1631 1337 1698 convenire
1360 1653 1421 1698 seu
1442 1632 1475 1699 in

146 1719 314 1805 probabile
338 1719 469 1785 dubium
494 1719 635 1782 venire.“

86 1846 138 1901 502
235 1826 273 1893 R.
306 1829 336 1892 3.
390 1823 610 1907 Interrogatio
642 1822 793 1889 facienda
826 1829 876 1891 est
907 1824 1011 1908 primo
1045 1825 1190 1908 quidem,
1226 1829 1264 1892 ut
1297 1827 1474 1912 integritas

148 1916 361 1982 confessionis
385 1919 594 1998 procuretur3
619 1913 676 1978 sed
698 1912 796 1978 etiam
814 1913 854 1978 de
869 1912 909 1977 iis
924 1915 1022 1979 rebus
1038 1936 1121 1997 quae
1137 1915 1324 1982 iudicantur
1340 1917 1473 2000 cognitu

147 2005 351 2071 necessariae
375 2024 457 2077 esse,
481 2007 519 2070 nt
542 2006 632 2068 recte
656 2002 861 2067 discernatur
883 2002 1052 2086 dispositio
1069 2009 1168 2086 atque
1184 2004 1330 2071 remedia
1348 2007 1474 2090 possint

147 2093 334 2178 praescribi,
359 2115 397 2159 ac
413 2092 507 2176 proin
522 2091 697 2176 praecipue
714 2091 754 2155 de
770 2090 940 2157 occasione
956 2093 1112 2176 peccandi
1128 2098 1162 2159 et
1177 2095 1320 2179 relapsu,
1345 2095 1473 2177 quando

148 2205 190 2250 ex
212 2183 411 2268 paenitentis
427 2181 635 2248 accusatione
651 2181 704 2246 vel
721 2179 908 2246 condicione
925 2181 964 2246 de
982 2181 1022 2246 iis
1038 2181 1178 2266 suspicio
1194 2183 1265 2249 inre
1280 2183 1427 2268 concipit
1464 2237 1471 2250 .

236 2291 271 2354 ld
297 2289 381 2355 enim
405 2287 553 2371 sequitur
576 2309 617 2352 ex
641 2308 679 2352 eo
704 2287 789 2369 quod
813 2286 1033 2352 confessarius
1055 2287 1106 2353 ius
1129 2287 1229 2355 habet
1253 2290 1293 2354 de
1315 2289 1355 2355 iis
1379 2291 1472 2356 rebus

147 2378 388 2461 interrogandi,
418 2382 457 2443 ut
480 2398 522 2442 ex
545 2398 637 2460 prop.
663 2377 704 2440 58
729 2376 769 2440 ab
795 2376 932 2441 innoc.
956 2377 1002 2440 XI
1026 2377 1056 2443 d.
1084 2380 1103 2442 2
1127 2376 1240 2443 Martii
1266 2381 1351 2445 1679
1385 2380 1470 2445 dam-

147 2474 228 2533 nata
252 2470 400 2533 constat:
436 2466 530 2544 ,Non
558 2471 709 2531 tenemur
733 2464 932 2530 confessario
964 2465 1181 2549 interroganti
1206 2466 1306 2534 fateri
1338 2467 1470 2534 alicuius

147 2557 274 2641 peccati
299 2558 582 2622 corrsuetudincm.“
621 2554 684 2620 Sed
702 2553 754 2618 ius
769 2575 833 2617 non
857 2553 956 2620 habet
979 2554 1042 2619 nisi
1065 2556 1106 2620 ad
1129 2555 1280 2622 notitiam
1305 2578 1392 2639 quae
1415 2557 1469 2622 sibi

148 2650 327 2712 necessario
353 2666 424 2710 esse
448 2644 561 2730 possit
586 2664 682 2726 porro
706 2642 1098 2710 necessariamnotitiam
1121 2666 1188 2710 non
1210 2649 1341 2712 tanturn
1365 2651 1469 2731 potest

147 2735 208 2801 sibi
232 2755 418 2818 procurare,
443 2735 500 2799 sed
525 2734 621 2799 debet,

85 2884 138 2938 503
235 2866 289 2932 An
319 2887 511 2943 ouansrruu
543 2868 581 2929 2¹³¹
613 2865 651 2930 R.
686 2868 713 2929 1.
767 2864 890 2930 Debuit
920 2864 1116 2946 Philogenes
1147 2864 1355 2947 interrogare
1390 2868 1469 2934 circa
1510 2904 1512 2909 .

146 2958 280 3024 furtum.
327 2956 414 3021 Nam
437 2955 559 3020 furtum
585 2974 643 3037 pro
667 2954 806 3019 materia
836 2958 946 3036 potest
969 2974 1042 3018 esse
1064 2975 1168 3036 grave
1191 2955 1244 3019 vel
1269 2956 1354 3022 leve.
1402 2957 1468 3022 Nisi

147 3067 225 3147 ergo
248 3045 390 3111 voluerit
412 3043 617 3181 interrogare
641 3046 809 3196 accurlate.i
828 3042 941 3196 w
952 3042 1468 3202 evtalffiizssgeriieoesffflffigss

146 3134 463 3309 iliraqnliiiiatixgiciiri.
511 3132 808 3303 licitariiinirniiiteurie
838 3219 950 3286 debuit
980 3241 1112 3286 monere
1140 3153 1363 3289 iestitutionis
1395 3223 1469 3289 obli·

148 3312 324 3396 gationem,
350 3333 487 3395 eantque
511 3332 638 3394 urgere.

237 3421 275 3486 R.
302 3423 330 3486 2.
379 3419 486 3483 Etiam
518 3416 683 3483 accusatio
715 3416 843 3499 puellae
867 3437 903 3480 se
924 3419 978 3480 ter
999 3437 1153 3499 peccasse
1177 3438 1250 3482 cum
1274 3419 1401 3485 amasio
1424 3422 1471 3485 est

148 3508 244 3573 nimis
276 3530 379 3591 vaga;
416 3507 527 3573 debuit
561 3506 661 3588 igitur
692 3505 862 3587 Philogeni
896 3504 986 3570 brevi
1020 3504 1278 3587 interrogatione
1311 3514 1470 3583 constare,

148 3619 224 3662 num
248 3597 421 3679 intellegat
443 3600 613 3680 peccatum
638 3599 897 3660 consummatum
927 3593 1168 3673 fornicationis,
1200 3617 1242 3660 an
1271 3596 1402 3679 peiora,
1432 3619 1471 3663 an

148 3687 342 3771 imperfecta
364 3690 493 3751 tantum
518 3690 552 3751 et
575 3705 669 3767 quae.

224 3803 275 3869 n.
301 3805 331 3869 3.
379 3801 535 3868 Similiter
566 3799 731 3866 accusatio
762 3799 801 3864 de
831 3797 942 3882 pravis
966 3797 1220 3880 cogitationibus
1243 3820 1309 3864 non
1332 3800 1398 3868 fuit
1425 3801 1471 3867 in·

147 3898 243 3974 tegra
273 3893 327 3957 vel
357 3895 529 3969 accurata,
561 3890 622 3955 nisi
651 3889 736 3953 forte
766 3889 897 3972 plenum
921 3909 1114 3952 consensum
1137 3909 1201 3953 non
1225 3889 1353 3956 dederit
1377 3889 1472 3955 —id

149 3983 233 4063 quod
264 3981 297 4046 in
327 3981 453 4064 puella,
484 4000 569 4062 quae
598 3978 772 4061 aliquoties
802 3998 899 4060 opere
926 3977 1092 4059 peccavit,
1125 3977 1301 4043 verisimile
1324 4000 1391 4044 non
1414 3984 1471 4045 est.

149 4072 183 4137 Si
207 4093 284 4135 vero
309 4071 440 4154 plenum
464 4090 656 4134 consensum
686 4067 791 4144 dedit,
823 4066 1057 4146 interroganda
1087 4071 1159 4132 erat
1189 4070 1258 4132 turn
1289 4070 1472 4136 accuratius

150 4163 329 4246 despecte,
360 4158 511 4224 videlicet
542 4157 706 4223 fuerintne
736 4176 825 4221 mere
855 4155 1072 4237 cogitationes
1102 4160 1137 4221 et
1166 4156 1406 4239 complacentia
1435 4157 1472 4223 de

148 4249 278 4314 luxuria
302 4271 374 4314 curn
399 4249 503 4315 altero
527 4269 618 4323 sexu,
643 4267 685 4310 an
710 4246 809 4311 etiam
834 4244 993 4309 desideria
1015 4248 1049 4309 et
1072 4265 1172 4326 quae;
1197 4251 1267 4310 tum
1283 4247 1325 4311 de
1340 4268 1472 4312 numero

149 4338 350 4419 singulorum
374 4343 581 4421 peccatorum
605 4335 712 4419 specie
737 4334 979 4410 distinctorum,
1004 4334 1123 4399 saltem
1145 4334 1273 4415 quoties
1297 4335 1331 4400 in
1355 4336 1471 4402 hebdo-

149 4429 255 4505 mada,
281 4427 332 4492 die
356 4427 556 4492 occurrerint
580 4424 718 4490 circiter.

230 4544 276 4609 R.
295 4546 325 4610 4.
365 4543 456 4608 Circa
480 4542 742 4607 maledictionem
766 4539 851 4604 ratio
875 4542 947 4603 erat
962 4534 1196 4621 interrogandi,
1220 4560 1297 4604 num
1316 4562 1354 4606 en
1370 4544 1470 4607 aretino

149 4653 251 4715 grave
276 4633 397 4697 malum
420 4631 601 4716 optaverit;
627 4630 764 4714 quodsi
788 4628 875 4707 fecit,
900 4649 1053 4693 numerus
1077 4629 1152 4694 addi
1176 4630 1282 4697 debet.
