3044 5174
443 282 641 351 Indulgentiae.
661 313 693 323 -
713 282 798 339 Valor
816 289 845 338 et
863 284 1042 341 condiciones.
1280 318 1282 324 ·
1342 291 1410 355 361·

76 460 167 544 quod
188 465 359 543 tamquam
383 459 528 525 condicio
552 480 572 525 a
595 460 743 525 fidelibus
766 462 963 545 postulatur.
994 462 1041 528 m
1056 483 1252 546 quamquam
1277 464 1411 532 videtur

77 551 121 616 ad
144 550 293 615 valorem
316 549 539 631 indulgentiae
563 571 627 614 non
649 551 723 634 plus
746 550 884 632 requiri,
919 550 982 616 nisi
1005 554 1042 617 ut
1065 551 1119 634 qui
1144 553 1303 632 concedit,
1323 577 1410 639 pru-

79 642 194 705 denter
215 641 336 704 iudicet
359 639 478 704 iustam
502 659 637 705 causam
660 643 695 704 et
717 639 999 724 proportionatam
1015 641 1159 718 subesse,
1183 647 1295 708 tamen
1310 664 1353 708 ne
1375 643 1409 708 id

76 727 211 810 quidem
235 732 362 829 certum
386 731 451 829 eet,
472 727 505 829 si·
522 748 559 829 re
582 727 654 830 ipsa
678 748 778 794 causa
801 749 911 794 coram
927 729 998 794 Deo
1021 751 1086 794 non
1109 729 1209 797 fuerit
1231 732 1409 810 sufficiens,

76 817 701 988 iitiifficlriissiiatilti
723 817 1345 976 lilia„ffiilttltntill
1366 844 1410 976 'a

78 1003 206 1060 taniam
228 994 463 1070 remissionem,
488 994 613 1061 valebit
635 999 749 1061 tamen
772 996 815 1061 ad
838 1000 990 1082 aliquam.

171 1093 225 1159 Ea
243 1101 339 1178 paria
361 1095 521 1158 lucralari
543 1092 765 1174 indulgentias
788 1093 938 1159 defectus
954 1093 1038 1159 varii
1061 1100 1199 1179 possunt
1222 1103 1475 1162 occurrereztsse

81 1183 116 1264 1)
139 1185 179 1247 ut
200 1203 265 1247 non
289 1181 476 1266 impleverit
498 1181 588 1266 ipsas
611 1182 817 1247 condiciones
840 1203 897 1248 seu
922 1204 1022 1268 opera
1044 1184 1265 1268 praescripta;

172 1280 208 1363 2)
230 1283 269 1345 ut
282 1278 353 1362 ipse
368 1279 484 1362 culpae
498 1282 611 1345 reatus
633 1280 775 1344 nondum
798 1279 843 1345 sit
858 1281 1030 1346 remissus:
1045 1281 1140 1364 ⁴quod
1157 1282 1184 1347 si
1200 1281 1249 1348 ita
1264 1287 1325 1360 est,
1349 1282 1412 1347 im·

79 1368 239 1453 possibile
255 1373 308 1434 est
320 1367 467 1434 obtinere
479 1367 659 1433 efficaciter
669 1368 917 1450 indulgentiam.
947 1370 1017 1435 Hoc
1034 1369 1136 1452 igitur
1148 1371 1307 1454 imprimis
1319 1372 1413 1439 valet

81 1458 123 1523 de
138 1478 178 1523 eo
195 1457 249 1539 qui
265 1479 332 1522 non
347 1456 391 1522 sit
405 1457 439 1521 in
455 1461 546 1523 statu
562 1457 707 1539 gratiam
724 1458 782 1523 sed
798 1459 898 1524 etiam
914 1458 947 1523 in
964 1480 1037 1523 eum
1054 1459 1106 1541 qui
1124 1459 1158 1524 in
1173 1464 1263 1525 statu
1281 1461 1411 1542 quidem

80 1547 215 1629 gratiae
236 1551 298 1624 est,
323 1549 361 1612 at
382 1546 528 1630 peccatis
543 1547 727 1612 venialibus
742 1548 849 1630 quoad
866 1548 995 1632 culpam
1018 1569 1084 1614 non
1100 1549 1216 1614 deletis
1239 1549 1412 1628 obnoxius,

81 1636 214 1719 plenum
239 1657 333 1700 suum
357 1637 510 1700 effectum
533 1635 738 1718 indulgentie
761 1657 917 1702 exercere
939 1636 1062 1719 nequit.
1095 1639 1253 1703 Attamen
1276 1638 1332 1704 ille
1356 1640 1411 1720 qui

81 1724 321 1808 indulgentiam
345 1724 525 1808 plenariam
548 1729 684 1808 propter
713 1725 841 1809 peccati
863 1725 1003 1791 venialis
1033 1726 1236 1792 obstaculum
1266 1749 1330 1792 non
1360 1728 1411 1793 lu·

82 1820 196 1880 aratur
219 1814 324 1898 plene,
350 1834 422 1879 eam
447 1813 655 1878 nihilominus
678 1814 799 1879 lucrari
822 1819 933 1899 potest
949 1815 1056 1880 minus
1078 1816 1184 1899 plene,
1209 1815 1336 1882 scilicet
1351 1836 1412 1881 ⁴re-

80 1902 151 1968 late
174 1902 217 1968 ad
240 1902 463 1968 remissionem
487 1923 683 1987 poenarum,
707 1925 792 1985 quae
815 1905 960 1988 peccatis
983 1904 1090 1986 quoad
1114 1905 1242 1988 culpam
1265 1904 1330 1970 iam
1354 1906 1412 1970 de-

81 1991 159 2057 letis
182 2012 226 2056 ex
248 2012 284 2056 se
308 1991 477 2057 debentur.
523 2034 526 2037 -

174 2088 210 2170 3)
239 2088 356 2155 Rolate
385 2089 427 2154 ad
459 2089 630 2154 defunctos
660 2110 713 2155 res
744 2094 796 2155 est
825 2089 926 2155 etiam
957 2089 1064 2173 magis
1096 2090 1237 2156 incerta:
1273 2095 1414 2174 possunt

81 2178 169 2243 enim
194 2179 342 2244 occultae
357 2177 501 2244 rationes
524 2177 670 2245 iustitiae
691 2179 821 2243 divinae
846 2179 988 2257 obstare,
1016 2180 1187 2261 quominus
1210 2180 1329 2246 solutio
1354 2181 1412 2245 ob·

82 2266 153 2333 lata
176 2288 236 2351 pro
261 2271 352 2334 certa
382 2267 493 2349 aliqua
522 2267 631 2332 anima
662 2272 870 2352 acceptetur,
902 2268 955 2332 vel
986 2269 1158 2350 quominus
1187 2269 1229 2334 ad
1261 2271 1413 2335 effectum

86 2357 228 2422 totalem
251 2361 450 2439 acceptetur.
497 2355 561 2422 Sed
584 2357 612 2422 si
636 2378 717 2440 opus
747 2357 986 2441 praescriptum
1010 2357 1177 2441 impletum
1203 2363 1255 2425 est
1285 2358 1414 2424 avivis

85 2466 194 2528 neque
218 2466 260 2510 ex
283 2450 378 2530 parte
402 2465 521 2511 causae
545 2446 648 2512 clavis
678 2447 828 2512 totaliter
851 2446 1029 2525 erraverit,
1061 2449 1193 2533 aliquod
1221 2447 1414 2531 suffragium

86 2535 252 2600 defunctis
275 2556 405 2619 semper
427 2535 543 2610 fertur,
567 2535 717 2600 siminus
740 2535 804 2600 illis
824 2535 995 2601 animabus
1018 2557 1099 2618 quas
1122 2536 1178 2619 qui
1200 2558 1300 2621 opera
1323 2537 1416 2620 ponit
1472 2574 1475 2605 2

85 2624 175 2690 forte
198 2623 350 2690 intendat
372 2623 497 2701 iuvare,
522 2624 641 2690 saltem
665 2625 738 2689 aliis
762 2646 821 2708 pro
846 2625 976 2691 divinae
991 2626 1174 2692 voluntatis
1197 2626 1414 2710 beneplacito.

176 2722 357 2787 Ecclesiam
375 2723 562 2788 nullatenus
574 2723 660 2787 velle
675 2722 832 2788 auxilium
846 2723 1060 2805 undequaque
1073 2729 1198 2790 certum
1211 2724 1415 2807 promittere,

84 2811 189 2878 habes
214 2832 256 2876 ex
272 2813 366 2897 aaa
390 2814 423 2879 S.
443 2812 476 2878 0.
493 2811 621 2896 Indulp.
647 2811 677 2877 d.
702 2812 732 2877 d.
759 2814 801 2876 28
824 2812 897 2876 Iulii
924 2814 1008 2877 1840
1033 2811 1140 2890 (Daca.
1164 2815 1250 2878 autb.
1268 2834 1299 2879 u.
1318 2815 1414 2895 283):

89 2900 174 2977 ,Per
196 2900 434 2983 indulgentiam
458 2900 555 2966 altari
571 2900 780 2985 privilegiato
804 2922 977 2979 annexam,
1001 2901 1027 2965 si
1045 2905 1214 2985 spectetur
1228 2922 1321 2966 mens
1337 2923 1415 2966 con·

85 2989 234 3055 cedentis
258 2993 292 3055 et
315 3010 393 3055 usus
416 2990 594 3073 potestatis
617 2990 777 3067 clavium,
801 2990 1057 3073 intellegendam
1081 3011 1153 3055 esse
1176 2990 1414 3072 indulgentiam

85 3079 278 3163 plenariam,
303 3100 387 3161 quae
410 3079 552 3168 animam
576 3079 689 3145 statim
713 3079 830 3145 liberet
854 3080 894 3144 ab
911 3079 1059 3144 omnibus
1075 3079 1258 3163 purgatorii
1281 3079 1412 3163 poenis;

84 3172 114 3234 ai
138 3191 211 3234 cero
233 3177 388 3253 spectetur
412 3171 635 3253 applicationis
659 3168 795 3251 effectas,
819 3171 1061 3254 ialellepcndam
1085 3190 1149 3234 esee
1172 3170 1414 3252 indulqeatiam,

83 3261 178 3323 cuias
191 3280 342 3323 mensura
360 3259 490 3322 diuinae
500 3259 741 3322 misericordiae
753 3257 943 3342 beneplacito
956 3267 983 3322 el
996 3258 1203 3342 applicabant
1214 3257 1410 3344 reapoadel.“

86 3348 146 3413 Tb.
172 3369 212 3413 m.
236 3346 278 3422 Π,
303 3349 377 3412 532.

175 3443 265 3509 Idem
290 3443 454 3526 colligitur
476 3464 519 3509 ex
542 3443 677 3510 Constit.
703 3444 849 3509 Bened.
867 3443 944 3508 XIV
966 3444 1029 3509 Pia
1053 3451 1155 3509 mater
1178 3443 1208 3512 d.
1233 3444 1263 3510 d.
1289 3445 1308 3507 5
1332 3441 1414 3526 Apr.

87 3535 186 3611 1747,
211 3533 245 3598 in
268 3554 334 3616 qua
350 3534 492 3617 amplam
509 3533 638 3616 quidem
655 3533 713 3598 dat
728 3533 922 3599 facultatem
939 3531 1176 3616 impertiendae
1191 3532 1415 3615 indulgentiae

81 3623 118 3688 in
142 3621 281 3689 articulo
297 3622 429 3698 mortis3
453 3622 510 3687 sed
527 3622 640 3687 sedulo
656 3626 767 3688 monet
783 3622 893 3700 etiam,
918 3626 956 3688 ut
971 3621 1204 3688 Christifideles
1219 3625 1416 3687 moneantur

83 3716 120 3778 et
142 3712 335 3793 frequenter
356 3711 577 3789 instruuntur,
613 3735 728 3797 ,paam
751 3715 905 3777 incertam
928 3715 985 3794 sit,
1019 3764 1025 3776 .
1056 3763 1062 3776 .
1088 3763 1095 3775 .
1120 3714 1215 3776 eliam
1240 3735 1282 3776 aa
1305 3713 1415 3777 indal-

82 3804 237 3887 penliam,
262 3803 333 3866 licet
356 3809 482 3866 caterno
506 3805 572 3866 rita
596 3802 658 3866 sibi
682 3804 885 3886 applicatam,
911 3823 980 3865 carn
997 3803 1106 3883 efl'ecla
1122 3803 1187 3865 aial
1199 3799 1413 3886 perceptari“.

175 3925 228 3989 Aa
252 3944 443 4000 ouausmuu
463 3927 502 3988 3²¹
531 3924 570 3990 R.
603 3928 631 3989 1.
679 3923 790 4000 Quoad
822 3923 950 4007 praxim
981 3922 1211 3988 lucrandarum
1241 3923 1477 4004 indulgen-637

82 4013 206 4080 tiarum
236 4033 278 4078 ex
309 4017 447 4095 utraque
477 4018 573 4097 parte
603 4018 752 4079 extrema
783 4013 920 4078 vitanda
949 4017 1042 4088 sunt,
1074 4034 1116 4077 ne
1145 4012 1271 4078 scilicet
1301 4033 1413 4076 earum

82 4102 469 4257 pgplchtzrrvipendatur,
504 4124 588 4167 neve
618 4107 690 4168 tota
720 4103 881 4169 sanctitas
911 4102 944 4166 in
978 4101 1169 4184 colligendis
1202 4099 1414 4183 indulgentiis

175 4289 398 4372 Exstinguere
427 4310 549 4372 poenas
579 4289 778 4373 temporales
809 4288 953 4372 peccatis
984 4287 1111 4353 debitas
1142 4286 1259 4351 nobilis
1283 4286 1412 4368 quidem

83 4379 159 4444 finis
183 4382 250 4457 est,
285 4379 383 4443 immo
407 4379 567 4463 proficisci
590 4383 701 4462 potest
731 4379 772 4443 ab
796 4378 917 4443 eximia
940 4378 972 4442 ia
998 4378 1101 4441 Deum
1125 4377 1282 4452 caritate;
1313 4379 1413 4458 atque

82 4468 113 4534 si
136 4468 279 4534 studium
301 4468 407 4534 fertur
429 4468 462 4532 in
477 4468 637 4533 iuvandos
653 4468 825 4533 defunctos
840 4488 900 4551 per
914 4466 1144 4547 indulgentias,
1169 4485 1207 4529 eo
1223 4465 1294 4547 ipso
1310 4464 1413 4530 habes

82 4557 235 4624 caritatis
258 4556 451 4623 exercitium
474 4557 720 4623 nobilissimum.
752 4557 838 4621 Hinc
861 4578 925 4620 nou
948 4575 1014 4619 una
1030 4555 1135 4619 solum
1151 4555 1208 4619 sed
1228 4555 1413 4637 complures

81 4653 119 4716 et
143 4646 256 4713 variae
279 4647 422 4713 virtutes
445 4646 643 4713 christianae
672 4647 705 4711 in
736 4645 844 4712 studio
874 4645 1104 4709 lucrandarum
1134 4643 1413 4726 indulgentiarum
