3044 5174
649 266 854 322 Sacramentum
873 267 981 322 ordinis.

745 496 880 564 Solutio.

90 648 142 702 753
240 638 613 714 nequissemus.
634 642 661 706 l.
692 640 794 704 Pleno
818 637 1047 720 irregularitas
1066 658 1108 703 ex
1125 636 1255 704 defectu
1279 637 1390 705 famae
1415 660 1476 704 non

151 728 246 794 adest
276 727 339 793 nisi
369 734 445 812 post
473 727 656 794 iudicialem
687 733 803 795 contra
831 749 923 793 reum
952 725 1151 794 seutentiam
1182 725 1244 806 (ita
1273 727 1475 794 D'Annib.

151 816 172 883 l.
198 838 224 883 c.
249 839 281 886 u.
306 818 397 901 430).
444 816 650 902 Quapropter
671 817 706 884 in
728 816 790 883 hoe
813 838 891 883 casu
914 836 1044 900 semper
1065 815 1253 898 requiritur,
1278 816 1378 882 etiarn
1404 824 1476 901 post

152 905 411 972 emendationem
435 906 675 988 longissimam,
708 906 909 992 dispensatio
932 905 971 972 R.
996 904 1174 990 pontificis,
1206 904 1269 970 nisi
1291 904 1380 972 forte
1404 927 1477 972 sen·

150 994 256 1062 tentia
279 995 449 1062 declarata
470 996 515 1061 sit
537 995 591 1061 vel
614 995 784 1062 evidenter
807 999 966 1079 appareat
989 998 1120 1061 iniusta.

239 1101 280 1168 R.
304 1103 334 1167 2.
380 1100 508 1167 Sufficit
531 1105 642 1168 autem
664 1101 707 1167 ad
729 1100 1008 1185 irregularitatem
1031 1104 1138 1166 minas
1160 1101 1288 1184 plenum
1311 1101 1477 1182 quaelibet

151 1188 294 1255 criminis
328 1190 491 1272 gravioris
526 1191 708 1257 notorietas
741 1190 795 1256 vel
830 1191 960 1255 notoria
994 1189 1065 1255 eius
1094 1188 1236 1273 suspicio
1266 1209 1325 1254 seu
1356 1211 1476 1266 rumor,

152 1278 280 1345 etiamsi
303 1301 415 1345 rumor
436 1279 540 1345 falsus
564 1279 618 1347 sit.
649 1280 772 1345 Verum
795 1280 829 1344 in
852 1279 913 1345 hoc
936 1300 1024 1356 casu,
1048 1283 1086 1346 ut
1105 1277 1334 1362 irregularitas
1359 1284 1476 1349 cesset.

152 1368 273 1435 sufficit
318 1368 372 1432 vel
410 1370 480 1434 veri
520 1369 745 1435 manifestatio
783 1369 836 1434 vel
881 1368 929 1433 rei
967 1367 1152 1435 emendatio
1188 1367 1367 1434 manifesta
1407 1369 1478 1452 (per

150 1457 350 1539 triennium).

242 1563 281 1632 R.
305 1567 335 1631 3.
379 1563 597 1630 Nihilominus
620 1585 680 1649 pro
703 1563 864 1646 qualitate
887 1563 1056 1629 criminum
1080 1562 1257 1646 requiritur
1279 1563 1332 1628 vel
1357 1562 1478 1629 sufficit

152 1651 313 1718 iudicialis
336 1653 502 1721 sententia
525 1653 667 1731 diversa,
692 1653 792 1720 utde
815 1653 903 1737 pleni
926 1674 1042 1718 sensus
1064 1651 1313 1736 irregularitate
1337 1657 1477 1719 constet.

153 1742 236 1808 Sunt
259 1742 344 1808 enim
369 1742 505 1808 crimina
528 1743 708 1825 quaedam,
740 1763 824 1825 quae
855 1743 889 1806 in
912 1746 982 1809 iure
1005 1741 1142 1808 infamia
1172 1745 1341 1809 notantur.
1389 1741 1478 1818 Quae

153 1831 181 1895 si
211 1831 363 1897 dicuntur
392 1835 461 1918 ipso
482 1833 570 1915 facto
598 1853 673 1898 reos
700 1831 837 1897 reddere
866 1831 1020 1909 infames,
1052 1835 1089 1897 ut
1118 1829 1256 1897 infamia
1285 1829 1376 1915 pleni
1399 1831 1480 1896 iuris

152 1919 342 1998 inducatur,
373 1921 496 1987 sufficit
523 1926 557 1988 et
579 1920 757 2003 requiritur
787 1920 952 1986 sententia
980 1919 1142 1987 iudicialis
1166 1923 1311 1986 criminis
1335 1920 1479 1985 declaro-

152 2013 246 2075 toria.
303 2045 333 2054 -
376 2010 414 2074 ln
453 2009 526 2076 aliis
561 2010 646 2076 enim
685 2009 874 2076 criminibus
916 2009 1094 2093 requiritur
1129 2009 1294 2076 sententia
1333 2011 1481 2075 conadam·

152 2102 292 2166 notoria.

242 2215 281 2280 R.
306 2216 336 2280 4.
377 2213 519 2280 Crimina
542 2214 658 2297 quibus
683 2216 721 2280 da
745 2218 816 2280 iure
838 2213 974 2281 infamia
997 2234 1127 2280 annexa
1157 2217 1209 2279 est
1238 2218 1317 2280 sunt
1347 2221 1482 2298 praeter

153 2303 315 2369 haeresim
331 2307 366 2369 et
381 2302 604 2369 homicidium:
630 2303 806 2387 periurium
821 2303 855 2368 in
870 2303 998 2379 iudicio,
1015 2303 1163 2380 simonia,
1181 2302 1338 2382 sodomia,
1358 2304 1483 2369 crimen

153 2393 264 2457 laesae
282 2392 422 2459 maiesta
423 2392 476 2469 t,is
501 2392 707 2470 adulterium,
731 2392 882 2493 proditio,
906 2391 1031 2476 rapina,
1056 2391 1262 2468 lenocinium,
1286 2392 1482 2459 exercitium

154 2502 336 2558 usurarum,
360 2480 487 2546 invasio
511 2443 725 2548 cardinaliuin
748 2483 802 2547 vel
827 2481 1067 2565 episcoporum,
1092 2485 1208 2583 raptus
1230 2481 1405 2547 mulierum
1429 2484 1482 2548 vel

154 2569 361 2654 cooperatio,
393 2570 491 2635 duelli
514 2571 693 2654 perpetrat
685 2592 715 2637 lo
739 2570 999 2655 otpatrinorum
1023 2570 1167 2636 muneris
1195 2571 1320 2676 gestio,
1350 2573 1483 2656 paratio

154 2680 319 2725 armorum
343 2663 458 2725 contra
479 2664 651 2743 parentes,
676 2660 767 2725 brevi
791 2660 890 2726 etiam
914 2680 954 2725 ea
978 2659 1114 2724 crimina
1136 2680 1220 2742 quae
1243 2662 1279 2725 in
1302 2664 1375 2726 iuro
1398 2665 1485 2727 ciuili

156 2748 291 2813 infamia
313 2751 481 2814 notantur.
514 2749 671 2826 Quare
637 2771 655 2814 e
672 2749 736 2814 iam
760 2750 852 2831 leges
867 2749 929 2814 loci
946 2749 1164 2814 consulendae
1179 2753 1265 2815 sunt.
1299 2749 1349 2815 ef.
1367 2751 1400 2817 S.
1417 2751 1483 2816 Al-

155 2838 298 2922 phons.
324 2838 396 2915 VII,
422 2841 504 2914 3633
529 2838 787 2905 Laurentius
810 2839 831 2904 l.
857 2860 884 2904 c.
909 2860 939 2904 u.
967 2841 1019 2903 72.

244 2935 376 3001 Plenius
400 2936 481 3001 hacc
504 2936 579 3001 vide
606 2939 662 3002 lt.
687 2960 727 3002 m.
752 2937 793 3014 II,
821 2938 905 3001 1028
922 2957 993 3018 sqq.

94 3073 146 3127 754
245 3062 297 3125 An
320 3081 513 3136 quaasmuu
537 3063 575 3124 2¹⁰
598 3059 636 3126 R.
664 3064 692 3126 l.
732 3060 885 3125 Lucullus
908 3059 971 3125 dici
994 3058 1108 3142 nequit
1136 3058 1259 3142 ligatus
1291 3059 1484 3143 irregulari-

155 3153 226 3216 tate
256 3149 344 3234 pleui
373 3149 462 3215 iuris.
508 3149 596 3215 Nam
620 3151 716 3226 haec,
747 3154 784 3215 ut
808 3149 929 3215 dictum
953 3153 1020 3226 est,
1053 3170 1118 3213 non
1149 3148 1281 3215 exsistit
1311 3148 1376 3213 nisi
1409 3153 1484 3232 post

156 3238 270 3304 iudicis
293 3239 490 3305 senteutiam
507 3239 605 3320 (quae
621 3238 673 3304 hio
690 3239 824 3304 deberet
840 3259 912 3303 esse
928 3237 1218 3319 condemnatoria);
1243 3237 1301 3303 sed
1317 3238 1484 3305 sententia

156 3328 270 3392 iudicis
293 3331 477 3393 retractata
499 3327 636 3410 ideoque
654 3350 717 3414 pro
740 3350 803 3393 nori
826 3331 892 3393 loto
915 3326 1066 3393 habenda
1089 3332 1150 3393 est.

246 3443 284 3509 R.
303 3446 332 3507 2.
365 3443 484 3509 Restat
507 3447 545 3508 ut
567 3443 768 3525 inquiramus
791 3465 867 3508 num
885 3446 1020 3525 propter
1035 3443 1252 3526 suspicionem
1268 3446 1303 3508 et
1319 3464 1482 3508 rumorem

158 3536 273 3597 contra
294 3531 464 3597 Lucullum
488 3532 702 3599 exsistentem
726 3532 813 3598 adsit
834 3531 971 3596 infamia
992 3533 1082 3613 facti,
1106 3533 1155 3597 ita
1178 3536 1216 3596 ut
1238 3531 1357 3597 saltem
1382 3533 1484 3598 trien-

157 3621 240 3685 nalis
264 3621 448 3687 emendatio
472 3621 649 3687 manifesta
671 3621 791 3704 requiri
815 3621 942 3698 debeat,
968 3625 1144 3703 antequam
1168 3620 1298 3687 restitui
1322 3622 1428 3704 possit
1452 3622 1483 3686 in

157 3709 264 3775 officio
281 3710 468 3793 parochiali.
501 3711 623 3775 Verum
639 3711 779 3794 suspicio
797 3716 965 3786 ctrun10r‚
983 3710 1098 3792 quibus
1114 3710 1244 3794 probari
1261 3714 1405 3791 nequeat
1421 3712 1484 3776 cri-

157 3820 231 3863 men
256 3800 472 3876 commhsnm,
497 3821 560 3864 non
585 3799 750 3866 sufiiciunt
767 3801 808 3865 ad
823 3800 1102 3881 irregularitatem
1120 3799 1335 3865 efficiendam.
1368 3800 1400 3865 S.
1418 3799 1484 3864 Al-

158 3888 297 3972 phons.
323 3889 400 3965 VII,
426 3892 490 3953 363
515 3889 609 3955 dicit:
640 3889 845 3971 ,Requiritur
867 3896 997 3962 tamen,
1022 3892 1120 3972 prout
1143 3888 1256 3954 dicunt
1278 3888 1387 3954 Viva
1411 3910 1482 3954 cum

157 3979 320 4056 Castro,
346 3978 551 4054 Hurtado,
576 3979 801 4061 Laymanu‚
828 3978 958 4056 Gara,
977 3978 1139 4060 Piguat.
1160 3978 1245 4061 apud
1262 3977 1389 4043 Croix
1412 3979 1434 4044 l.
1454 3981 1482 4052 7.

157 4089 188 4133 n.
214 4070 295 4143 513,
329 4071 365 4131 ut
387 4067 512 4132 factum
536 4089 600 4132 nou
624 4068 728 4132 solum
752 4067 796 4132 sit
818 4067 997 4151 publicum,
1032 4067 1090 4132 sed
1114 4066 1213 4133 etiam
1237 4067 1402 4133 notorium
1426 4089 1482 4133 seu

157 4156 205 4222 ita
229 4156 362 4220 evidens
386 4156 500 4221 maiori
523 4157 610 4239 parti
635 4155 774 4221 viciniae
797 4178 854 4221 seu
879 4156 1025 4237 collegii,
1059 4162 1095 4221 ut
1125 4157 1215 4222 nulla
1244 4156 1349 4240 possit
1381 4157 1483 4240 tergi-

157 4244 344 4310 versatione
368 4245 497 4310 celari.“
546 4245 636 4322 Quod
662 4267 741 4310 saue
764 4268 827 4311 uon
851 4247 889 4311 fit
912 4266 971 4326 per
994 4266 1118 4310 meram
1142 4245 1358 4329 suspicionem
1384 4251 1483 4329 atque

159 4356 279 4416 vagum
302 4355 474 4400 rumorem.

247 4451 286 4516 R.
305 4454 334 4515 3.
367 4449 585 4515 Nihilominus
608 4452 680 4516 sola
703 4451 842 4534 suspicio
867 4451 920 4516 vel
944 4472 1055 4515 rumor
1079 4472 1179 4515 causa
1204 4471 1276 4514 esse
1299 4455 1422 4533 potest,
1449 4456 1484 4517 ut

159 4539 330 4623 episcopus
353 4540 465 4604 videat
489 4561 563 4604 num
589 4541 674 4605 forte
698 4563 756 4623 per
779 4541 909 4623 parochi
935 4539 1185 4606 translationem
1209 4540 1293 4604 bono
1321 4543 1484 4607 communi

159 4629 264 4709 magis
287 4629 331 4695 sit
354 4630 547 4694 consultum.
