3044 5174
83 1472 136 1525 457

86 4214 139 4284 aas

149 279 215 342 262
601 275 807 330 Sacramentum
826 277 1016 348 paenitentiae.

238 450 277 518 R.
303 455 331 518 2.
370 451 483 516 Videri
505 451 607 534 igitur
630 453 727 519 debeb
752 453 785 535 1)
810 453 995 519 retineatne
1018 453 1183 537 delegans,
1207 455 1242 520 in
1259 458 1376 522 nostro
1401 479 1479 524 casu

147 540 297 624 superior
321 540 390 605 eius
414 542 603 607 monasterii
626 542 711 606 uude
735 542 880 625 religiosi
896 542 1035 626 profecti
1051 548 1138 621 sunt,
1162 543 1195 608 in
1211 544 1386 627 religiosos
1402 548 1479 613 alibi

147 629 347 694 exsistentes
378 651 472 695 suam
504 630 775 707 iurisdietionem;
810 632 843 714 2)
876 633 962 698 sitne
995 632 1078 698 haec
1109 632 1290 701 iurisdictio
1322 634 1396 701 sine
1426 658 1479 702 re·

147 718 318 784 strictione
341 719 404 784 loci
426 719 579 802 religioso
603 720 766 786 sacerdoti
790 721 943 803 delegato
967 721 1215 788 communicata.
1260 722 1366 802 Quod,
1391 745 1478 790 com·

148 808 292 872 munitor
314 808 485 890 loquendo,
510 813 684 891 utrumque
708 810 815 892 quoad
838 810 1032 876 itinerantes
1050 810 1210 876 affirmari
1227 810 1335 891 debet,
1359 813 1477 880 saltem

148 897 302 979 quamdiu
332 918 398 962 non
427 903 668 964 commorentur
696 899 729 964 in
760 899 823 964 alio
854 899 903 964 sui
934 898 1057 964 ordinis
1080 900 1290 966 monasterio.
1337 901 1425 968 Nam
1449 903 1476 968 si

147 985 191 1050 ibi
208 990 387 1065 morantur,
412 987 585 1052 videndum
603 993 653 1054 est
670 987 747 1069 quid
766 987 853 1054 ierat
868 988 1120 1070 uniuscuiusque
1136 989 1259 1055 ordinis
1274 992 1476 1057 consuetudo

148 1079 182 1141 et
206 1074 386 1159 disciplina.
426 1076 631 1158 Ceteroquin,
656 1077 683 1141 si
700 1076 919 1142 confessarius
938 1078 1110 1159 delegatus
1133 1099 1199 1143 non
1221 1078 1264 1144 ab
1287 1079 1475 1146 immediato

147 1185 207 1229 suo
238 1164 404 1247 superiore
435 1165 491 1230 sed
523 1165 564 1231 ab
594 1165 728 1242 altiore,
760 1165 810 1230 cui
834 1164 934 1231 etiarn
958 1165 1106 1249 superior
1128 1167 1263 1233 secundi
1284 1168 1475 1236 monasterii

147 1253 311 1332 subiacet,
342 1252 597 1319 iurisdictionem
627 1254 770 1338 accepit,
801 1275 860 1338 per
889 1275 925 1319 se
955 1255 1036 1320 haee
1059 1256 1216 1338 perdurat
1239 1256 1341 1323 etiam
1364 1258 1398 1323 in
1420 1258 1475 1324 illa

147 1343 290 1408 secunda
314 1343 419 1422 domo,
444 1343 507 1408 nisi
530 1365 685 1427 expresse
709 1343 908 1409 contrarium
931 1344 975 1409 sit
999 1344 1225 1411 constitutum.

237 1468 290 1532 Au
320 1486 512 1541 qunasrruu
543 1470 581 1531 2⁸¹²
612 1466 649 1533 lt.
683 1469 712 1533 1.
763 1467 865 1532 Immo
897 1466 932 1532 in
961 1467 1078 1533 itinere
1108 1472 1161 1535 est
1189 1470 1392 1552 regularium
1422 1471 1472 1538 lex

148 1555 337 1631 communie,
362 1561 400 1621 ut
416 1556 563 1621 confiteri
581 1556 708 1639 possint
723 1560 757 1622 et
773 1557 914 1623 debeant
930 1558 1016 1641 apud
1032 1557 1156 1622 socium
1172 1557 1301 1625 itineris
1316 1563 1472 1627 idoneum.

146 1643 217 1720 Quo
240 1644 273 1708 in
298 1665 376 1709 casu
400 1665 464 1709 non
488 1650 626 1728 possunt
649 1646 796 1712 confiteri
819 1644 906 1711 socio
932 1646 1076 1711 eiusdem
1108 1646 1230 1712 ordinis
1259 1648 1399 1716 fortuito
1424 1671 1472 1715 oc·

146 1733 293 1800 currenti
316 1733 391 1815 (nisi
415 1734 470 1799 ille
494 1734 624 1799 aliunde
648 1755 689 1799 ex
705 1735 744 1800 R.
762 1734 804 1800 ad
823 1738 860 1800 1¹¹²
874 1734 1128 1801 iurisdietionem
1153 1737 1298 1818 habeat).
1337 1739 1472 1804 Idoneus

146 1826 258 1888 autern
293 1826 445 1887 censetur
479 1825 607 1908 quilibet
638 1825 802 1910 presbyter
836 1824 961 1902 socius,
997 1824 1059 1889 nisi
1094 1825 1180 1891 forte
1214 1827 1367 1910 superior
1401 1849 1471 1895 con·

145 1911 284 1977 trariurn
310 1912 475 1978 statuerit.

235 2017 274 2083 R.
301 2021 330 2083 2.
377 2018 557 2084 Deficiente
579 2018 668 2084 socio
691 2018 827 2096 itineris,
856 2019 884 2083 si
906 2020 1014 2101 legem
1037 2025 1071 2086 et
1094 2021 1337 2089 concessionem
1360 2024 1470 2089 Inno·
1516 2068 1518 2075 ·

146 2107 282 2173 centii
314 2107 377 2172 VII
410 2107 455 2189 (v,
487 2108 520 2174 S.
551 2108 668 2191 Alph.
702 2108 765 2185 VI,
800 2110 878 2191 575)
911 2107 1120 2191 respicimus,
1154 2111 1287 2177 videtur
1318 2112 1468 2178 itinerans
1516 2122 1518 2127 ’

146 2195 296 2261 confiteri
327 2196 445 2262 debere
469 2197 555 2279 apud
579 2197 785 2262 sacerdotem
809 2197 858 2262 sui
882 2197 1020 2276 ordinis,
1050 2198 1079 2263 si
1108 2220 1204 2281 quern
1234 2201 1414 2286 repererit,
1440 2205 1468 2266 ct

146 2288 257 2367 potest
280 2286 367 2368 apud
391 2286 580 2368 quemlibet.

236 2390 275 2457 R.
301 2394 331 2457 3.
378 2391 412 2456 si
435 2392 640 2458 sacerdotem
663 2392 713 2457 sui
744 2391 865 2458 ordinis
888 2392 1010 2458 habere
1033 2394 1162 2476 nequit,
1194 2395 1343 2461 confiteri
1368 2397 1467 2481 potest
1515 2390 1518 2454 ζ

145 2479 234 2563 apud
263 2480 441 2562 quemlibet
470 2483 690 2559 sacerdotem,
722 2481 792 2546 sive
821 2482 1005 2564 regularem
1030 2482 1101 2548 sive
1123 2482 1345 2562 saecularem,
1377 2486 1464 2552 etiam
1515 2543 1518 2557 ,

146 2569 230 2633 alias
254 2590 319 2633 non
342 2570 559 2653 approbatum
582 2568 658 2650 (nisi
674 2571 760 2636 forte
775 2571 957 2654 peculiares
973 2570 1095 2636 ordinis
1111 2572 1365 2640 constitutiones
1381 2594 1465 2659 pras-

145 2658 303 2735 scribant,
327 2663 364 2724 ut
388 2661 446 2724 liat
469 2659 555 2742 apud
579 2660 778 2742 approbatos
801 2660 1019 2725 confessarios
1041 2660 1195 2742 tantum).

237 2747 340 2812 Immo
370 2770 447 2812 nurn
477 2769 555 2812 usus
585 2749 672 2814 ferat
701 2753 753 2824 ut,
785 2769 883 2830 quarn
910 2749 1049 2832 primum
1074 2752 1167 2816 deest
1189 2749 1327 2815 idoneus
1351 2753 1466 2818 itineris

146 2839 261 2920 socius,
285 2837 329 2903 sit
351 2837 485 2903 lieentia
509 2836 683 2902 confitendi
707 2837 791 2921 apud
816 2838 994 2919 quemlibet
1016 2837 1166 2903 idoneum
1186 2839 1404 2916 sacerdotem,
1426 2841 1465 2905 ita

148 2931 185 2992 ut
208 2927 293 2992 ratio
317 2927 467 2991 habenda
490 2947 555 2990 non
578 2927 622 2992 sit
645 2927 724 2991 sccii
747 2926 870 2991 ordinis
892 2927 926 2991 in
948 2926 1065 2992 itinere
1089 2928 1306 3006 occurrentis,
1338 2930 1466 3011 quilibet

146 3014 197 3080 sui
229 3015 351 3080 ordinis
380 3015 509 3099 praxim
543 3017 700 3081 consulat.
754 3016 935 3080 Lacroix
965 3016 1026 3094 VI,
1064 3018 1165 3090 1524;
1200 3016 1352 3096 Gobat,
1386 3021 1466 3084 theol.

147 3108 297 3188 erperim.
322 3110 363 3171 tr.
383 3108 411 3183 7,
437 3127 467 3169 n.
486 3107 549 3169 649
575 3104 670 3169 dubie
693 3105 871 3186 loquuntur
894 3104 934 3168 de
954 3108 1050 3171 tanta
1064 3104 1234 3172 facultatis
1250 3107 1471 3189 amplitudine.

237 3193 409 3258 Concessio
440 3193 679 3259 Innocentii
704 3193 766 3257 VII
796 3193 829 3257 in
859 3199 962 3259 const.
987 3195 1137 3259 Prceerrit
1167 3194 1197 3260 d.
1225 3197 1264 3260 17
1290 3195 1363 3261 Oct.
1391 3198 1469 3261 1405

147 3281 253 3346 ordini
275 3283 328 3348 Pr.
360 3284 440 3348 data
469 3283 550 3346 haec
583 3287 634 3348 est
658 3281 713 3362 (ex
737 3283 860 3348 Bullar.
884 3281 1083 3347 Roderici
1108 3305 1139 3366 p.
1165 3286 1223 3360 74,
1257 3286 1333 3350 edit.
1359 3287 1468 3351 Veneta

147 3369 225 3435 anni
252 3373 367 3452 1610:
396 3371 484 3449 ,Nos
508 3371 610 3452 igitur
632 3370 923 3454 supplicationibus
946 3371 1093 3436 inclinati
1118 3373 1275 3439 fratribus
1295 3373 1474 3439 huiusmodi

148 3481 230 3540 quos
260 3461 408 3525 itinerari
439 3482 497 3544 par
527 3480 639 3524 corurn
669 3459 853 3543 superiores
877 3459 964 3525 mitti
987 3461 1163 3544 contigerit
1193 3466 1246 3538 ut,
1277 3460 1305 3526 si
1337 3464 1474 3547 aliquem

147 3550 413 3631 presbyterorum
446 3549 597 3614 idoneum
633 3570 676 3613 ex
710 3548 948 3632 professoribus
983 3549 1062 3615 dicti
1097 3549 1219 3615 ordinis
1256 3550 1381 3617 habere
1415 3573 1473 3616 non

148 3638 291 3720 possint,
324 3659 558 3720 quemcumque
582 3637 680 3702 alium
711 3639 937 3721 presbyterum
967 3638 1120 3703 idoneum
1143 3645 1178 3706 et
1201 3639 1379 3706 discretum
1403 3640 1476 3706 reli·

148 3726 274 3809 giosum
299 3728 352 3792 vel
375 3728 576 3792 saecularem
602 3728 722 3808 eligere
746 3727 890 3802 valeant,
916 3727 970 3809 qui
995 3728 1216 3793 confessiones
1235 3749 1348 3793 eorum
1365 3730 1475 3795 audire

148 3820 182 3880 et
207 3837 317 3881 eorum
342 3816 599 3882 confessionibus
623 3816 798 3898 diligenter
825 3816 945 3881 auditis
975 3838 1033 3900 pro
1057 3817 1239 3882 commissis
1262 3817 1310 3882 eis
1334 3818 1476 3885 debitam

148 3906 385 3972 absolutionem
419 3905 605 3988 impendere
638 3910 672 3971 ct
706 3905 941 3988 paenitentiam
974 3907 1152 3972 salutarem
1185 3906 1357 3988 iniungere
1390 3908 1477 3973 licite

149 3995 282 4079 possit.“
325 3997 373 4062 uf.
391 3995 590 4060 Salmant.
615 3996 665 4059 Da
685 3997 793 4080 privii.
818 4016 844 4060 c.
863 3999 893 4072 4,
918 3996 1379 4072 n.125‚Baller.-Palm.
1404 3998 1425 4065 l.
1450 4019 1476 4063 c.

149 4107 179 4151 n.
207 4089 287 4159 64ος
312 4086 423 4150 Marc
447 4107 477 4148 n.
506 4087 600 4149 1763.

239 4191 277 4256 a.
303 4194 332 4257 4.
380 4191 499 4267 Quodsi
524 4192 661 4255 affertur
684 4190 824 4254 edietum
849 4190 1057 4267 eontrarium,
1085 4189 1177 4272 quasi
1200 4211 1259 4273 pro
1276 4191 1478 4275 excipiendis

150 4279 407 4344 confessionibus
431 4280 645 4362 regularium,
677 4279 703 4342 si
735 4279 820 4344 desit
843 4279 950 4343 socius
975 4280 1098 4362 proprii
1121 4279 1258 4357 ordinis,
1291 4282 1479 4363 requiratur

150 4369 342 4452 approbatio
367 4370 509 4452 episcopi
533 4369 605 4444 loci,
630 4368 662 4431 id
686 4372 814 4451 spectat
838 4370 942 4433 solum
967 4369 1111 4433 ordinem
1128 4368 1387 4452 capuccinorum
1411 4373 1476 4453 (vel

150 4459 177 4521 si
206 4480 265 4541 pro
296 4459 405 4540 aliquo
436 4459 499 4523 alio
528 4458 668 4521 habetur
695 4458 807 4521 eadem
832 4458 887 4521 lex
909 4458 1085 4541 specialis).
1133 4458 1211 4522 Cum
1235 4458 1368 4526 illorum
1392 4463 1476 4526 enim

151 4549 401 4614 constitutiones
431 4548 476 4627 (v.
502 4547 635 4611 Gobat
665 4546 685 4610 l.
712 4548 753 4626 e.)
783 4568 959 4628 numquam
989 4548 1219 4631 permitterent
1248 4551 1337 4632 apud
1368 4572 1477 4617 sacer-

150 4635 259 4701 dotem
282 4643 476 4703 extraneum
501 4635 571 4699 sive
594 4636 779 4716 regularem
803 4636 873 4701 sive
896 4638 1097 4702 saecularem
1121 4639 1286 4718 confiteri,
1316 4661 1359 4705 ne
1383 4641 1478 4706 itine-
