3044 5174
343 264 460 318 Materia
478 263 645 332 integritatis
663 280 713 318 eeu
731 262 884 318 satisfactio
902 264 1117 319 sacramentalis.
1328 270 1393 334 227

88 460 267 524 quamquam
299 441 354 524 qui
378 441 475 507 valde
498 440 659 507 contritus
682 444 749 519 est,
781 441 936 507 facillime
960 441 1107 509 admittit
1137 441 1237 508 etiam
1261 443 1404 508 maiores

87 530 334 604 satisfactiones;

158 638 195 720 4)
219 636 254 702 in
273 636 444 703 occasione
460 637 629 722 plenariae
644 636 878 719 indulgentiae,
903 636 1062 718 siquidem
1078 637 1198 704 solutio
1214 659 1273 722 pre
1289 639 1405 723 poenis

83 727 307 810 temporalibus
330 726 505 793 exhibetur
528 748 570 792 ex
593 726 748 792 thesauro
765 725 951 791 Ecclesiae:
976 726 1193 806 nihilominus,
1218 749 1290 792 curn
1308 750 1403 811 prae·

82 816 230 901 scripturn
262 815 307 882 sit
336 819 374 882 ut
404 814 504 881 etiam
535 819 683 899 tempore
712 814 843 880 iubilaei
878 816 1098 881 confessarius
1129 818 1402 883 sacramentalem

80 905 332 972 satisfactionem
356 904 522 987 iniungat,
554 903 831 986 indulgentiarum
862 905 990 970 occasio
1021 906 1092 971 sola
1121 926 1186 970 non
1211 906 1308 971 debet
1331 927 1405 972 esee

79 994 155 1062 ratio
181 1015 241 1059 cur
264 998 439 1060 consuetas
462 993 683 1078 paenitentias
699 993 796 1058 valde
812 994 1003 1060 notabiliter
1026 994 1244 1060 confessarius
1267 995 1402 1070 minuat,

160 1127 216 1192 An
239 1145 434 1202 eunusrrun
458 1128 497 1190 3²·
521 1124 559 1191 R.
588 1131 615 1190 l.
647 1124 818 1190 Ianeenius
842 1125 1005 1210 pervertit
1028 1126 1174 1191 ordinem
1197 1126 1231 1191 in
1256 1127 1430 1193 Ecclesia3

76 1219 266 1282 consuetum
290 1214 497 1299 recipiendae
516 1213 730 1279 absolutionis
755 1218 788 1280 et
804 1221 880 1297 post
899 1214 1138 1282 absolutionem
1154 1220 1321 1299 receptam
1345 1218 1405 1282 im·

76 1305 212 1390 piendae
235 1303 474 1369 satisfactionis
498 1303 757 1369 sacramentalis.
790 1303 834 1370 Et
850 1325 1046 1386 quamquam
1071 1304 1189 1370 iniuria
1212 1326 1277 1370 non
1301 1306 1406 1372 afficit

76 1395 223 1471 invitum,
247 1397 360 1459 temen
383 1391 538 1458 videntur
560 1391 749 1476 parochiani
774 1413 837 1457 non
861 1393 957 1476 pauci
981 1393 1112 1478 reipsa
1136 1414 1210 1459 esee
1233 1394 1329 1462 inviti
1351 1400 1405 1462 at·

76 1505 134 1567 que
157 1481 314 1549 iniuriam
337 1481 418 1566 pati,
443 1481 595 1564 quoniam
618 1481 825 1566 importunae
848 1482 993 1547 suasioni
1016 1482 1158 1548 Ianeenii
1183 1484 1320 1563 cedunt,
1345 1507 1404 1568 po·

76 1573 138 1640 tius
163 1593 264 1655 quam
288 1592 330 1636 ex
353 1570 455 1656 libero
479 1570 616 1637 arbitrio
639 1574 752 1652 agunt.

161 1677 202 1743 R.
221 1679 252 1744 2.
283 1676 548 1760 Imprudentibus
565 1679 599 1742 et
614 1675 827 1759 exaggeratis
849 1676 1061 1760 paenitentiis
1085 1678 1252 1760 operarios
1276 1684 1402 1746 onerat.

76 1767 135 1833 Fet
158 1771 276 1832 contra
299 1765 427 1849 praxim
451 1765 628 1844 Ecclesiae,
654 1765 724 1831 dies
748 1765 927 1832 dominicos
951 1766 1088 1831 reddere
1113 1766 1182 1832 diss
1204 1766 1324 1835 ieiunii.
1359 1769 1404 1835 Et

76 1854 226 1939 quamvis
256 1859 371 1920 nostra
401 1855 530 1937 quidem
561 1858 673 1921 aetate
703 1854 900 1939 prohibitum
931 1877 995 1920 non
1026 1855 1070 1921 sit
1100 1855 1198 1922 etiarn
1223 1856 1275 1922 die
1300 1858 1403 1923 domi·

76 1945 147 2011 nica
170 1944 325 2010 ieiunium
349 1965 408 2027 pro
431 1943 636 2027 paenitentia
658 1943 846 2026 impositum
870 1943 1024 2027 impleret
1049 1948 1161 2011 tamen
1184 1966 1241 2011 eos
1264 1947 1318 2028 qui
1342 1947 1404 2012 hoc

76 2034 142 2101 solo
167 2033 222 2100 die
241 2032 387 2098 ieiunare
402 2036 551 2116 possunt,
575 2033 617 2098 ad
632 2032 787 2098 ieiunium
804 2032 950 2115 obligare
973 2032 1060 2117 sapit
1082 2034 1232 2118 spiritum
1250 2036 1402 2103 alienum.

163 2140 203 2207 R.
221 2143 252 2206 3.
279 2139 436 2205 Similiter
451 2160 598 2205 summae
610 2139 849 2223 imprudentiae
866 2143 917 2206 est
932 2140 1042 2224 plures
1059 2143 1094 2206 et
1105 2140 1253 2205 diversas
1266 2141 1404 2207 circum·

76 2229 217 2296 stantiae
239 2228 272 2293 in
289 2228 520 2294 sacramentali
535 2227 762 2295 satisfactione
778 2229 960 2294 servandas
983 2228 1158 2312 imponere,
1184 2250 1268 2311 quae
1290 2232 1403 2314 paeni-

76 2319 214 2384 tentium
230 2317 422 2382 memoriam
438 2321 576 2382 onerant
589 2317 869 2400 conscientiasque
884 2317 1003 2384 timore
1015 2318 1240 2384 committendi
1255 2320 1403 2386 defectus

76 2408 285 2474 conturbant.
318 2445 361 2454 -
392 2406 501 2472 Etiam
531 2409 600 2472 tam
630 2407 762 2488 longam
786 2407 904 2471 seriem
927 2406 1115 2473 litaniarum
1147 2411 1181 2474 et
1204 2409 1403 2475 rosariorum

76 2497 242 2581 imponere
274 2495 403 2576 signum
434 2499 485 2561 est
514 2495 729 2561 intolerabilis
759 2495 922 2578 rigorismi
952 2500 987 2563 et
1015 2496 1264 2580 imprudentiae.
1317 2499 1402 2564 Nam

76 2587 102 2651 si
124 2586 161 2651 in
184 2584 323 2668 singulis
339 2584 595 2650 confessionibus
612 2584 832 2650 confessarius
848 2584 934 2650 idem
951 2585 1061 2651 facere
1077 2586 1188 2666 vellet,
1214 2607 1287 2652 cum
1311 2588 1403 2653 brevi

76 2678 225 2759 tempore
249 2673 433 2740 satisfactio
456 2673 610 2757 imposita
632 2673 760 2757 impleri
784 2679 943 2755 nequeat,
974 2675 1170 2741 alterutrum
1193 2682 1401 2758 sequeretur:

76 2769 134 2831 aut
159 2763 342 2830 retrahitur
363 2762 536 2846 paenitens
566 2763 737 2845 quominus
766 2763 898 2848 saepius
929 2764 1064 2829 accedat
1094 2764 1136 2829 ad
1159 2770 1402 2832 sacramentum

76 2875 176 2937 quam
207 2852 310 2918 semel
333 2852 387 2917 vel
419 2872 580 2916 summum
609 2852 660 2917 bis
690 2851 722 2916 in
752 2873 855 2930 anno,
887 2856 946 2919 aut
968 2852 1272 2936 multiplicabuntur
1302 2875 1403 2938 opera

76 2941 313 3010 satisfactionis
336 2940 506 3025 imposita,
537 2944 575 3007 ut
598 2941 727 3006 demum
750 2941 950 3026 impossibile
973 2942 1095 3008 evadat
1125 2941 1233 3007 omnia
1256 2942 1400 3026 implere.

164 3064 218 3130 An
248 3083 439 3140 eunusrruu
470 3067 511 3129 4¹¹²
540 3063 579 3130 R.
606 3067 635 3131 l.
683 3063 900 3130 Rationabilis
929 3062 1133 3149 paenitentia
1162 3085 1183 3130 a
1212 3066 1401 3150 paenitente
1412 3078 1433 3132 3!

76 3155 180 3239 accipi
204 3154 318 3231 debet;
350 3174 389 3218 ac
412 3152 522 3237 proin,
553 3153 617 3218 nisi
640 3153 753 3235 gravis
776 3153 862 3220 ratio
885 3154 1023 3220 suadeat
1047 3152 1264 3233 contrarium,
1288 3156 1401 3240 paeni-

76 3245 191 3321 tentia,
215 3243 249 3308 in
273 3263 338 3325 qua
361 3241 556 3327 imponenda
579 3242 808 3320 confessarius,
833 3242 954 3308 auditis
976 3242 1063 3309 forte
1086 3243 1267 3310 rationibus
1288 3245 1402 3329 paeni·

76 3333 188 3410 tentis,
214 3332 343 3397 demum
366 3331 498 3410 insistit,
523 3331 552 3396 si
575 3337 627 3399 est
643 3332 756 3414 gravis
780 3337 814 3399 et
829 3354 889 3417 pro
905 3332 1062 3414 gravibus
1077 3334 1222 3417 peccatis
1237 3334 1401 3418 imposita,

76 3443 132 3506 per
163 3443 200 3486 se
230 3421 289 3487 sub
316 3424 410 3505 proc-i·
440 3420 630 3504 accipienda
659 3425 712 3487 eet
734 3443 807 3487 curn
832 3422 1019 3498 voluntate,
1050 3443 1123 3487 earn
1154 3421 1309 3506 implendi
1339 3424 1400 3490 nisi

76 3512 162 3577 forte
191 3511 283 3576 facta
313 3509 414 3575 fuerit
442 3510 591 3591 legitima
621 3511 844 3577 commutatio,
898 3510 958 3587 Qui
988 3512 1072 3577 hane
1103 3512 1307 3578 voluntatem
1337 3535 1401 3579 non

76 3601 184 3676 babet,
210 3599 321 3665 debita
336 3598 548 3683 dispositione
563 3599 769 3683 recipiendae
793 3599 1007 3666 absolutionis
1029 3603 1122 3666 caret
1144 3605 1243 3682 etque
1258 3601 1402 3669 invalide

76 3688 268 3756 absolvitur.

164 3795 204 3863 R.
229 3799 259 3861 2.
291 3794 499 3861 Paenitentia
523 3799 681 3877 quaeest
705 3816 747 3860 ex
771 3796 898 3861 obiecto
922 3816 980 3860 suo
996 3794 1088 3873 levis,
1113 3816 1178 3860 non
1193 3800 1305 3879 potest
1320 3798 1401 3862 obli-

76 3906 156 3968 gare
172 3885 233 3950 sub
251 3883 363 3967 gravi;
384 3884 589 3969 paenitentia
605 3905 647 3950 ex
664 3884 790 3950 obiecto
808 3882 919 3967 gravis
935 3884 1049 3965 gravis
1065 3884 1276 3966 obligationis
1294 3907 1400 3971 capax

76 3980 126 4040 est
142 3978 178 4040 et
202 3974 382 4056 generatim
400 3974 460 4039 sub
476 3974 572 4056 gravi
587 3995 623 4039 re
638 3995 719 4039 vera
735 3973 870 4055 obligat,
895 3972 922 4037 si
938 3972 1091 4057 imposita
1108 3977 1159 4038 est
1181 3996 1241 4057 pro
1265 3980 1400 4058 peceato

76 4063 187 4147 gravi:
213 4062 319 4141 aliter,
343 4064 370 4128 si
393 4085 453 4148 pro
477 4068 613 4149 peccato
638 4062 713 4139 levi,
738 4083 813 4126 nam
838 4062 918 4127 haec
939 4066 1049 4148 pravis
1068 4061 1277 4145 obligationis
1294 4086 1400 4149 capax

76 4175 138 4218 non
165 4157 233 4229 eet;
258 4153 355 4217 immo
380 4153 480 4219 etiam
504 4151 708 4237 paenitentia
732 4172 774 4217 ex
798 4151 926 4218 obiecto
942 4152 1055 4234 gravis
1071 4154 1106 4217 et
1128 4173 1188 4234 pro
1204 4152 1300 4235 gravi
1324 4175 1399 4238 pec-

76 4247 150 4310 cato
174 4240 344 4325 imposita,
369 4245 480 4324 potest
504 4263 524 4306 a
548 4241 766 4320 confessari0,
791 4241 818 4306 si
843 4241 930 4318 vult,
955 4242 1015 4306 sub
1039 4239 1104 4305 levi
1127 4241 1260 4325 imponi,
1286 4263 1398 4324 quam·

76 4354 174 4416 quam
198 4331 231 4395 id
255 4351 319 4395 uon
344 4330 477 4415 expedit
500 4350 605 4411 neque
630 4329 700 4395 sine
724 4351 824 4396 causa
847 4330 1001 4413 graviore
1024 4329 1149 4396 licitum
1175 4336 1235 4397 est.

163 4447 203 4513 R.
229 4449 259 4512 3.
306 4444 513 4510 Paenitentia
536 4445 638 4527 igitur
661 4443 773 4528 gravis
797 4445 916 4511 obiecti
939 4445 1116 4527 gravisque
1140 4445 1347 4528 obligationis
1371 4446 1398 4509 si

76 4534 262 4602 voluntarie
294 4534 472 4612 omittitur,
505 4539 661 4618 peccatur
691 4532 855 4616 graviter:
890 4536 975 4617 quod
1008 4534 1151 4599 maxime
1184 4534 1337 4617 attende,
1371 4534 1399 4597 si

76 4631 205 4710 tempus
228 4623 413 4708 implendae
436 4625 658 4708 paenitentiae
689 4623 893 4705 assignatum
924 4628 984 4692 est.
1032 4623 1140 4688 Aliter
1170 4624 1325 4688 diuturna
1350 4625 1398 4688 ‹li-

1143 4728 1190 4779 15*
