3044 5174
141 322 206 390 502
322 280 323 284 ἵ
606 318 812 375 Sacramentum
831 319 1004 374 matrimonii.

139 498 237 565 tiales
261 497 422 574 excludit,
447 497 500 562 vel
525 496 692 563 contraria
715 495 908 579 paciscitur,
939 518 1002 560 non
1032 497 1098 560 cult
1119 494 1254 561 tradere
1282 493 1336 560 ius
1358 496 1474 562 matri-

97 646 100 654 .
139 587 297 661 moniale:
329 607 393 652 non
425 586 511 651 enim
534 587 607 652 vult
633 585 766 652 tradere
795 585 845 649 ius
869 585 923 650 vel
950 584 1155 649 exclusivum
1178 584 1251 665 (sed
1275 584 1473 651 distribuere

138 677 172 742 in
202 677 313 760 plnres
342 675 526 757 mulieres),
557 676 611 740 vel
642 678 833 758 perpetuum
864 672 935 755 (sed
966 674 1071 739 solnm
1101 674 1143 739 ad
1173 678 1322 757 tempus,
1356 679 1472 758 postca

139 765 235 831 alteri
266 787 325 849 pro
353 764 489 830 arbitrio
520 763 733 845 traditurus),
765 764 818 828 vel
847 784 889 828 ne
918 763 1024 846 ipsum
1056 762 1184 845 quidem
1216 763 1396 829 essentiale
1423 764 1473 829 ius

139 855 273 937 eiusque
297 855 580 938 complementum.
628 853 726 918 Proin
750 854 957 918 contractum
986 851 1260 919 matrimonialem
1291 873 1472 936 exsurgere

138 944 340 1028 impossibile
363 949 424 1011 est.

228 1032 443 1115 Frequentior
466 1031 568 1114 igitur
590 1030 648 1096 illa
671 1030 816 1096 condicio
840 1030 946 1113 turpis
973 1029 1007 1094 in
1030 1033 1164 1113 pactum
1195 1029 1355 1108 deducta,
1388 1052 1472 1113 quae

137 1120 263 1187 efficiat
294 1120 536 1186 matrimonium
570 1120 712 1198 nullum,
746 1122 814 1197 est,
850 1118 879 1184 si
910 1118 1021 1202 sponsi
1056 1118 1089 1183 in
1120 1123 1254 1203 pactum
1289 1119 1471 1187 deducant:

137 1210 337 1276 matrimonii
361 1211 514 1287 abusum,
546 1230 609 1291 quo
632 1208 831 1292 impediatur
858 1209 1044 1291 conceptio;
1074 1208 1130 1273 vel
1159 1207 1262 1291 prolis
1291 1214 1472 1294 conceptae

138 1299 391 1376 extinctionem,
422 1304 564 1365 nataeve
588 1297 820 1363 abiectionem:
850 1297 902 1362 his
926 1298 1011 1362 enim
1034 1297 1107 1362 finis
1138 1296 1325 1363 essentialis
1353 1298 1387 1364 in
1412 1320 1471 1364 usu

137 1387 217 1453 iuris
240 1386 491 1455 matrimonialis
514 1391 674 1453 contrarie
697 1386 896 1462 excluditur,
922 1387 977 1468 qui
1000 1391 1052 1452 est
1074 1407 1248 1469 procreare
1272 1392 1307 1453 et
1331 1388 1472 1453 educare

138 1478 273 1559 prolem.
306 1477 414 1542 Aliter
430 1475 559 1542 omnino
583 1480 644 1555 eet,
669 1475 696 1540 si
720 1475 754 1540 in
777 1481 909 1559 pactum
929 1476 1146 1540 deduceretur
1169 1496 1211 1540 ex
1234 1496 1348 1542 amore
1372 1478 1471 1544 casti-

138 1566 219 1632 tatis
242 1567 391 1650 perfecta
415 1565 618 1632 continentia
641 1585 699 1630 seu
715 1586 876 1629 non-usus
891 1563 970 1629 iuris
986 1563 1254 1631 matrimonialis:
1278 1566 1367 1648 quod
1384 1571 1472 1632 esset

137 1654 381 1721 matrimonium
404 1675 520 1720 verum
543 1654 684 1736 quidem,
709 1654 768 1718 sed
791 1653 984 1736 virgineum.

75 1781 129 1837 872
227 1770 279 1834 An
303 1789 494 1845 onansrron
519 1771 568 1837 3³¹.
614 1768 668 1832 Ex
698 1766 821 1849 regulis
852 1767 894 1833 ad
918 1768 954 1844 Q.
981 1771 1019 1831 2³²
1050 1767 1137 1833 datis
1166 1767 1414 1834 matrimonium
1437 1771 1470 1834 in

137 1878 215 1924 casu
239 1858 458 1942 propositum,
490 1877 548 1922 εει]
570 1857 681 1940 potius
705 1857 855 1939 singulae
886 1856 1091 1922 condiciones
1123 1855 1352 1924 diiudicandae
1382 1863 1469 1926 sunt.

226 1964 265 2030 R.
293 1968 321 2031 l.
368 1964 402 2031 Si
424 1963 457 2028 in
481 1963 587 2047 prima
610 1962 798 2029 condicione
821 1962 892 2029 sola
913 1963 1069 2042 sistimus,
1094 1984 1137 2028 ex
1160 1985 1201 2029 ea
1222 1964 1470 2030 matrimonium

135 2074 201 2119 non
231 2053 376 2119 evasisse
405 2052 530 2117 nullum
561 2073 687 2118 censeo.
734 2052 821 2118 Nam
852 2052 974 2134 eligere
1004 2056 1133 2136 tempus
1165 2052 1272 2118 minua
1303 2053 1469 2131 idoneum,

136 2141 327 2224 coniugibus
350 2142 383 2206 in
407 2141 632 2219 matrimonio,
664 2143 781 2208 saltem
812 2162 855 2206 ex
878 2141 1031 2224 graviore
1055 2162 1155 2207 causa
1178 2145 1214 2207 et
1236 2141 1307 2207 sine
1331 2149 1470 2226 peccato

135 2232 242 2314 gravi,
266 2234 358 2312 licet,·
388 2252 489 2313 quare
519 2252 584 2295 non
615 2233 667 2295 est
693 2251 751 2314 pro
776 2230 995 2296 contracturis
1018 2230 1165 2296 condicio
1188 2235 1303 2316 turpis.
1351 2232 1471 2315 Neque

136 2320 210 2385 finis
233 2320 441 2398 matrimonii,
466 2319 616 2385 educatio
633 2320 743 2403 prolis,
769 2319 959 2403 simpliciter
982 2319 1182 2397 excluditur,
1215 2342 1287 2386 cum
1305 2319 1472 2387 difficilior

138 2409 267 2490 quidem
297 2409 454 2474 reddatur
483 2408 541 2473 sed
570 2409 701 2474 omnino
731 2408 909 2492 possibilis,
941 2409 1039 2475 immo
1069 2409 1205 2474 nonita
1228 2430 1304 2475 raro
1335 2411 1471 2490 cificarr,

137 2502 270 2563 maneat
292 2497 393 2580 prolis
416 2497 596 2581 conceptio.

226 2605 264 2669 R.
283 2608 313 2671 2.
352 2604 500 2669 Secunda
524 2603 678 2681 condicio,
703 2603 731 2668 si
754 2604 947 2688 simpliciter
962 2609 1035 2671 erat
1055 2605 1197 2688 ,prolem
1215 2606 1384 2690 obiicere“,
1410 2629 1469 2672 seu

136 2692 288 2776 neglecta
312 2694 399 2758 omni
422 2693 492 2757 eius
516 2714 610 2771 cura,
643 2713 715 2758 eam
746 2694 905 2776 probabili
936 2693 1083 2760 interitui
1115 2695 1294 2772 devovere,
1326 2695 1472 2761 habetur

136 2803 194 2866 pro
219 2781 406 2848 condicione
428 2781 514 2866 turpi
539 2782 745 2847 substantiae
761 2782 958 2848 matrimonii
982 2783 1156 2862 contraria,
1182 2804 1253 2849 cum
1278 2804 1336 2867 per
1352 2787 1468 2851 matri·

136 2871 278 2937 monium
303 2893 367 2936 non
391 2876 621 2937 momentanea
650 2875 779 2937 tantum
810 2873 994 2955 procreatio
1019 2872 1137 2955 prolis,
1169 2873 1228 2938 sed
1258 2875 1470 2940 conservatio

136 2962 266 3044 generis
296 2961 428 3027 humaui
458 2959 664 3039 intendatur,
696 2981 779 3043 quae
810 2961 948 3042 requirit
978 2961 1197 3027 necessariam
1228 2983 1340 3027 curam
1367 2968 1470 3046 atque

136 3050 310 3133 aliqualem
334 3051 452 3116 saltem
475 3050 576 3133 prolis
600 3050 835 3116 educationem.
860 3089 905 3097 —
927 3050 974 3116 At
997 3050 1150 3131 quoniam
1179 3050 1213 3115 in
1242 3054 1356 3116 nostro
1389 3074 1468 3118 cusu

135 3139 215 3205 illud
245 3140 387 3222 ,prolem
411 3138 568 3204 abiicere“
597 3139 782 3204 declaretur
805 3140 1017 3221 subsequenti
1033 3139 1200 3206 additione
1227 3139 1279 3218 ,in
1303 3141 1468 3224 orphano-

136 3229 265 3311 trophio
290 3249 362 3293 eam
387 3228 598 3304 collocandi“,
629 3232 709 3311 puto
739 3249 811 3293 eam
843 3228 1061 3293 conditionem
1091 3250 1164 3294 esse
1191 3231 1470 3313 properantibus

137 3317 276 3398 quidem,
301 3317 514 3382 communiter
537 3318 708 3399 loquendo,
732 3321 872 3401 turpem,
897 3320 1008 3382 tamen
1032 3339 1097 3383 uon
1121 3318 1250 3384 excludi
1266 3320 1467 3386 matrimonii

135 3407 232 3470 finem
258 3406 484 3483 essentialem,
516 3426 555 3471 eo
586 3407 672 3489 quod
701 3406 773 3489 ipsa
804 3407 865 3472 hac
892 3406 924 3471 in
949 3407 1226 3491 orphanotrophio
1250 3408 1469 3476 collocatione

137 3516 216 3559 cura
239 3516 364 3559 summe
387 3495 661 3560 necessariaiam
684 3495 855 3561 habeatur.
890 3496 1013 3561 Censeo
1037 3496 1139 3579 igitur
1162 3517 1205 3561 ex
1228 3496 1290 3562 hac
1314 3500 1469 3581 pactione

136 3605 201 3648 non
232 3586 384 3649 constare
417 3584 457 3649 de
489 3583 688 3649 matrimonii
718 3585 887 3661 nullitate;
921 3586 1106 3668 pactionem
1139 3591 1249 3652 autem
1280 3586 1369 3652 illam
1403 3611 1467 3654 non

137 3673 293 3754 obligare.

72 3803 126 3858 873
225 3779 264 3845 R.
290 3781 320 3844 3.
367 3777 480 3844 Tertia
510 3777 567 3843 illa
598 3777 760 3856 condicio,
795 3779 880 3861 qnod
911 3778 1087 3845 Faustinus
1117 3779 1160 3846 sit
1190 3779 1223 3844 in
1253 3782 1468 3864 persuasione

137 3889 216 3934 suae
240 3873 351 3934 sectae
376 3867 436 3932 sibi
452 3867 552 3932 licere
569 3888 610 3931 ex
627 3868 819 3950 quibusdam
837 3870 944 3934 causis
961 3890 981 3934 a
997 3868 1204 3934 matrimonio
1221 3873 1391 3937 contracto
1416 3893 1468 3937 re-

137 3958 269 4035 cedere,
301 3956 328 4021 si
359 3961 448 4022 esset
477 3955 510 4020 in
538 3960 671 4039 pactum
695 3957 850 4036 deducta,
882 3959 935 4023 vel
967 3959 1066 4024 etiam
1093 3979 1113 4023 a
1142 3959 1212 4023 solo
1236 3958 1395 4025 Faustino
1419 3960 1469 4027 ita

136 4051 246 4112 mente
274 4050 448 4129 concepta,
480 4050 517 4111 ut
547 4066 703 4129 expresse
732 4049 897 4113 statueret
927 4047 973 4112 sic
1001 4047 1083 4112 inire
1108 4048 1367 4114 coniunctionem
1394 4071 1466 4115 oum

135 4137 262 4213 Maura,
288 4141 324 4202 ut
347 4135 407 4200 sibi
432 4156 491 4218 pro
515 4134 609 4200 libitu
633 4134 747 4201 liceret
763 4136 932 4202 recedere:
957 4158 1036 4202 sane
1056 4136 1190 4203 fecisset
1206 4137 1466 4205 coniunctionem

135 4227 257 4291 nullom
281 4246 338 4289 seu
362 4224 539 4289 invalidum
565 4222 815 4290 matrimonium.

226 4315 348 4378 Verum
371 4314 419 4379 ita
442 4334 496 4379 res
519 4334 555 4377 se
578 4334 641 4377 non
672 4313 802 4388 habuit;
835 4315 892 4379 sed
923 4314 1045 4380 mansit
1074 4315 1146 4379 sola
1169 4315 1316 4381 Faustini
1348 4319 1464 4402 opinio.

136 4404 231 4468 Hanc
261 4425 319 4485 per
349 4424 384 4467 se
415 4424 478 4467 non
509 4402 660 4467 sufficere
690 4407 728 4467 ut
758 4403 875 4469 reddat
905 4405 1146 4470 matrimonium
1178 4406 1319 4482 nullum,
1354 4427 1398 4471 ex
1429 4428 1465 4472 eo

135 4492 289 4556 debemus
314 4492 515 4568 concludere,
541 4493 626 4574 quod
650 4512 713 4555 non
738 4494 840 4557 solum
859 4494 944 4576 apud
961 4494 1161 4558 acatholicos
1178 4495 1386 4572 christianos,
1413 4495 1464 4578 qui

136 4580 168 4644 in
202 4582 420 4664 compluribus
455 4581 584 4646 casibus
621 4581 871 4646 matrimonialis
903 4582 1023 4647 vinculi
1056 4583 1251 4648 solutionem
1275 4585 1347 4649 fieri
1371 4605 1466 4669 posse

135 4671 370 4752 praetendunt,
405 4670 462 4734 sed
496 4670 596 4735 etiam
629 4670 715 4752 apud
746 4671 913 4748 infideles,-
945 4672 998 4754 qui
1029 4692 1135 4754 neque
1165 4673 1328 4739 unitatem
1361 4694 1466 4759 neque
