3044 5174
317 291 514 364 impedimenta
533 290 699 347 matrimonii
717 291 887 379 dirimentis:
906 293 1148 350 Glandestinitatia
1337 298 1400 362 567

76 469 248 554 Impertiit,
283 469 311 535 si
342 469 438 535 modo
471 491 514 535 ex
545 469 643 535 nullis
676 468 751 535 aliis
780 469 888 535 causis
917 468 1160 536 matrimonium
1191 469 1272 536 illud
1301 470 1404 537 fuerit

76 558 233 626 illicitum.
281 558 345 625 Sed
367 559 551 641 generatim
573 559 652 625 talis
675 557 851 625 celebratio
875 580 934 642 pro
957 558 1072 626 illicita
1096 558 1247 626 habenda
1270 566 1330 637 est,
1358 559 1403 626 si-

76 647 205 731 quidem
229 648 505 732 proclamationes
527 649 569 714 ab
592 647 742 713 Ecclesia
764 647 988 732 praescriptae
1011 649 1209 732 praeoedere
1238 670 1303 714 non
1327 670 1404 732 pos·

76 742 168 815 suut;
201 758 305 819 neque
328 737 370 802 ab
392 737 433 802 iis
463 757 522 822 per
545 736 687 820 epilriam
718 735 866 803 abstrahi
894 741 1022 821 potest,
1053 736 1116 803 uisi
1144 736 1232 804 forte
1260 738 1294 803 in
1325 758 1404 804 casu

76 825 283 892 necessitatis
315 847 347 892 v.
377 847 411 909 g.
443 825 685 893 matrimonium
724 825 838 893 statim
875 825 1104 892 celebrandum
1141 827 1284 893 medium
1315 830 1405 893 esset

76 915 275 982 auferendae
299 914 478 981 occasionis
501 915 639 999 peccati,
664 935 748 998 quae
771 914 870 982 aliter
892 919 981 982 esset
1003 935 1227 1000 permansura.

163 1005 204 1070 R.
230 1004 468 1070 aduocandum
493 1026 612 1071 caeam.
661 1008 689 1070 l.
715 1003 794 1069 Cum
817 1003 956 1071 intentio
978 1003 1012 1070 in
1035 1004 1069 1069 id
1090 1004 1170 1071 ferri
1192 1003 1345 1072 videatur
1367 1008 1404 1071 ut
1413 1014 1437 1068 91

76 1092 274 1160 matrimonii
296 1092 429 1159 ineundi
455 1113 556 1159 causa
584 1092 696 1177 sponsi
723 1092 789 1159 iter
817 1092 1014 1177 suscipiant,
1045 1114 1142 1160 ossus
1173 1098 1287 1161 noster
1316 1115 1403 1160 com·

76 1182 291 1266 prehenditur
313 1203 468 1266 responso
493 1182 534 1248 ad
557 1182 942 1266 remansurum.
960 1181 1039 1248 VIII
1063 1182 1160 1250 datis.
1199 1182 1404 1268 Quapropter

76 1271 318 1338 matrimonium
341 1270 479 1336 Loudini
502 1271 633 1349 initum,
664 1292 706 1337 ex
728 1270 790 1337 hoc
812 1271 882 1337 solo
913 1270 1038 1355 capite,
1068 1271 1248 1338 invalidum
1279 1271 1404 1338 censeri

76 1361 184 1438 debet,
209 1359 237 1425 si
261 1359 393 1427 interim
417 1359 638 1425 abstrahimus
662 1361 703 1426 ab
727 1359 895 1445 apostasia
918 1359 1006 1428 Titii.

166 1453 196 1516 2.
223 1449 416 1526 Renovatio,
433 1448 568 1515 Parisiis
584 1449 684 1527 facta,
701 1449 859 1531 siquidem
875 1449 1039 1532 delegatio
1054 1449 1188 1532 parochi
1205 1448 1406 1515 coloniensis

76 1559 140 1604 non
166 1537 320 1615 adfuerit,
343 1538 456 1604 eodem
473 1538 555 1603 vitio
578 1538 718 1616 laborat,
743 1559 781 1604 eo
805 1538 891 1622 quod
914 1537 1041 1604 animus
1064 1538 1098 1603 in
1117 1537 1212 1603 domo
1228 1538 1404 1604 Parisiensi

76 1648 134 1712 per
165 1647 226 1693 sex
255 1647 384 1693 menses
414 1628 532 1693 saltem
562 1626 731 1694 habitandi
762 1627 894 1693 aberat:
928 1626 983 1711 qui
1013 1627 1141 1693 animus
1173 1626 1201 1692 si
1234 1627 1405 1701 adfuisset,

76 1716 320 1783 matrimonium
343 1716 487 1792 valeret,
518 1715 638 1801 quippe
669 1738 777 1782 coram
805 1716 952 1799 legitimo
975 1717 1117 1799 parocho
1141 1715 1406 1798 quasi-domicilii

77 1810 295 1873 contractum.
343 1805 418 1870 Siue
449 1804 505 1871 illo
535 1805 643 1871 animo
667 1805 828 1889 parochus
846 1809 1002 1892 proprius
1031 1804 1096 1871 dici
1125 1805 1240 1887 nequit
1262 1826 1306 1871 ex
1328 1807 1407 1871 sim·

76 1894 152 1978 plici
185 1893 388 1960 habitatione
420 1915 479 1978 per
511 1915 656 1960 mensem
689 1894 880 1961 continuata
911 1895 953 1961 ab
992 1894 1032 1960 iis
1071 1894 1199 1979 sponsis
1241 1895 1296 1976 qui
1328 1892 1406 1960 alibi

78 1983 278 2050 domicilium
308 1982 469 2061 retinent,
503 1983 564 2049 nisi
597 1983 631 2048 id
662 1984 762 2050 fuerit
793 1984 928 2067 speciali
959 1985 1033 2067 lege
1066 2004 1274 2049 concessum:
1308 2003 1406 2066 quam

76 2071 213 2139 Parisiis
236 2093 300 2138 nou
324 2073 484 2138 exsistere
508 2077 601 2157 patet
624 2094 666 2138 ex
689 2073 857 2139 declarata
878 2093 938 2157 per
960 2073 992 2139 S.
1010 2073 1043 2139 C.
1060 2073 1094 2141 G.
1118 2072 1271 2139 nullitate
1293 2071 1407 2140 matri·

76 2161 189 2240 monii‚
214 2161 255 2227 de
279 2181 341 2244 quo
365 2165 463 2228 Anat.
489 2165 591 2228 eccles.
616 2162 705 2240 VIII,
731 2165 772 2228 62
788 2183 859 2244 sqq.
884 2165 918 2227 et
944 2164 1007 2227 194
1023 2182 1094 2245 sqq.

167 2254 197 2316 3.
216 2249 279 2316 Sed
296 2249 324 2315 si
340 2271 424 2316 nnnc
440 2251 641 2318 attendimus
657 2251 871 2316 defectionem
885 2250 964 2318 'I'itii
979 2250 1021 2316 ad
1037 2253 1162 2318 sectam
1178 2250 1435 2328 acatholicorum

76 2360 149 2406 cnm
173 2338 417 2406 matrimonium
440 2339 706 2418 contraheretur,
731 2344 804 2407 erat
826 2339 1068 2406 matrimonium
1091 2339 1249 2406 mixtum:
1278 2339 1407 2406 ratione

76 2428 279 2495 matrimonii
306 2429 403 2495 mixti
432 2428 544 2513 sponsi
573 2429 605 2494 iu
635 2450 695 2495 suo
726 2429 887 2495 domicilio
918 2428 983 2511 legi
1007 2429 1220 2495 Tridentinae
1247 2427 1405 2494 subtracti

76 2522 174 2585 erant
198 2519 305 2599 quoad
329 2517 528 2584 matrimonii
552 2518 714 2594 valorem3
739 2519 796 2584 sed
820 2539 925 2602 neque
944 2518 1092 2596 Londini,
1116 2522 1231 2602 utpote
1255 2517 1308 2583 ubi
1332 2539 1406 2602 pro-

77 2606 239 2689 mulgatio
262 2607 353 2672 facta
376 2628 441 2672 non
464 2608 518 2682 sit,
541 2607 616 2691 lege
632 2607 824 2675 Tridentina
846 2611 995 2674 induam
1011 2613 1107 2674 erant
1122 2607 1282 2674 adstricti.
1318 2608 1406 2689 Ergo

79 2695 188 2762 I'itius
218 2695 420 2763 acatholicus
449 2696 557 2762 factus
588 2717 659 2761 oum
683 2698 780 2763 Anna
804 2697 965 2763 catholica
983 2696 1122 2763 Londini
1145 2698 1253 2764 valide
1276 2699 1408 2781 poterat

77 2785 321 2852 matrimonium
337 2784 429 2851 inire.
463 2786 496 2851 si
518 2785 621 2867 igitur
639 2788 772 2852 civiliter
787 2787 1019 2853 contrahentes
1035 2807 1147 2851 verum
1164 2784 1407 2852 matrimonium

76 2894 187 2941 coram
204 2874 274 2939 Deo
294 2874 515 2951 intenderunt,
540 2875 648 2940 valide
665 2878 910 2942 contraxerunt.
927 2914 971 2923 -
987 2875 1110 2941 Verum
1125 2875 1158 2940 id
1174 2896 1239 2940 nou
1255 2873 1407 2938 videntur

76 2963 230 3040 voluisse,
255 2963 414 3047 siquidem
437 2964 643 3048 postearitu
662 2963 883 3030 ecclesiastico
899 2962 1141 3031 matrimonium
1163 2964 1328 3029 celebrare
1352 2983 1406 3027 co-

76 3053 147 3120 nati
171 3054 257 3118 sunt.
1227 3071 1230 3074 ’

168 3141 306 3206 Domum
338 3160 440 3207 causa
472 3141 658 3208 devolvitur
690 3141 730 3207 ad
763 3141 852 3207 illam
884 3140 1135 3208 celebrationem
1167 3138 1301 3206 Parisiis
1332 3161 1406 3224 per-

76 3236 197 3299 actam.
237 3229 302 3296 Ubi
325 3251 398 3295 cum
420 3229 477 3295 lex
500 3229 692 3297 Tridentina
712 3231 834 3309 valeat,
859 3251 964 3314 neque
987 3229 1161 3297 acatholici
1183 3228 1341 3313 baptizati
1365 3229 1407 3293 ab

77 3341 117 3388 ea
148 3318 351 3395 eximantur,
383 3319 625 3386 matrimonium
651 3318 795 3385 validum
827 3341 892 3385 non
925 3318 1003 3397 erit,
1037 3318 1099 3384 nisi
1129 3322 1332 3385 contractum
1364 3317 1408 3384 sit

77 3430 189 3475 eoram
220 3407 362 3491 parocho
390 3412 522 3494 proprio
552 3408 664 3474 oiusve
697 3408 859 3492 delegato.
915 3409 1081 3475 Parochus
1114 3413 1224 3474 autem
1251 3409 1407 3495 proprias

76 3497 190 3565 vocari
211 3496 407 3564 Parisiensis
431 3519 496 3563 non
518 3497 635 3582 potuit.

109 3688 462 3755 lMPEDIMENTUM
485 3688 920 3756 CLANDESTINITATIS.
945 3726 989 3735 -
1012 3689 1113 3756 EIUS
1137 3687 1367 3755 EXTENSIO.

638 3837 748 3904 Casus.
769 3844 845 3913 (283)

169 3980 325 4055 Hyginus,
354 3979 559 4050 Lutheranus,
581 3976 705 4036 Parisiis
727 3977 809 4037 ducit
829 3977 980 4037 mulierem
1002 3997 1073 4037 suae
1095 3981 1203 4037 sectae.
1245 3975 1354 4035 Postea
1374 3976 1406 4036 in

78 4059 240 4121 Germania
254 4060 341 4119 fidem
356 4058 533 4118 catholicam
548 4058 671 4118 edoctus
693 4064 781 4134 atque
796 4059 961 4134 amplexus,
983 4059 1021 4118 ab
1035 4077 1127 4117 uxore
1141 4059 1179 4117 ob
1192 4057 1270 4116 hano
1285 4076 1406 4117 causam

78 4140 308 4216 derelinquitur:
331 4158 416 4217 quae,
437 4139 541 4198 habita
562 4137 712 4198 sententia
733 4138 854 4197 divortii
876 4139 982 4209 civilis,
1005 4138 1091 4197 alteri
1111 4137 1222 4214 nupsit.
1256 4137 1406 4214 Hyginus,

80 4221 225 4283 caelibem
247 4220 339 4279 vitam
362 4219 513 4278 difficilius
535 4239 669 4290 servans,
692 4218 781 4278 etiam
804 4219 939 4278 donoro
961 4217 1148 4278 matrimonio
1170 4218 1290 4294 cogitat.

80 4325 261 4398 Qunamrun
282 4327 312 4385 1⁰
332 4325 466 4402 possitne
488 4325 627 4403 Hyginus
649 4324 805 4402 privilegio
826 4323 951 4384 Paulino
972 4323 1024 4383 uti.

281 4417 311 4474 2⁰
331 4414 400 4492 quid
431 4414 618 4474 sentiendum
646 4415 686 4473 sit
714 4414 750 4473 de
777 4413 973 4472 matrimoniis
994 4412 1226 4472 Protestantium
1254 4416 1341 4488 atque
1370 4411 1406 4470 de

333 4496 431 4573 priore
452 4495 564 4572 Hygini
586 4494 782 4555 matrImonio.

281 4587 311 4644 3ο
331 4584 413 4661 quid,
441 4585 468 4644 si
494 4584 619 4661 primum
648 4584 720 4643 illud
748 4581 966 4642 matrimonium
993 4583 1023 4641 iu
1053 4581 1213 4642 Germania
1240 4580 1289 4639 vel
1309 4577 1407 4639 Dania

333 4669 518 4725 contractum
539 4668 629 4736 esset,
650 4669 704 4724 ant
724 4683 743 4723 a
763 4662 920 4724 Germanis
940 4664 989 4723 vel
1010 4662 1113 4723 Danis.
