3044 5174
143 297 184 362 78
471 296 511 353 De
529 314 568 352 aa.
586 297 750 353 eucharistia
768 329 803 339 -
822 303 853 354 ut
871 303 1070 355 sacramentum
1089 303 1139 355 cst.

230 463 269 530 R.
295 466 325 531 2.
371 465 460 531 Num
482 469 616 550 praeter
639 466 811 532 ecclesiam
841 466 1059 550 parochialem
1091 466 1248 533 ecclesiae
1271 467 1405 547 filiales,
1438 467 1464 533 si

141 553 236 619 adest
258 553 302 618 ibi
317 554 469 638 proprius
492 557 655 631 sacerdos,
679 555 730 621 ius
752 576 796 624 as.
820 555 1036 622 eucharistiae
1054 555 1198 623 habeant
1220 557 1345 622 consuli
1368 556 1467 624 debet

141 643 352 709 consuetudo.
399 643 600 722 Schuech,
630 645 686 712 lu.
707 654 791 731 past.
816 643 834 726 l}
858 647 933 711 281.

230 759 270 825 R.
294 760 324 826 3.
372 759 420 826 Ut
449 765 565 829 auteur.
584 759 677 838 alibi,
708 761 741 825 in
765 761 917 828 oratoriis
938 759 1207 827 communitatum
1230 762 1283 827 vel
1307 762 1409 829 etiam
1432 762 1465 827 in

140 847 293 914 oratoriis
315 848 455 933 privatis
479 870 522 917 ss.
539 854 780 916 sacramentum
804 850 969 916 asservari
988 849 1095 929 liceat,
1120 849 1282 918 indultum
1305 852 1465 936 apostoli-

141 957 213 1002 cum
236 937 423 1020 requiritur.
475 939 530 1005 lt.
555 962 595 1005 m.
620 938 662 1016 ΙΙ,
690 941 762 1005 132.

81 1089 131 1143 135
228 1077 283 1144 Ao
305 1100 496 1155 ouaas1rnu
521 1082 560 1144 2¹¹¹
583 1079 622 1147 u.
649 1084 677 1146 1.
721 1081 810 1146 Ante
832 1079 943 1146 omnia
964 1079 1200 1164 praescribitur
1221 1084 1259 1147 ut
1280 1082 1465 1149 asservatio

140 1168 200 1232 fiat
214 1166 249 1232 in
270 1169 484 1235 tabernaculo
499 1170 583 1235 hene
599 1169 710 1235 clauso
727 1173 761 1234 et
777 1169 870 1235 clave
894 1171 1056 1236 obserato.
1089 1169 1179 1246 Quae
1195 1169 1300 1236 clavis
1323 1191 1366 1236 ex
1390 1171 1464 1255 lage

141 1257 303 1322 communi
333 1258 375 1324 ab
404 1258 474 1342 ipso
504 1259 667 1324 sacerdote
697 1263 827 1326 rectore
857 1257 909 1323 vel
939 1257 1080 1326 sacrista
1110 1258 1267 1325 ecclesiae
1297 1261 1465 1326 asservari

140 1345 253 1422 dehet3
277 1346 449 1430 privilegio
472 1353 584 1414 tamen
604 1347 779 1431 aliquando
802 1345 990 1431 indulgetur
1013 1346 1106 1414 utin
1130 1347 1277 1414 domibus
1300 1347 1465 1432 religiosis

139 1435 193 1500 vel
216 1434 280 1519 piis
301 1436 463 1503 institutis
487 1437 553 1502 alia
576 1437 725 1504 custodia
748 1440 823 1504 tuta
845 1436 997 1504 sufficiat.

227 1544 267 1618 R.
293 1553 323 1618 2.
370 1551 630 1618 'l'abernaculum
660 1552 755 1619 decet
778 1573 850 1617 esse
873 1552 1078 1618 extrinsecus
1099 1572 1181 1636 prae
1204 1553 1323 1619 ceteris
1347 1554 1464 1619 altaris

138 1639 288 1793 plabrtibua
315 1645 530 1796 exomtatum3
563 1641 652 1708 intus
676 1640 790 1720 debet,
821 1641 883 1706 nisi
913 1641 1100 1707 inauratum
1124 1641 1184 1720 sit,
1218 1641 1322 1707 serico
1353 1664 1463 1726 panno

139 1749 158 1793 a
194 1750 309 1795 cesse
332 1751 414 1797 orna
430 1751 494 1800 um.

228 1844 265 1910 lt.
290 1849 321 1912 3.
368 1845 470 1929 Pyxis
492 1865 550 1911 seu
580 1839 736 1911 ciborium
763 1866 827 1928 quo
856 1866 900 1911 as.
931 1844 1131 1911 eucharistia
1161 1844 1347 1911 continetur
1376 1848 1462 1913 debet

137 1952 210 1998 esee
234 1953 276 1999 ex
299 1933 404 2001 solida
427 1934 619 2017 decentique
642 1934 798 2011 materia;
832 1954 1011 2016 congruum
1041 1938 1093 2000 est
1123 1938 1160 2001 ut
1189 1933 1233 2001 sit
1256 1955 1298 2000 ex
1322 1943 1461 2018 argento

137 2023 255 2088 saltem
286 2023 453 2098 inaurato;
484 2024 662 2106 tegendum
693 2029 745 2090 est
774 2024 877 2089 serico
901 2022 975 2088 velo
998 2023 1073 2088 albo
1096 2029 1131 2089 et
1159 2023 1193 2088 in
1223 2025 1387 2108 corporali
1410 2047 1461 2091 re-

137 2113 331 2196 ponendum.
385 2113 435 2178 De
469 2114 586 2196 quihus
616 2112 765 2178 omnibus
797 2112 871 2177 vide
903 2114 1033 2178 Rituale
1064 2113 1153 2179 Rom.
1186 2112 1238 2180 tit.
1270 2113 1336 2193 IV,
1371 2137 1399 2181 c.
1434 2119 1460 2192 1,

137 2222 168 2266 n.
194 2203 224 2267 8.
250 2204 280 2279 9,
304 2207 339 2269 et
366 2203 422 2269 lt.
447 2225 487 2271 m.
512 2203 553 2268 Il.
581 2204 643 2266 132
668 2223 741 2267 cum
766 2204 898 2267 decretis
921 2203 954 2269 S.
978 2203 1044 2268 Ru.
1070 2203 1103 2267 O.
1127 2201 1171 2266 ibi
1195 2202 1348 2270 laudatis.

77 2350 128 2404 136
226 2343 279 2405 Au
302 2361 494 2416 ouassrruu
518 2342 557 2404 3³¹
580 2339 618 2406 R.
646 2343 674 2406 1.
722 2339 811 2405 Bene
841 2339 970 2421 quidem
994 2339 1075 2405 iacit
1098 2343 1153 2417 ut,
1187 2340 1316 2422 quoties
1338 2347 1459 2426 potest,

136 2429 255 2511 populo
280 2429 378 2495 etiarn
401 2429 435 2494 in
458 2428 553 2513 pagis
572 2428 688 2495 vicinis
704 2428 838 2512 degenti
853 2429 886 2493 in
902 2428 969 2494 suis
992 2428 1072 2494 locis
1088 2429 1247 2513 praebeat
1269 2431 1459 2514 opportuni·

135 2520 239 2583 tutem
264 2540 307 2584 se.
331 2520 452 2584 missae
475 2518 642 2593 sacrificii;
676 2518 788 2584 debuit
811 2522 921 2583 tamen
945 2518 1062 2584 saltem
1087 2519 1128 2584 ab
1152 2519 1315 2585 ordinario
1339 2520 1460 2587 hahere

136 2605 328 2673 facultatem
353 2607 495 2673 binandi.
542 2608 634 2673 Haec
664 2607 749 2673 enim
772 2628 837 2672 non
862 2628 900 2672 eo
923 2607 994 2691 ipso
1025 2606 1111 2690 quod
1135 2606 1274 2673 diversis
1297 2610 1394 2692 pagis
1417 2610 1460 2676 sit

135 2696 343 2780 praepositus
358 2697 522 2762 sacerdoti
534 2699 613 2764 data
624 2696 837 2778 intellegitur,
854 2697 983 2779 quando
999 2718 1062 2761 non
1076 2697 1187 2779 plures
1203 2697 1270 2763 sint
1284 2699 1460 2782 parochiae

136 2785 195 2850 sed
218 2806 292 2851 una.
340 2787 389 2851 De
412 2806 477 2868 qua
500 2807 536 2851 re
559 2785 600 2852 cf.
625 2785 711 2850 infra
735 2787 774 2850 de
796 2787 954 2869 scruficio
976 2789 1101 2851 missae.

224 2901 263 2967 R.
290 2903 319 2967 2.
367 2901 400 2967 Si
430 2902 596 2984 hucusque
627 2900 826 2967 consuetudo
857 2921 921 2965 non
954 2903 1027 2966 erat
1058 2900 1248 2967 asservandi
1272 2922 1317 2968 ss.
1342 2903 1460 2969 eucha-

134 2987 263 3056 ristiam
286 2989 386 3056 etiarn
417 2990 450 3055 in
473 2990 626 3056 filialibus
655 2989 721 3055 illia
744 2989 909 3068 ecclesiis,
944 2993 1033 3056 certe
1047 2988 1234 3073 'Procopius
1264 3012 1329 3057 nou
1353 2993 1461 3076 potuit

134 3079 267 3162 proprio
284 3084 390 3146 marte
410 3078 444 3145 id
461 3080 669 3146 constituere.
698 3079 815 3167 immo,
841 3101 913 3145 cum
937 3100 1001 3144 non
1022 3078 1109 3145 adsit
1131 3079 1283 3163 proprius
1306 3083 1460 3148 sacerdos

135 3168 190 3249 qui
206 3168 270 3234 illis
286 3167 432 3234 ecclesiis
448 3169 582 3247 serviat,
600 3168 776 3236 difficulter
788 3167 989 3235 obtinebitur
1004 3168 1225 3234 asservandus
1241 3170 1461 3239 eucharistiae

133 3256 305 3332 indultum,
330 3258 417 3340 quod
440 3257 631 3341 ceteroquin
654 3278 675 3323 a
698 3258 730 3325 S.
756 3258 838 3324 Sede
862 3257 926 3323 erit
947 3256 1197 3341 implorandum.

74 3390 124 3444 137
224 3375 262 3440 lt.
288 3377 317 3440 3.
351 3373 461 3440 Etiam
477 3373 647 3458 supposita
670 3372 819 3456 legitima
841 3373 1001 3439 facultate
1024 3374 1247 3439 asservandus
1270 3395 1314 3442 ss.
1340 3376 1459 3442 eucha-

134 3462 247 3529 ristiae
271 3464 374 3529 clavis
397 3463 547 3530 custodia
570 3484 667 3546 quam
684 3466 876 3529 servatnou
893 3461 1089 3544 estquidam
1114 3464 1154 3529 ad
1178 3484 1327 3529 normam
1351 3465 1458 3549 legum

135 3552 441 3630 ecclesiasticarum,
471 3552 499 3618 si
522 3554 624 3618 verba
647 3572 762 3618 severe
785 3572 912 3628 sumas;
946 3551 1049 3616 clavis
1063 3552 1158 3617 enim
1182 3552 1300 3619 dicitur
1323 3555 1367 3620 ab
1390 3555 1458 3639 ipso

134 3641 293 3706 ecclesiae
316 3646 445 3707 rectore
462 3641 674 3708 custodienda
691 3662 773 3706 esse.
807 3641 930 3706 Verum
946 3640 1004 3704 vix
1027 3662 1092 3706 non
1116 3640 1234 3724 ubique
1258 3645 1458 3711 consuetudo

134 3734 185 3795 est
210 3730 300 3796 utin
324 3730 476 3796 sacristia
500 3731 602 3796 clavis
625 3735 776 3796 servetur
799 3729 832 3794 in
855 3731 926 3795 loco
950 3734 1023 3795 tuto
1045 3734 1079 3796 et
1102 3731 1223 3807 clauso,
1248 3732 1304 3796 sed
1330 3734 1457 3799 conscio

134 3819 265 3886 aedituo
286 3821 361 3904 fido,
386 3841 470 3902 quae
494 3819 692 3886 consuetudo
716 3819 844 3885 ratione
867 3818 925 3885 illa
947 3819 1064 3885 nititur
1087 3823 1124 3886 ut
1147 3819 1276 3886 facilius
1300 3841 1320 3886 a
1345 3823 1458 3905 quovis

134 3909 305 3976 sacerdote
325 3908 358 3973 in
382 3931 460 3975 casu
483 3907 691 3975 necessitatis
714 3908 870 3975 viaticum
894 3907 1073 3974 ministrari
1093 3909 1207 3993 possit.
1240 3909 1455 3998 Quapropter.

134 3997 160 4061 si
185 4002 293 4063 rector
316 3998 473 4064 ecclesiae
503 3998 562 4064 tali
592 3998 688 4063 modo
719 3998 846 4063 clavem
870 3997 1074 4064 tabernaculi
1097 4004 1226 4078 servat,
1260 4022 1325 4065 non
1350 4006 1457 4087 potest

133 4088 335 4171 reprehendi.
382 4087 429 4154 uf.
455 4087 673 4173 Gasparri,
698 4087 748 4152 Dc
771 4089 855 4153 eceb.
881 4109 911 4153 n.
938 4089 1145 4153 998-1000.

223 4204 261 4271 R.
285 4209 316 4270 4.
363 4205 477 4271 Curari
505 4206 602 4270 dehet
632 4209 669 4270 ut
690 4203 938 4270 tabernaculum
962 4203 1080 4268 saltem
1104 4202 1192 4269 intus
1216 4204 1339 4272 habeat
1362 4228 1454 4273 orna·

133 4296 202 4358 turn
226 4295 474 4378 praescriptum,
499 4295 623 4359 scilicet
647 4292 747 4377 panni
770 4291 836 4358 albi
856 4292 951 4357 serici
974 4295 1216 4374 tegumentum
1241 4298 1343 4376 atque
1359 4296 1453 4364 etiarn

133 4402 191 4465 pro
215 4405 311 4467 posse
334 4385 472 4449 sericum
503 4384 611 4448 velum
642 4381 754 4447 ciborii
785 4381 1021 4465 procurandum
1054 4386 1121 4448 est:
1152 4383 1186 4447 in
1216 4383 1334 4464 quibus
1361 4387 1454 4452 rebus

133 4491 196 4535 non
220 4474 303 4537 bene
325 4473 531 4556 praetexitur
549 4477 736 4555 paupertas.
755 4506 795 4516 -
813 4470 851 4534 In
874 4471 999 4552 reliquo
1023 4475 1141 4537 ornatu
1164 4476 1301 4556 propter
1315 4496 1454 4560 pauper·
1496 4470 1502 4531 :¹

132 4561 393 4716 {ftessgocniogs
402 4562 581 4627 incolarum
605 4561 734 4626 facilius
764 4559 885 4641 aliquid
910 4565 1019 4643 potest
1040 4559 1212 4642 indulgeri.
1259 4561 1307 4628 uf.
1338 4566 1395 4632 lla.
1415 4588 1452 4631 m.
1496 4574 1502 4585 ’
