3044 5174
428 285 630 340 Matrimonium
649 283 854 355 praecedentia:
872 310 909 320 —
927 282 1078 353 sponsalia.
1350 287 1416 351 485

88 485 163 530 nere
188 485 232 530 ne
255 464 463 532 matrimonio
488 464 654 549 proposito
670 464 804 529 Luciam
828 463 947 529 iniuria
970 463 1128 543 afficeret,
1153 465 1210 529 sed
1235 469 1271 530 ut
1295 465 1416 529 abillo

87 553 298 620 matrimonio
322 553 512 628 desisteret;
544 553 687 636 alioquin
711 575 748 617 se
772 553 917 620 amicitia
940 574 1020 634 erga
1043 558 1170 636 patrem
1195 554 1315 620 Luciae
1345 554 1416 636 cogi

87 648 122 710 ut
145 642 348 710 valetudinis
372 642 593 708 condicionem
616 642 663 708 illi
687 643 881 709 declararet.
929 643 1000 708 Hoc
1031 644 1126 708 modo
1150 643 1268 708 Petrus
1298 643 1418 709 secreti

87 733 152 814 legi
188 754 254 815 qua
288 733 465 799 tenebatur
496 732 613 796 melius
648 732 875 799 consuluisset.
928 731 1049 809 Quodsi
1082 732 1155 796 dein
1189 733 1364 797 Tetradius
1397 753 1417 796 a

86 822 298 888 matrimonio
330 820 502 887 nolluisset
534 821 711 899 desistere,
748 821 866 887 Petrus
898 825 1030 905 poterat
1063 821 1176 902 utique
1209 843 1277 886 reru
1310 825 1416 886 totam

86 911 210 976 Luciae
243 910 410 976 revelare:
443 931 520 976 nam
552 931 625 976 curn
655 910 799 993 periculo
823 910 1016 976 inliciendae
1047 910 1224 993 compartis
1247 910 1417 976 matrimo-

87 1001 177 1066 nium
203 1000 298 1078 inire,
321 999 384 1065 hac
407 999 595 1065 condicione
612 998 741 1065 silentio
758 1020 882 1083 pressa,
907 999 986 1064 nihil
1004 998 1091 1066 aliud
1108 1005 1160 1064 est
1175 999 1237 1064 nisi
1260 1000 1416 1065 iniustum

87 1090 244 1156 damnum
272 1088 411 1167 inferre,
445 1088 486 1153 ad
511 1089 596 1170 quod
621 1088 662 1152 ab
695 1089 799 1155 amico
832 1089 1088 1172 propulsandum
1120 1095 1282 1155 secretum
1316 1089 1416 1155 etiam

86 1179 298 1245 commissum
314 1178 464 1243 revelare
480 1177 567 1255 licet,
584 1177 682 1242 immo
700 1178 868 1243 revelandi
886 1186 1077 1262 potestesse
1094 1178 1261 1259 obligatio.
1294 1177 1417 1243 Verum

86 1271 189 1334 etiarn
215 1269 306 1350 leges
329 1267 491 1350 positivae
521 1271 555 1332 et
579 1267 731 1332 damnum
760 1267 885 1332 medico
916 1268 1094 1343 oriturum,
1126 1267 1180 1348 qui
1210 1267 1329 1333 secreti
1353 1289 1416 1332 non

86 1359 131 1425 sit
155 1363 270 1435 torax,
295 1356 415 1423 debent
438 1355 647 1422 considerari.

179 1490 234 1556 An
264 1509 457 1565 onarsrrnu
481 1491 520 1554 3¹¹²
549 1489 588 1554 R.
621 1491 649 1554 1.
696 1487 787 1565 Quod
819 1487 937 1552 dicitur
967 1488 1008 1553 de
1037 1486 1153 1553 ultima
1183 1489 1416 1573 suppositione,
1426 1503 1480 1558 843

86 1577 290 1664 sponsalium
315 1576 560 1644 dissolutionem
584 1577 751 1643 inductam
775 1598 848 1642 esse
872 1575 979 1642 causis
1003 1598 1068 1642 non
1092 1577 1221 1644 omnino
1246 1579 1343 1659 veris,
1368 1579 1418 1644 in·

87 1669 161 1734 nuit
185 1688 243 1733 eas
272 1667 412 1751 supponi
441 1665 650 1732 nihilominus
681 1689 719 1732 en
736 1675 834 1751 porte
862 1665 964 1730 fuisse
994 1687 1101 1732 veras.
1150 1666 1258 1744 Quare
1288 1669 1417 1735 omnino

87 1756 249 1840 distingui
273 1756 370 1822 debet
392 1760 512 1833 utrum,
538 1760 700 1839 quatenus
724 1754 847 1820 luerint
870 1776 985 1833 verae,
1011 1755 1116 1822 adhuc
1138 1757 1259 1822 iustam
1284 1778 1416 1822 causam

87 1870 108 1914 a
133 1845 342 1931 sponsalibus
364 1845 538 1911 recedendi
561 1845 798 1929 praebuissent,
823 1865 960 1926 eamque
984 1845 1084 1911 talem
1109 1851 1146 1912 ut
1168 1849 1304 1929 propter
1326 1846 1417 1912 illam

87 1937 191 2002 Lucia
215 1956 251 2001 re
274 1934 347 2019 ipsa
370 1935 576 2000 dissolvisset
599 1933 781 2018 sponsalia,
813 1955 931 2001 annon.
980 1934 1013 2000 Si
1035 1934 1192 2019 primum,
1227 1936 1317 2000 nulla
1347 1957 1417 2000 arn-

87 2027 176 2111 plius
200 2028 252 2091 est
274 2045 334 2108 pro
359 2023 510 2109 quopiam
542 2023 715 2105 obligatio,
747 2023 809 2089 nisi
838 2023 872 2087 in
902 2027 1058 2105 quantum
1090 2024 1211 2090 iniusta
1242 2025 1418 2091 accesserit

87 2116 199 2182 famae
224 2113 418 2196 denigratio.

181 2221 220 2289 R.
246 2222 276 2287 2.
309 2219 343 2285 si
366 2240 408 2284 ne
430 2218 463 2283 in
486 2222 616 2285 tantum
640 2219 768 2301 quidem
791 2240 911 2283 causae
927 2239 1027 2284 verae
1043 2223 1148 2298 erant,
1174 2221 1297 2285 veritas
1313 2219 1418 2284 mani·

86 2310 254 2388 testanda,
280 2313 314 2375 et
336 2308 364 2373 si
387 2329 475 2373 nova
498 2309 601 2373 solum
626 2307 792 2392 sponsalia
814 2311 984 2374 contracta
999 2313 1086 2387 sunt,
1110 2309 1192 2374 haec
1208 2317 1312 2395 utpote
1327 2311 1418 2375 nulla

86 2399 305 2482 relinquenda
335 2402 435 2481 atque
467 2398 578 2481 priora
608 2397 799 2462 sustinenda
829 2400 863 2463 et
893 2419 952 2481 per
983 2398 1225 2464 matrimonium
1259 2420 1336 2463 mox
1367 2398 1418 2463 in-

87 2489 232 2557 eundum
255 2487 420 2571 implenda
443 2491 529 2554 sunt.

179 2605 220 2670 R.
245 2605 276 2670 3.
323 2602 443 2680 Quodsi
467 2622 546 2668 vero
576 2601 817 2668 matrimonium
849 2602 913 2667 iam
939 2606 991 2667 est
1013 2601 1130 2669 initum
1153 2603 1258 2681 aliud,
1289 2603 1417 2681 Petrus,
1427 2614 1480 2670 844

87 2694 144 2778 qui
170 2691 324 2776 culpabili
347 2691 517 2758 mendacio
541 2712 642 2756 causa
665 2695 716 2757 est
742 2691 889 2776 impediti
914 2692 1122 2769 matrimonii,
1147 2693 1268 2758 damna
1290 2699 1418 2775 tempo·

86 2783 192 2862 ralia,
217 2782 244 2847 si
268 2781 320 2848 cui
344 2785 461 2847 exorta
484 2784 570 2859 sunt,
595 2781 692 2847 debet
716 2801 881 2865 reparare.
913 2781 1076 2845 Damnum
1100 2802 1159 2865 pro
1182 2781 1284 2846 Lucia
1307 2781 1419 2847 eiusve

86 2876 186 2957 patre
210 2871 268 2936 vix
291 2870 398 2936 aderit
422 2870 493 2948 vel,
524 2868 735 2946 siadfuerit‚
760 2891 824 2935 non
849 2870 1093 2947 aestimabitur,
1124 2870 1152 2935 si
1176 2871 1418 2936 matrimonium

87 2983 163 3029 curn
187 2960 278 3027 Petri
301 2959 368 3025 lilio
391 2959 472 3024 felix
496 2958 619 3035 evasit3
650 2962 761 3042 potest
789 2958 904 3024 adesse
928 2979 986 3042 pro
1011 2959 1183 3039 Tetradio,
1214 2960 1241 3024 si
1266 2959 1419 3025 videlicet

89 3051 240 3117 deiectus
263 3070 285 3114 a
308 3047 526 3132 possibilitate
550 3048 716 3113 ducendae
739 3047 859 3113 Luciae
882 3048 1125 3113 matrimonium
1155 3069 1259 3131 aeque
1282 3048 1343 3111 sibi
1367 3049 1419 3112 fa·

89 3162 174 3205 vens
196 3142 314 3224 postea
336 3159 401 3203 uon
423 3136 529 3220 possit
550 3137 642 3203 inire.
673 3137 781 3219 Magis
797 3137 896 3202 etiam
921 3137 1073 3201 damnum
1097 3137 1179 3202 illud
1202 3158 1336 3202 revera
1358 3157 1419 3220 pa·

88 3229 184 3306 titur,
210 3228 295 3311 quod
319 3227 424 3293 oritur
447 3247 489 3291 ex
512 3227 665 3309 expensis
689 3226 787 3292 factis
803 3265 847 3273 —
863 3226 891 3290 si
915 3247 996 3308 quas
1012 3226 1091 3291 fecit
1107 3262 1149 3271 -
1166 3248 1225 3310 pro
1243 3247 1417 3309 praepara-

87 3319 180 3384 tione
204 3315 400 3382 matrimonii
426 3314 518 3380 brevi
542 3315 736 3380 celebrandi.

182 3433 220 3503 R.
245 3435 276 3499 4.
323 3432 459 3496 Domum
491 3431 518 3496 si
542 3431 629 3497 aliud
658 3430 787 3512 quidem
817 3430 1059 3495 matrimonium
1092 3430 1206 3496 initum
1232 3452 1296 3496 non
1320 3433 1418 3510 esset,

90 3523 151 3590 sed
174 3521 293 3599 Lucia,
324 3520 417 3587 falsis
440 3520 531 3586 Petri
561 3519 861 3586 denuntiationibus
885 3523 1050 3602 permota,
1082 3520 1302 3586 condicionem
1327 3542 1420 3586 suam

89 3613 140 3679 ita
171 3614 333 3678 mutasset
363 3614 400 3675 ut
429 3610 491 3674 bac
521 3608 570 3674 sui
603 3609 785 3676 mutatione
817 3609 1027 3674 induceretur
1056 3610 1099 3674 ad
1128 3631 1214 3675 nunc
1245 3611 1419 3674 nolendum

89 3700 334 3768 matrimonium
351 3721 423 3764 cum
440 3698 606 3776 Tetradio,
631 3698 740 3776 etiam,
765 3703 938 3781 postquam
961 3699 1216 3765 denuntiationis
1239 3699 1418 3764 falsitatem

90 3789 312 3872 cognovisset,
337 3810 410 3854 cum
435 3787 517 3852 alias
540 3809 673 3872 prorsus
697 3786 865 3871 promissis
889 3787 956 3851 suis
979 3787 1084 3852 fidelis
1108 3810 1263 3853 mansura
1286 3789 1417 3853 fuisset:

92 3881 212 3946 Petrus
236 3879 292 3943 vix
316 3899 380 3943 non
405 3878 517 3941 eodem
542 3877 647 3954 modo,
672 3876 764 3942 utin
788 3877 827 3941 R.
854 3879 883 3953 3,
909 3876 1064 3943 Tetradio
1089 3878 1257 3953 damnum,
1283 3877 1308 3941 si
1334 3877 1420 3957 quod

91 3969 229 4054 patitur,
253 3971 423 4034 teneretur
445 3987 610 4049 reparare.

392 4166 617 4234 DEFEGTUS
642 4166 906 4233 SPONSORUM
929 4166 1125 4233 DETECTI.

659 4324 769 4390 Casus.
789 4331 864 4400 (247)

183 4475 341 4554 Respicius
363 4495 428 4534 cum
450 4475 622 4533 Eleutheris
643 4474 796 4551 sponsalia
818 4480 1017 4545 contraxerat,
1040 4494 1106 4533 oum
1121 4480 1151 4533 et
1165 4474 1229 4551 ipse
1250 4474 1368 4531 labatur
1389 4473 1420 4532 in

90 4558 320 4620 fornicationem
349 4576 414 4615 cum
434 4556 604 4626 meretrice,
633 4560 663 4613 et
684 4553 855 4613 Eleutheria
884 4558 920 4614 ab
950 4556 1042 4614 altero
1070 4555 1178 4613 iuvene
1207 4559 1420 4629 corrumpatur.

91 4640 183 4703 Graius
210 4637 256 4698 rei
287 4655 353 4695 cum
381 4637 582 4696 confessarius
604 4654 642 4694 ex
663 4639 787 4710 utroque
808 4635 980 4711 paenitente
1001 4634 1136 4694 notitiam
1164 4637 1289 4706 habeat,
1319 4651 1422 4692 secum
