3044 5174
145 256 209 321 174
600 253 805 308 Sacramentum
823 254 1015 324 poenitentiae.

143 428 256 497 statim
280 427 399 511 inquiri
422 433 523 511 atque
545 427 708 495 certitudo
732 428 845 494 haberi
868 427 983 512 possit.
1023 427 1467 497 Ballerini·Palmieri

144 521 240 585 tract.
264 517 305 594 X,
330 521 409 584 sect.
435 520 466 596 5,
489 540 521 584 n.
547 520 606 595 26;
635 518 691 584 dt.
716 541 756 584 m.
781 518 823 595 II,
848 519 923 585 272.

81 665 132 720 297
231 651 563 726 nequamneuam
593 649 632 716 R.
659 653 688 717 1.
735 649 769 716 Si
798 653 937 716 naturae
966 648 1062 714 huius
1091 649 1290 718 sacramenti
1321 650 1466 717 condicio

142 738 293 822 apposita
323 759 388 804 non
417 741 596 822 repugnat,
631 738 783 804 similiter
810 744 848 806 ut
881 738 915 803 in
949 737 1022 803 aliis
1057 738 1272 805 sacramentis
1302 738 1467 825 baptismi,

33 884 36 895 .
142 827 318 903 unctionis,
350 828 461 894 licebit
490 828 664 911 aliquando
695 827 917 893 condicionem
946 848 1126 910 apponere,
1157 828 1309 894 nimirum
1338 829 1467 911 quando

141 920 176 984 et
201 918 233 997 1)
257 916 389 982 dubium
412 920 563 983 estnum
586 938 724 983 revera
753 916 915 983 absolutio
944 916 1052 982 locum
1081 915 1203 982 habere
1225 937 1283 982 seu
1314 920 1466 985 effectum

141 1005 253 1072 sortiri
276 1005 390 1090 possit,
415 1012 450 1073 et
474 1006 508 1088 2)
531 1006 644 1089 gravis
667 1005 752 1073 ratio
776 1011 828 1073 est
851 1007 1003 1071 effectum
1018 1005 1110 1071 illum
1125 1006 1244 1071 saltem
1259 1006 1413 1072 tentandi
1429 1027 1465 1073 eo

142 1094 227 1176 quod
251 1094 383 1174 homini,
407 1094 435 1160 si
458 1095 624 1180 possibilis
646 1095 757 1174 fuerit,
782 1095 882 1161 etiam
906 1094 950 1162 sit
974 1093 1159 1160 necessaria
1181 1094 1237 1160 vel
1252 1094 1351 1161 valde
1367 1093 1465 1162 utilis.

230 1209 269 1276 R.
295 1213 325 1278 2.
357 1211 483 1277 Causae
506 1216 616 1278 autem
639 1210 785 1295 practice
801 1215 1012 1277 occurrentes
1027 1209 1061 1274 in
1077 1209 1195 1291 quibus
1217 1210 1465 1280 condicionatoe

142 1298 340 1365 absolutioni
362 1300 407 1367 sit
428 1300 521 1366 locus
544 1305 620 1366 sunt
643 1300 713 1367 fere
736 1300 816 1365 hae:

232 1407 264 1489 1)
288 1409 417 1489 quando
442 1406 572 1473 dubium
595 1411 749 1473 versatur
778 1406 818 1471 de
841 1404 912 1471 vita
934 1405 988 1470 vel
1017 1408 1123 1471 morte
1153 1404 1223 1471 eius
1245 1426 1344 1489 quem
1368 1406 1463 1473 velim

140 1496 416 1676 abffllgirciuiando
441 1594 571 1660 dubium
595 1598 647 1659 est
670 1593 710 1658 de
733 1591 930 1657 sufficientia
952 1591 1089 1658 rationis
1111 1590 1146 1655 in
1168 1611 1269 1675 puero
1289 1591 1345 1657 vel
1369 1592 1463 1658 somi-

140 1682 233 1749 fatuo
258 1704 296 1749 ac
314 1682 416 1784 'simul
439 1681 680 1750 rationabiliter
709 1681 879 1746 dubitatur
909 1679 950 1745 (16
979 1679 1118 1746 materia
1148 1680 1245 1762 gravi
1274 1679 1368 1746 cuius
1391 1702 1462 1747 reus

140 1792 212 1837 esse
229 1777 416 1953 glostiiria'ndo
440 1869 572 1935 dubium
596 1873 647 1935 est
670 1868 711 1933 (16
734 1866 851 1933 morali
874 1866 1063 1951 praesentia
1085 1865 1299 1950 paenitentis;

228 1969 262 2049 4)
286 1967 416 2050 quando
440 1967 572 2032 dubium
596 1971 647 2032 est
669 1987 747 2031 num
771 1965 992 2031 confessarius
1015 1964 1079 2031 rite
1101 1964 1167 2030 iam
1191 1964 1389 2040 absolverim

228 2066 263 2146 5)
286 2066 416 2148 quando
446 2065 578 2131 dubium
602 2068 755 2130 versatur
785 2064 825 2129 (16
854 2068 1022 2146 potestate
1052 2061 1260 2141 confessarii,
1291 2062 1461 2146 paenitens

138 2174 218 2221 vero
242 2154 389 2238 indigeat
412 2152 677 2220 reconciliatione
700 2173 807 2234 neque
829 2152 970 2219 alterum
994 2150 1099 2236 possit
1121 2151 1222 2218 adire.

228 2255 262 2334 6)
286 2253 415 2336 quando
439 2252 571 2317 dubium
594 2256 646 2318 est
675 2272 752 2316 num
782 2253 877 2316 actus
907 2249 1107 2334 paenitentis
1136 2248 1303 2316 sufficiant
1331 2249 1377 2315 ad
1406 2249 1460 2316 alr

136 2340 508 2498 igiffilegsssffiam'
532 2341 590 2406 sed
613 2341 709 2405 simul
732 2339 845 2424 gravis
868 2340 953 2406 ratio
977 2360 1043 2405 non
1057 2339 1153 2423 plene
1176 2337 1348 2421 negandae
1367 2339 1459 2405 abso·

227 2546 265 2612 R.
298 2550 327 2612 3.
382 2544 508 2612 Ultima
541 2543 627 2611 ratio
662 2564 705 2609 ex
740 2543 869 2609 diverso
905 2542 1035 2626 quidem
1068 2541 1176 2625 capita
1205 2541 1323 2608 adesse
1352 2548 1460 2626 potest

139 2633 173 2717 a)
198 2655 240 2700 ex
264 2634 395 2700 defectu
417 2632 577 2699 materiae
599 2636 762 2699 remotae:
788 2633 828 2697 de
845 2653 907 2715 qno
923 2632 989 2697 iarn
1006 2630 1129 2696 dictum
1144 2635 1197 2697 est
1211 2652 1311 2714 supra
1326 2654 1392 2698 cas.
1410 2634 1459 2697 83.

226 2731 261 2811 b)
285 2752 326 2795 ex
349 2728 612 2814 impossibilitate
635 2729 687 2794 hic
711 2733 746 2795 et
769 2749 854 2794 nuno
869 2727 1056 2813 proferendi
1072 2726 1209 2793 alicuius
1231 2727 1318 2810 signi
1341 2727 1460 2794 doloris

137 2841 194 2886 seu
218 2819 454 2886 accusationis:
479 2819 565 2901 quod
588 2819 621 2883 in
645 2818 835 2884 moribundo
859 2817 1151 2901 acciderepotest.
1430 2819 1432 2823 ’

127 2917 130 2924 ’
227 2919 258 3000 6)
282 2939 325 2984 ex
347 2916 443 2983 dubio
473 2916 632 2983 materiae
661 2915 847 2999 proximae,
880 2915 899 2982 i.
925 2936 952 2982 6.
977 2914 1055 2981 iusti
1079 2913 1200 2979 doloris
1223 2918 1259 2980 et
1284 2914 1459 2999 propositi:

135 3009 169 3075 in
193 3029 256 3090 quo
280 3006 506 3072 moribundum
529 3007 589 3070 sub
613 3004 801 3070 condicione
824 3005 950 3069 absolvi
964 3024 1062 3088 posse
1085 3007 1119 3069 et
1143 3003 1262 3068 debere
1284 3023 1381 3069 nemo
1404 3024 1460 3069 ne-

135 3118 217 3180 gare
240 3101 366 3180 potest,
390 3095 453 3161 nisi
476 3093 633 3177 rigorista
661 3093 706 3160 sit
729 3097 912 3169 extremus3
943 3092 976 3158 in
1000 3091 1074 3158 aliis
1097 3091 1359 3174 circumstantiis,
1376 3092 1460 3159 idem

136 3186 284 3252 accidere
304 3207 396 3271 posse
418 3205 461 3250 ex
484 3183 648 3250 sententia
672 3183 703 3249 S.
728 3181 844 3265 Alph.
869 3181 925 3259 VI,
950 3184 1026 3261 432,
1051 3183 1168 3263 (lucer.
1191 3180 1248 3260 IV,
1275 3184 1291 3246 l
1316 3181 1460 3265 practice

134 3274 301 3341 indubium
324 3279 384 3341 est.

73 3416 125 3472 298
226 3408 279 3471 An
303 3426 493 3481 ocnnmnun
517 3408 556 3470 3ιη
580 3404 619 3470 R.
646 3406 673 3471 1.
722 3403 773 3468 Ex
803 3401 843 3467 iis
867 3423 950 3484 quae
974 3402 1162 3468 dictasunt
1186 3404 1325 3486 apparet
1348 3401 1459 3469 Marco

135 3497 278 3581 palmam
309 3516 373 3560 non
401 3515 473 3560 esse
497 3492 763 3569 adiudicandam;
797 3492 928 3559 excedit
957 3491 1042 3556 enim
1072 3490 1203 3557 omnino
1233 3490 1267 3556 in
1295 3490 1460 3560 reicienda

136 3585 341 3651 absolutione
363 3582 600 3649 condicionata.

224 3700 264 3766 lt.
288 3703 318 3766 2.
350 3699 431 3763 Eius
453 3696 663 3763 adversarius
687 3696 884 3763 econtrario
900 3695 1032 3762 videtur
1046 3694 1175 3761 facilior
1197 3716 1270 3762 esse
1292 3695 1327 3761 in
1351 3697 1459 3764 danda

136 3788 363 3856 condicionata
393 3786 597 3853 absolutione
626 3785 661 3851 in
690 3807 768 3852 casu
798 3785 916 3850 dubiae
945 3783 1177 3869 dispositionis.
1224 3785 1258 3850 Si
1288 3785 1377 3852 enim
1399 3787 1459 3853 hoc

135 3878 258 3963 passim
290 3880 345 3956 fit,
379 3897 520 3942 revera
549 3875 724 3941 laniemum
756 3874 842 3958 sapit
870 3879 1128 3958 peccatoresque
1156 3873 1190 3939 in
1221 3879 1360 3958 peccato
1389 3897 1459 3942 sor-

135 3969 268 4034 descere
291 3966 385 4044 facit,
411 3965 503 4048 quasi
527 3964 679 4029 nimirum
704 3964 881 4046 quemlibet
905 3964 1006 4030 etiam
1036 3963 1133 4029 dubie
1160 3963 1355 4047 dispositum
1383 3986 1458 4031 con·

135 4056 293 4123 fessarius
315 4055 420 4139 possit
442 4075 592 4120 securum
615 4053 752 4119 reddere
767 4058 935 4136 tamquam
959 4054 998 4118 (16
1014 4051 1280 4119 reconciliatione
1299 4075 1374 4120 cum
1391 4055 1458 4122 Deo

134 4149 280 4231 peracta,
305 4166 377 4210 cum
400 4143 509 4227 potius
532 4143 587 4208 ille
610 4143 727 4209 timere
751 4143 848 4208 debet
871 4147 971 4225 atque
994 4142 1110 4207 melius
1133 4161 1170 4207 se
1193 4140 1378 4226 disponere.

225 4250 394 4318 Generalis
416 4250 518 4332 igitur
540 4251 655 4332 regula
678 4269 751 4314 esse
774 4249 886 4325 debet,
920 4253 957 4315 ut
985 4248 1081 4314 dubie
1111 4247 1289 4332 dispositus
1312 4249 1457 4317 adhibito

135 4347 254 4409 conatu
277 4340 393 4406 melius
417 4340 624 4423 disponatur;
655 4339 741 4420 quod
764 4338 792 4402 si
815 4338 954 4403 obtineri
976 4336 1109 4420 nequit,
1133 4337 1321 4415 cineratum
1353 4341 1457 4405 solum

135 4431 162 4496 si
179 4453 221 4496 ex
238 4452 303 4496 una
321 4428 603 4514 partepaenitens
619 4427 782 4493 bonafide
799 4432 859 4504 est,
884 4447 925 4491 ex
942 4429 1048 4493 altera
1064 4432 1159 4510 parte
1182 4427 1316 4509 negatio
1332 4429 1387 4494 vel
1411 4428 1456 4493 di-

135 4521 214 4587 latio
238 4518 452 4585 absolutionis
474 4538 578 4599 grave
608 4518 729 4582 malurn
760 4516 864 4581 maius
894 4522 1022 4594 causet,
1054 4516 1306 4600 confugiendum
1337 4523 1391 4585 est
1417 4517 1457 4583 ad

135 4610 371 4676 absolutionem
395 4606 663 4673 condicionatam.
710 4606 757 4672 ef.
784 4606 815 4671 S.
840 4604 956 4688 Alph.
980 4606 1001 4671 l.
1026 4627 1051 4672 c.
