3044 5174
478 288 597 356 Quando,
617 289 724 359 quoties
742 288 872 343 celebrari
890 289 981 344 liceat.
1328 292 1389 357 137

76 467 218 534 Ecclesia
242 464 437 534 occidentali
459 466 492 532 id
521 465 684 550 permittit
712 466 745 530 in
775 466 860 533 festo
892 465 1077 533 nativitatis
1100 465 1246 541 Domini,
1277 465 1326 532 ita
1355 469 1393 533 ut

76 556 188 638 possit,
220 578 286 622 non
314 577 357 622 ex
380 561 556 640 praecepto
581 556 699 621 debeat
721 555 876 622 sacerdos
900 559 969 621 tres
995 556 1112 621 missas
1134 554 1167 620 in
1191 554 1316 620 missali
1338 576 1392 621 as·

76 645 217 728 ignatus
240 646 418 714 celebrare.

155 744 196 809 R.
230 745 260 809 2.
307 742 422 825 Neque
453 746 565 808 temen
597 742 694 808 aliter
725 740 837 807 licebit
868 746 938 808 tres
969 741 1044 806 illas
1076 741 1194 807 missas
1226 741 1392 807 celebrare

76 853 167 914 quam
191 832 369 898 seeundum
394 831 538 897 ordinem
561 831 721 908 Missalis3
752 851 858 914 neque
888 852 986 897 unam
1010 831 1121 897 licebit
1150 833 1202 896 ter
1225 835 1391 914 repetere;
1439 884 1444 894 .

76 942 175 1004 reque
202 920 261 986 ille
291 921 343 987 cui
366 941 409 987 ex
431 919 605 1004 privilegio
635 919 770 986 cottidie
798 921 898 986 liceat
919 919 1053 986 missam
1084 919 1191 986 dicere
1215 920 1255 985 de
1278 921 1391 1004 Beutu,

76 1011 100 1075 c
120 1010 156 1076 iu
180 1009 268 1078 festo
291 1009 478 1076 nativitatis
501 1015 553 1076 ter
575 1008 687 1075 facere
716 1014 843 1092 potest,
877 1010 936 1075 scd
968 1009 1010 1075 ad
1040 1008 1169 1074 unicam
1199 1009 1333 1075 missam
1357 1029 1392 1075 se

76 1100 270 1182 restringere
292 1099 401 1165 debet.
447 1097 538 1175 Quod
561 1119 603 1165 ex
626 1098 770 1164 naturali
792 1098 1064 1182 interpretatione
1087 1097 1268 1182 personalis
1291 1096 1393 1181 privi-

76 1189 145 1271 legii
177 1209 311 1273 prorsus
339 1187 489 1270 sequitur
517 1191 617 1270 atque
640 1207 797 1271 expresse
828 1187 1033 1254 declaratum
1056 1192 1109 1254 est
1131 1208 1152 1253 a
1175 1188 1207 1254 S.
1232 1187 1271 1253 lt.
1295 1187 1329 1253 Ο.
1360 1187 1392 1254 d.

76 1281 109 1343 ll
134 1277 261 1362 Aprilis
288 1279 372 1343 1840
395 1279 430 1343 ie
453 1278 629 1343 Barcinos.
676 1278 770 1343 Decr.
796 1278 882 1344 autb.
906 1297 938 1343 n.
964 1278 1050 1343 2802
1074 1276 1117 1342 ad
1141 1280 1171 1343 3.

157 1391 212 1456 An
241 1411 433 1468 ouansrruu
463 1394 503 1456 2⁸
531 1391 571 1459 R.
621 1390 779 1469 Quoniam
813 1412 872 1476 pro
905 1411 1100 1474 unaquaque
1118 1390 1233 1478 *missa
1268 1391 1453 1475 stipem-237

76 1479 156 1546 dium
182 1481 331 1565 accipere
353 1501 419 1546 ιιοιι
435 1484 486 1548 est
509 1484 624 1547 contra
639 1481 746 1562 legem
762 1481 947 1547 naturalem
962 1480 1016 1546 vel
1040 1478 1184 1546 divinam
1206 1479 1392 1564 positivam,

76 1570 102 1634 id
123 1569 231 1635 solum
254 1590 319 1635 non
341 1569 420 1636 licet
443 1569 530 1652 quod
552 1569 704 1654 prohibet
725 1569 781 1635 lex
803 1568 984 1636 ecclesiast
959 1575 1036 1636 tlca.
1067 1568 1212 1636 Lext
1154 1573 1212 1636 aut
1213 1588 1264 1633 em
1289 1568 1393 1635 eccle·

76 1658 205 1725 siastica
227 1663 304 1727 tant
305 1680 360 1724 um
382 1658 548 1742 prohibuit
577 1659 725 1743 accipere
755 1659 869 1761 eodem
899 1658 951 1723 die
981 1659 1077 1742 plura
1099 1657 1263 1742 stipendia
1285 1657 1393 1740 quoad

76 1748 204 1825 missas,
235 1746 366 1831 quando
390 1771 428 1814 cc
449 1749 612 1834 pricilepio
634 1746 779 1832 permitti
772 1747 836 1812 'tur
781 1747 972 1813 etodem
996 1747 1048 1813 die
1070 1747 1182 1832 plures
1203 1747 1321 1813 misses
1345 1748 1393 1813 di·

76 1858 159 1916 cere,
190 1837 245 1903 vel
268 1836 398 1919 quando
427 1837 470 1902 ad
492 1836 598 1903 instar
619 1837 782 1921 privilegii
805 1837 880 1919 lege
907 1837 1068 1902 communi
1090 1837 1122 1901 in
1146 1835 1293 1902 favorem
1317 1857 1393 1920 par·

76 1926 281 1992 ochianorum
319 1925 461 2010 parocho
495 1925 607 1991 eiusve
642 1925 730 1991 vices
765 1926 878 2007 agenti
851 1925 996 1992 tidem
1032 1924 1243 2011 permittitur.
1304 1925 1393 1992 Satis

75 2014 171 2097 igitur
192 2015 372 2081 communis
395 2019 447 2081 est
468 2015 695 2098 theologorum
718 2015 867 2081 doctrina
888 2015 923 2079 in
946 2013 1032 2082 festo
1055 2015 1240 2081 nativitatis
1263 2014 1393 2081 Domini

76 2103 168 2170 licere
190 2104 389 2188 stipendium
412 2103 559 2187 accipere
581 2125 641 2188 pro
664 2124 859 2187 unaquaque
881 2102 998 2182 missa,
1021 2105 1073 2170 vel
1098 2103 1277 2187 quamlibet
1299 2103 1394 2171 iusti-

77 2193 136 2347 ii?
172 2193 407 2347 obllilgat2iclu2iem
446 2194 488 2259 ad
528 2192 756 2277 applicandam
796 2193 929 2259 missam
963 2213 1023 2278 per
1061 2214 1136 2259 eam
1170 2193 1391 2275 exstinguere.

122 2305 197 2351 ‚nc
256 2332 263 2360 ‚
356 2335 363 2349 .

160 2403 214 2467 An
239 2421 431 2477 ouaasmuu
455 2404 494 2467 3¹¹·
523 2401 562 2468 R.
589 2405 618 2468 1.
665 2402 874 2485 Dagobertus
903 2423 984 2469 sane
1013 2402 1138 2469 erravit
1169 2402 1278 2469 sexies
1308 2403 1454 2470 cele-238

80 2489 206 2556 brando.
253 2489 340 2556 Nam
363 2489 506 2557 facultas
529 2490 679 2569 hinandi‚
704 2512 776 2557 cum
800 2490 844 2557 sit
867 2492 908 2556 ob
931 2491 1036 2557 solam
1059 2492 1291 2559 necessitatem
1314 2493 1393 2559 fide·

80 2578 167 2656 lium,
198 2579 254 2661 qui
277 2579 364 2644 festo
394 2579 579 2646 nativitatis
608 2602 672 2645 non
696 2585 851 2648 tenentur
873 2580 979 2646 tribus
1009 2582 1067 2647 sed
1097 2581 1158 2647 soli
1187 2582 1241 2647 uni
1273 2582 1394 2648 missae

80 2668 238 2742 assistere,
261 2667 323 2734 hoc
345 2668 417 2752 ipso
440 2669 492 2734 die
514 2674 625 2736 cessat
647 2671 701 2734 vel
725 2670 920 2737 absorbetur
941 2671 1103 2738 facultate
1118 2679 1167 2736 ter
1189 2671 1393 2737 celebrandi:

80 2777 184 2913 {eram
207 2757 309 2912 tssrtia
331 2757 551 2825 celebratione
581 2757 685 2824 omnis
715 2758 851 2824 ulterior
879 2758 950 2825 sive
980 2759 1137 2841 obligatio
1167 2759 1238 2826 sive
1261 2760 1394 2827 licentia

99 2867 127 2911 m
188 2867 224 2912 es

160 2943 199 3011 R.
226 2946 255 3009 2.
288 2944 325 3008 In
348 2945 485 3010 secundo
514 2964 593 3010 casu
617 2966 658 3009 ex
681 2966 780 3029 supra
804 2944 881 3011 dict
857 2950 900 3011 trs
923 2945 1085 3028 parochus
1108 2966 1235 3028 quoque
1259 2946 1393 3013 errarit.

80 3030 189 3098 Sit
126 3032 189 3116 igit
189 3053 231 3097 ur
251 3032 368 3098 favore
390 3038 443 3101 ter
457 3033 641 3099 celebrandi
658 3033 721 3098 frui
737 3034 852 3112 voluit,
876 3033 989 3101 debuit
1010 3039 1185 3100 curarent
1170 3036 1260 3100 thas
1275 3037 1394 3102 saltem

79 3121 188 3188 missas
219 3122 396 3188 secundum
426 3121 601 3188 formulam
630 3123 773 3188 Missalis
803 3123 970 3189 celebrare
999 3128 1121 3207 posset.
1166 3122 1198 3188 A
1221 3144 1285 3206 quo
1315 3145 1395 3191 sane

78 3231 135 3277 non
157 3210 334 3296 impeditur
355 3204 527 3296 priviledio
557 3233 625 3278 suo.
672 3212 760 3277 Nam
790 3212 853 3278 etsi
884 3212 966 3278 alias
997 3233 1035 3277 eo
1059 3212 1177 3292 utitur,
1211 3213 1260 3280 nti
1282 3217 1395 3279 tamen

77 3321 134 3366 non
157 3303 291 3366 tenetur
299 3301 395 3377 ;sed
425 3321 555 3385 semper
584 3301 701 3367 missas
731 3301 845 3367 diebus
867 3301 936 3367 suis
966 3307 1190 3381 occurrentes,
1222 3301 1250 3367 si
1273 3306 1393 3388 potest,

77 3388 202 3456 silicet
225 3351 401 3457 celebrare.

158 3487 198 3554 R.
224 3490 255 3553 3.
301 3486 417 3571 Neque
445 3491 536 3554 recte
565 3491 676 3553 actum
706 3486 795 3553 est
787 3509 820 3552 m
850 3491 959 3554 adimo
988 3509 1076 3555 cusu.
1123 3487 1286 3555 Rubricae
1308 3488 1395 3555 enim

76 3575 299 3659 praescribunt
311 3583 358 3653 ut,
375 3577 413 3656 si,
430 3576 577 3660 perfecta
588 3576 653 3642 iam
666 3577 910 3644 consecratione
925 3577 989 3643 etsi
1006 3578 1108 3646 solius
1119 3577 1224 3662 panis,
1241 3579 1395 3645 sacerdos

76 3664 213 3743 deficiat,
238 3666 323 3733 alter
345 3666 406 3732 hoc
429 3666 534 3751 ipsum
557 3665 752 3733 sacrificium
776 3667 895 3733 debeat
917 3668 1082 3751 perficere.
1128 3667 1243 3749 anue
1266 3670 1321 3733 lex
1344 3672 1396 3736 est

76 3753 287 3836 gravissima,
311 3775 376 3820 non
399 3755 640 3831 ecclesiastica,
664 3755 722 3821 sed
747 3757 876 3839 diuina,
907 3777 948 3821 ne
971 3759 1105 3823 maneat
1127 3756 1321 3823 sacrificium
1345 3757 1395 3823 in·

76 3843 287 3928 completum:
310 3848 410 3927 atque
433 3845 488 3910 lex
511 3844 568 3909 illa
598 3844 679 3911 adeo
703 3851 800 3927 urget
831 3849 884 3923 ut,
915 3844 944 3910 si
967 3843 1053 3912 desit
1081 3846 1235 3912 sacerdos
1258 3847 1394 3926 ieiunus,

76 3933 172 3999 etiam
195 3953 260 3997 non
283 3932 408 3999 ieiunus
432 3935 542 3999 debeat
564 3933 758 3999 sacrificium
783 3935 948 4018 perlicere,
973 3934 1101 4000 etiamsi
1117 3935 1204 4001 forte
1220 3934 1285 4000 iam
1309 3937 1395 4002 cele·

76 4021 219 4089 traverit
241 4022 294 4087 vel
317 4021 367 4086 bis
389 4026 448 4088 aut
470 4027 522 4088 ter
549 4023 773 4100 celebraverit,
797 4022 895 4088 immo
917 4025 1071 4089 sacerdos
1094 4023 1394 4091 excommunicatus

76 4112 124 4176 vel
147 4110 319 4187 vitandus,
343 4111 449 4177 altero
474 4111 653 4188 deficiente,
677 4111 710 4176 id
733 4116 904 4195 praestare
926 4117 1089 4179 tencatur.
1135 4114 1186 4178 De
1209 4113 1274 4196 def.
1298 4115 1338 4192 X,
1363 4117 1393 4180 3.

160 4201 284 4266 Verum
307 4204 444 4283 peracta
466 4220 524 4265 seu
547 4201 709 4284 completa
731 4201 793 4266 hac
816 4200 925 4273 missa.
950 4223 1015 4266 non
1037 4201 1102 4267 ism
1119 4207 1188 4269 tres
1203 4202 1286 4267 alias
1310 4203 1455 4267 cele-239

76 4290 168 4355 brare
188 4287 337 4354 licuisset
359 4288 499 4365 vicario,
530 4289 588 4354 sed
619 4292 703 4355 duas
725 4298 858 4356 tantum.
905 4292 955 4356 De
979 4312 1042 4373 quo
1064 4291 1177 4356 videre
1207 4291 1284 4357 licet
1308 4291 1394 4356 deor.

76 4379 101 4444 3.
126 4377 168 4444 lt
192 4377 226 4445 C.
250 4398 272 4443 a
293 4377 431 4443 Leone
453 4378 515 4444 XII
538 4380 682 4446 confirm.
713 4379 743 4445 d.
772 4382 811 4444 16
835 4379 912 4446 Dec.
940 4381 1025 4446 1823
1056 4383 1091 4446 tn
1116 4381 1251 4466 Carpere.
1299 4381 1394 4445 Decr.

76 4469 159 4535 auth.
183 4487 215 4533 n.
240 4469 338 4533 2630.

159 4555 264 4622 Immo
294 4555 422 4621 dehac
451 4554 524 4640 ipsa
552 4556 714 4622 facultate
743 4557 825 4622 duas
856 4557 974 4623 missas
1006 4558 1177 4623 ulteriores
1209 4557 1395 4623 celebrandi

76 4645 249 4712 lifficultas
278 4643 439 4726 quaedam
469 4649 529 4712 eat.
576 4644 661 4711 Nam
693 4645 746 4712 fac
776 4645 926 4724 missam,
956 4646 990 4710 in
1020 4667 1084 4728 qua
1107 4645 1196 4728 prior
1226 4645 1394 4711 celebrans
