3044 5174
151 258 193 322 76
478 252 519 308 De
537 271 574 309 ss.
594 252 759 307 eucharistia
778 281 812 292 -
832 257 862 308 ut
880 257 1081 308 sacramentum
1099 259 1150 310 est

150 431 217 497 sint
249 432 301 497 vel
338 431 381 497 ad
413 431 670 497 consecrationis
705 431 881 496 essentiam
917 430 1113 514 pertineant.
1168 430 1258 508 Quod
1295 431 1478 497 luculenter

150 521 318 586 Ecclesiae
342 521 525 587 doctrinam
555 541 628 585 esse
651 523 783 585 constat
805 526 874 586 tum
899 541 941 585 ex
964 520 1105 604 Eugenii
1127 520 1174 585 IV
1205 523 1414 586 instructione
1436 522 1477 586 ad

150 611 328 687 Armenes,
359 615 429 677 tum
454 631 497 674 ex
520 608 758 693 proscriptione
786 609 970 675 contrariae
993 609 1275 675 schismaticorum
1305 609 1476 694 opinionis,

151 699 243 780 quasi
278 699 429 783 epiclesis
466 699 524 764 illa
561 699 604 763 ad
642 699 923 764 consecrationem
957 704 1047 766 esset
1084 698 1281 766 necessaria.
1344 700 1399 766 lb.
1435 715 1476 765 m.

151 789 191 862 ΙΙ,
219 791 292 855 127.
320 790 392 854 128.

239 894 277 960 R.
304 897 333 960 2.
365 893 481 976 Neque
496 892 584 958 illico
608 897 739 960 constat
762 892 871 958 omnia
893 892 951 959 illa
967 893 1069 959 verba
1084 893 1215 971 Christi,
1239 893 1326 961 sicut
1348 893 1382 960 iu
1399 894 1479 960 ldis-

150 983 212 1048 suli
244 983 408 1049 habentur
441 988 476 1050 et
512 983 553 1048 ab
586 981 736 1048 Ecclesia
769 982 1054 1065 praescribuntur,
1086 1004 1159 1048 esse
1191 982 1400 1060 essentialia,
1431 984 1479 1050 ita

151 1080 186 1138 ut
210 1073 347 1155 quilibet
369 1072 403 1137 in
426 1071 466 1137 iis
490 1071 639 1137 defectus
655 1071 847 1136 commissus
863 1073 1141 1138 consecrationem
1159 1072 1276 1140 reddat
1297 1072 1479 1138 invalidam

151 1161 204 1228 vel
228 1162 370 1227 dubiam.
417 1160 503 1226 Nam
528 1169 610 1226 certo
633 1181 698 1225 non
722 1166 773 1227 est
797 1160 981 1226 essentialis
1005 1182 1071 1226 vox
1099 1161 1242 1240 ,euim“;
1278 1182 1385 1245 neque
1408 1162 1478 1228 eius

151 1250 282 1316 omissio
306 1249 493 1316 voluntaria
516 1254 686 1333 peccatum
711 1249 840 1315 veniale
864 1250 1003 1316 excedit.

240 1339 379 1422 Reliqua
403 1339 505 1405 verba
528 1339 638 1405 omnia
660 1344 692 1404 el
718 1338 847 1421 singula
863 1339 1054 1405 essentialia
1072 1345 1149 1406 sunt
1170 1338 1206 1404 in
1229 1339 1478 1406 consecratione

150 1430 253 1513 panis.
301 1428 338 1493 ln
369 1428 615 1494 consecratione
639 1428 749 1493 calicis
782 1431 872 1493 certo
903 1427 1093 1495 essentialia
1120 1432 1196 1494 sunt
1225 1428 1329 1494 verba
1358 1430 1411 1495 laic
1435 1437 1478 1494 est

151 1522 235 1584 calix
262 1520 431 1602 subputato
461 1520 521 1582 met
549 1517 602 1582 vel
631 1519 683 1583 bic
712 1525 755 1582 est
784 1521 916 1600 sanquis
939 1540 1037 1584 meus.
1060 1518 1177 1583 —De
1207 1516 1342 1600 reliquis
1365 1517 1477 1602 dispu-

150 1613 224 1674 tant
247 1606 356 1672 sintne
380 1605 568 1672 essentialia
593 1627 717 1682 annon,
750 1606 892 1671 maxime
916 1607 956 1672 de
979 1605 1095 1671 ultimo
1117 1606 1219 1672 inciso
1243 1627 1308 1690 quo
1333 1606 1477 1673 elemen-

150 1704 219 1763 tum
244 1694 395 1761 sacrificii
419 1694 615 1779 principale,
650 1696 832 1777 effusionem
856 1695 927 1760 dico
951 1694 1136 1778 sanguinis,
1161 1696 1362 1762 enuntiatur.
1412 1695 1477 1762 Tu·

150 1786 236 1852 tiora
265 1784 367 1867 igibur
396 1785 449 1849 hic
479 1783 610 1849 omnino
641 1784 791 1866 eligenda
814 1787 910 1861 sunt,
943 1785 992 1850 ia
1024 1790 1135 1851 tamen
1166 1788 1203 1851 ut
1226 1784 1332 1850 levior
1354 1785 1389 1850 in
1411 1785 1476 1850 illis

150 1876 258 1941 verbis
283 1872 432 1940 defectus
455 1894 520 1939 non
543 1872 656 1939 statim
681 1873 811 1938 dubiam
836 1873 953 1940 reddat
983 1874 1274 1942 consecrationem.
1320 1875 1375 1939 Ex
1399 1895 1476 1941 con-

149 1965 236 2031 sulto
260 1967 370 2029 autem
394 1962 516 2045 aliquid
541 1963 692 2029 omittere
717 1962 769 2027 vel
793 1966 922 2028 mutare
945 1984 1050 2045 grave
1073 1968 1245 2047 peccatum
1270 1966 1331 2030 est.

238 2061 276 2130 lt.
302 2063 332 2127 3.
373 2059 482 2125 Verba
506 2059 761 2125 consecrationis
781 2081 817 2124 re
832 2081 914 2126 vera
929 2065 1111 2145 ussertmiq
1134 2081 1199 2126 non
1222 2083 1305 2128 mue
1327 2063 1476 2127 historico

149 2171 247 2216 sensu
281 2149 445 2215 enuntiari
478 2149 614 2226 debent,
648 2170 705 2213 seu
739 2170 781 2213 ex
804 2148 984 2215 intentione
1019 2149 1251 2228 consecrandi,
1286 2171 1351 2215 nou
1388 2171 1476 2217 mere

149 2239 314 2306 narrandi.

89 2372 139 2426 132
238 2362 291 2427 Ao
320 2382 511 2437 quansrruu
537 2365 575 2426 2¹²
597 2361 636 2427 R.
665 2364 692 2428 1.
740 2362 773 2427 si
797 2383 832 2427 re
855 2362 927 2446 ipsa
950 2363 1053 2428 verba
1076 2362 1332 2428 consecrationis
1365 2363 1476 2430 calicis

150 2452 198 2517 ita
230 2451 296 2517 sint
328 2450 542 2535 pronuntiata
572 2454 610 2516 ut
641 2451 856 2534 pronuntians
886 2454 1058 2517 intenderit
1092 2473 1205 2517 vocem
1241 2452 1327 2530 ,hic“
1368 2453 1476 2518 dicere

150 2539 400 2616 adverbialiter,
434 2538 636 2606 consecratio
659 2540 750 2605 nulla
773 2539 852 2617 fuit,
884 2562 956 2605 curn
987 2542 1089 2606 verba
1118 2540 1165 2606 sic
1189 2546 1349 2624 concepta
1373 2541 1475 2624 signi-

149 2632 248 2696 ficent
272 2629 493 2712 praesentiam
517 2628 581 2694 iam
606 2628 829 2707 exsistentem,
854 2650 919 2694 non
941 2629 1187 2696 conversionem
1204 2651 1269 2713 qua
1284 2633 1475 2714 praesentia

150 2718 320 2800 sanguinis
344 2717 462 2783 Christi
488 2717 718 2784 constituatur.

240 2808 363 2872 Verum
386 2806 420 2871 in
443 2827 522 2872 casu
546 2810 658 2872 nostro
680 2806 818 2872 intentio
842 2807 998 2890 primaria
1014 2807 1162 2874 Severini
1185 2813 1258 2875 erat
1280 2808 1385 2874 verba
1401 2831 1475 2892 pro·

150 2896 321 2962 nuntiandi
345 2900 455 2961 mente
472 2900 505 2961 et
528 2917 625 2961 sensu
642 2896 826 2972 Ecclesiee;
851 2895 878 2960 si
896 2917 958 2978 quo
974 2897 1074 2978 igitur
1092 2917 1133 2961 ex
1158 2917 1270 2962 errore
1292 2896 1474 2964 subiectivo

150 2987 237 3051 circa
267 3006 396 3051 sensum
429 2986 602 3050 verborum
627 2985 802 3050 Severinus
831 2985 962 3050 videtur
992 2985 1091 3051 etiarn
1121 2986 1274 3051 habuisse
1302 3007 1474 3052 erroneam

149 3075 354 3141 voluntatem
379 3095 436 3140 seu
453 3073 678 3151 intentionem,
703 3074 784 3140 haec
800 3074 954 3140 voluntas
971 3095 1108 3140 erronea
1126 3075 1319 3141 secundaria
1342 3076 1474 3142 videtu'r

149 3163 250 3229 fuisse
274 3167 308 3229 et
330 3163 494 3241 inefficax,
519 3168 673 3230 manente
697 3163 827 3228 omnino
850 3163 1119 3246 praedominante
1136 3164 1308 3232 voluntate
1331 3165 1473 3231 faciendi

150 3253 235 3335 quod
259 3252 339 3318 lacit
362 3252 511 3318 Ecclesia
536 3252 632 3318 simul
656 3274 728 3317 cum
753 3253 859 3318 forma
882 3252 1043 3318 obiective
1067 3258 1168 3320 recta.

238 3341 344 3418 Quare
368 3341 408 3407 de
432 3342 590 3409 iterandis
613 3341 720 3406 missis
743 3362 802 3425 pro
819 3341 980 3425 stipendio
998 3347 1078 3426 puto
1102 3364 1176 3408 curn
1199 3341 1377 3409 sollicitum
1403 3363 1474 3408 csse

149 3453 213 3496 non
249 3431 383 3508 debere,
419 3432 477 3496 sed
509 3432 659 3496 sufficere
692 3435 729 3496 ut
758 3431 956 3497 intentiones
988 3431 1163 3497 missarum
1198 3453 1280 3514 quas
1309 3432 1360 3499 ita
1391 3431 1475 3498 dixit

149 3541 209 3603 pro
240 3520 369 3585 cautela
392 3520 463 3585 Deo
492 3519 526 3584 in
557 3519 629 3584 aliis
658 3518 766 3584 missis
797 3522 995 3586 coronanda.
1041 3521 1161 3586 Levior
1190 3521 1275 3586 enim
1307 3526 1360 3588 est
1389 3521 1474 3587 ratio

149 3610 189 3675 de
219 3610 332 3674 valore
366 3609 538 3675 missarum
575 3608 763 3685 dubitandi,
799 3629 896 3690 quam
930 3629 1002 3675 esse
1034 3614 1187 3693 oporteat
1216 3615 1253 3677 ut
1282 3609 1363 3675 illud
1394 3633 1474 3677 onus

148 3698 344 3781 imponatur.

237 3804 275 3870 a.
302 3807 331 3870 2.
378 3805 428 3870 De
452 3804 662 3885 subsequenti
687 3803 833 3879 defectu,
864 3805 949 3886 quod
973 3805 1098 3872 scilicet
1122 3805 1220 3871 etiam
1244 3805 1278 3870 in
1301 3826 1474 3872 consecra·

148 3892 238 3958 tione
254 3893 348 3975 panis
365 3893 475 3976 aliqua
490 3893 562 3959 vice
579 3892 699 3959 dixerit
719 3893 789 3970 ,hic
801 3896 884 3970 est“,
901 3893 1036 3975 gravius
1053 3895 1183 3961 dubium
1197 3898 1308 3978 potest
1324 3895 1473 3962 excitari.

239 3983 271 4047 Si
288 3982 464 4047 Severinus
488 3982 747 4048 demonstrative
770 3982 802 4046 in
826 4003 923 4048 sensu
948 3983 1102 4049 adiectivi
1126 4005 1240 4050 vocem
1264 3984 1354 4049 illam
1372 4005 1473 4050 enun-

149 4070 246 4136 tiavit
276 4071 370 4154 lapsu
402 4072 534 4153 linguas
565 4076 598 4137 et
629 4093 740 4138 errore
770 4072 1027 4153 grammaticali,
1061 4073 1192 4138 indubie
1222 4073 1333 4138 valida
1364 4080 1475 4140 manet

150 4160 362 4226 consecratio.
394 4160 518 4225 Verum
542 4160 569 4224 si
594 4161 742 4227 defectus
765 4160 820 4226 ille
838 4162 966 4238 accidit,
991 4167 1167 4245 antequam
1191 4167 1317 4229 rectum
1341 4185 1473 4230 sensum

151 4249 323 4313 verborum
355 4249 489 4316 edoctus
513 4249 688 4314 Severinus
719 4254 807 4326 erat,
839 4272 878 4315 ac
908 4251 1000 4334 proin
1031 4272 1103 4316 curn
1132 4251 1311 4317 subiective
1341 4274 1472 4319 sensum

150 4338 364 4403 arlocrbialom
393 4339 425 4403 in
457 4344 566 4405 mente
597 4339 727 4416 habuit,
762 4360 835 4404 mea
865 4340 1015 4423 opinione
1047 4341 1249 4408 consecratio
1281 4341 1380 4408 dubia
1413 4348 1472 4409 est.

149 4427 213 4491 Cur
244 4449 309 4492 non
342 4434 431 4494 certo
463 4428 584 4493 nullam
609 4429 714 4494 dicam
745 4428 829 4494 ratio
862 4433 914 4495 est
944 4431 1029 4514 quod
1060 4431 1160 4496 etiarn
1191 4430 1243 4496 hic
1275 4429 1336 4495 dici
1369 4433 1474 4515 possit

149 4518 394 4600 praevalentem
423 4517 635 4583 intentionem
667 4517 768 4582 fuisse
791 4518 932 4583 faciendi
962 4520 1046 4600 quud
1071 4520 1153 4585 facit
1176 4520 1342 4598 Ecclesia,
1375 4525 1474 4605 atque

150 4606 312 4673 defectum
338 4628 409 4672 esse
433 4607 679 4674 accidentalem.
727 4608 790 4672 Cur
814 4611 922 4673 autem
946 4609 1153 4674 nihilominus
1177 4631 1241 4674 non
1266 4609 1371 4674 dicam
1397 4632 1476 4677 con·
