3044 5174
146 281 213 346 394
384 330 387 335 .
632 268 849 334 ‘Sacramentum
866 278 978 334 ordinis.

237 455 271 535 4)
296 454 329 520 Si
352 454 439 520 forte
462 455 582 521 omissa
604 454 707 521 fuerit
729 455 787 521 illa
809 454 973 539 impositio
1003 477 1156 522 manuum
1180 455 1241 522 sub
1262 455 1398 522 silentio
1422 456 1472 522 18-

147 542 277 620 818818,
311 564 503 627 responsum
526 547 559 611 S.
586 544 694 628 Officii
715 544 797 610 satis
821 544 943 610 clarum
975 545 1130 622 habetur,
1161 566 1205 611 ex
1234 566 1298 628 quo
1322 545 1472 611 concludi

148 633 254 707 debet,
279 632 518 698 ordinationem
542 653 615 698 esse
638 635 856 699 condicionem
877 636 1079 720 repetendum
1090 636 1111 700 ¹.

237 730 271 813 5)
295 729 430 806 Quando
454 730 569 796 ultima
592 752 746 796 manuum
768 731 932 814 impositio
948 731 1070 797 omissa
1085 732 1136 797 vel
1155 752 1218 796 non
1241 739 1328 797 tectu
1337 732 1472 817 physico

148 819 239 885 facta
262 823 314 885 est
336 818 505 900 (videlicet
520 819 547 884 si
564 819 735 903 episcopus
751 824 851 903 caput
867 819 1036 886 ordinandi
1052 841 1116 885 non
1132 819 1254 902 tetigit,
1278 820 1337 885 sed
1354 841 1472 886 manus

147 929 225 972 suas
247 928 347 990 snper
370 911 470 991 caput
492 907 661 973 ordinandi
685 909 833 975 elevatas
856 909 987 987 tenuit),
1011 909 1092 975 haec
1108 909 1205 975 debet
1227 909 1372 992 suppleri
1398 931 1470 975 oum

147 995 257 1063 verbis
280 996 521 1064 comitantibus.
569 998 599 1063 S.
625 997 686 1065 Off.
713 1000 752 1063 19
776 996 862 1080 Aug.
888 998 983 1076 1851,
1007 998 1139 1064 collect.
1164 1019 1195 1063 n.
1223 1000 1319 1064 1199.

238 1119 290 1183 An
317 1139 509 1195 quaeamus
531 1123 570 1185 3„
592 1117 631 1186 R.
678 1120 790 1197 Quoad
818 1123 956 1206 priorem
987 1141 1097 1186 casum
1129 1118 1274 1196 Quintini
1303 1123 1401 1204 patet
1430 1140 1472 1184 ex

147 1208 313 1361 311εὲ118818
328 1208 433 1362 1118818
456 1207 543 1274 18118
567 1207 803 1274 ordinationem
827 1230 899 1274 esse
922 1209 1030 1275 valide
1051 1215 1221 1294 peractam
1243 1229 1350 1292 neque
1373 1209 1472 1274 ullius

169 1318 236 1362 un
259 1317 331 1362 esse
366 1318 469 1364 ocum.

189 1452 191 1456 ,
237 1386 349 1463 Quoad
367 1373 574 1472 posteriorem
597 1406 709 1452 casum
732 1407 812 1452 vero
834 1406 904 1452 rem
928 1407 992 1451 non
1016 1406 1089 1452 esse
1105 1392 1203 1453 extra
1227 1386 1359 1452 dubium
1384 1387 1472 1470 posi-

148 1480 227 1551 tam,
240 1475 387 1558 ideoque,
404 1474 1127 1557 8188111888181888381881188811881118811,
1143 1475 1386 1541 ordinationem
1398 1497 1470 1541 esse

148 1564 360 1648 repetendam
384 1585 520 1647 eamque
543 1565 603 1629 sub
627 1564 814 1630 condicione
837 1565 985 1646 quidem,
1010 1565 1068 1630 sed
1090 1563 1270 1646 integram:
1300 1564 1335 1629 id
1358 1569 1469 1630 autem

147 1652 217 1718 fieri
241 1653 827 1731 181111181888118111188881118118,
857 1653 889 1718 in
914 1674 1050 1736 quorum
1080 1653 1285 1721 ordinatione
1307 1653 1380 1737 ipse
1404 1655 1471 1737 epi-

147 1763 265 1825 scopus
288 1741 435 1809 omiserit
464 1764 579 1809 manus
609 1742 708 1825 capiti
737 1743 903 1826 imponere
925 1742 1048 1808 illudve
1077 1746 1232 1825 tangere:
1263 1744 1371 1824 quoad
1396 1743 1473 1809 reli·

148 1853 245 1914 quos,
278 1832 362 1915 apud
394 1853 476 1914 quos
498 1832 559 1898 soli
589 1832 771 1915 presbyteri
802 1831 997 1898 assistentes
1026 1831 1191 1896 defectum
1220 1831 1313 1897 illum
1337 1832 1472 1898 commi·

148 1924 271 1997 serunt,
296 1921 419 1986 nullam
443 1942 515 1986 esse
538 1921 699 1987 rationem
723 1920 893 1987 dubitandi
915 1920 956 1986 de
979 1920 1193 1986 ordinationis
1216 1921 1340 1987 valore.

312 2123 451 2189 DUBIA
473 2122 522 2188 IN
545 2122 819 2189 COLLATIONE
843 2120 1215 2187 PRESBYTERATUS
1239 2119 1308 2204 (ΙΙ).

704 2287 814 2353 (lasus.
834 2293 911 2361 (201)

237 2423 388 2486 Celerinus
423 2426 454 2485 in
487 2446 542 2486 sua
572 2426 757 2486 ordinatione
790 2427 922 2486 meminit
953 2427 1069 2504 quidem
1099 2447 1132 2486 se
1162 2426 1298 2503 tetigisse
1329 2447 1383 2505 pro
1413 2447 1474 2487 mo·

149 2512 246 2566 mento
268 2506 371 2566 calicis
393 2526 533 2583 cuppam3
556 2507 608 2565 881
629 2526 696 2565 eum
717 2507 805 2565 simul
825 2526 884 2566 non
905 2512 1009 2584 posset
1022 2509 1097 2566 bene
1112 2509 1259 2582 attingere
1280 2513 1422 2584 patenam
1443 2515 1475 2567 et

147 2587 285 2656 hostiam,
307 2607 376 2645 mox
396 2587 500 2646 relicto
514 2592 597 2646 tactu
621 2587 723 2646 calicis
743 2590 896 2664 premebat
908 2588 1046 2657 hostiam,
1068 2587 1119 2646 sed
1135 2588 1251 2647 dubitat
1264 2588 1361 2659 valde,
1383 2588 1474 2647 immo

147 2667 299 2727 moraliter
319 2672 418 2726 certus
440 2672 487 2726 est
507 2687 539 2727 se
560 2672 699 2743 patenam
719 2687 778 2726 non
799 2667 944 2742 tetigisse.
973 2669 1160 2745 Quapropter
1179 2667 1278 2727 induci
1299 2668 1352 2726 vix
1374 2674 1475 2745 potest

148 2754 182 2806 ut
209 2748 338 2806 celebret
364 2748 487 2824 primam
515 2748 652 2817 missam,
681 2753 784 2824 utpote
812 2748 898 2807 dubie
926 2748 1086 2807 ordinatus.
1129 2748 1212 2817 Quod
1240 2767 1305 2807 eum
1335 2749 1474 2807 Maturus

149 2827 266 2899 audiat,
296 2847 359 2887 eum
383 2828 533 2903 compellit
551 2828 609 2887 hoo
630 2828 730 2887 modo:
761 2827 864 2887 Omnis
885 2828 937 2886 illa
958 2829 1219 2888 instrumentorum
1247 2828 1369 2888 traditio
1391 2849 1474 2888 mera

149 2908 328 2967 caerimonia
349 2913 412 2979 est,
441 2908 478 2966 ad
499 2909 631 2967 valorem
661 2914 742 2967 certo
763 2928 822 2967 non
844 2916 999 2984 spectans,
1029 2928 1094 2967 81118
1124 2909 1202 2969 desit
1231 2908 1473 2969 inordinatione

150 2988 362 3058 Orientalium
391 3008 461 3063 ergo
482 2989 540 3047 8181
567 2987 639 3047 nihil
661 2988 813 3063 tetigisses
841 2994 871 3047 et
897 2989 1079 3065 recepisses,
1107 2994 1172 3049 tuto
1193 3009 1298 3066 posses
1320 2989 1473 3049 celebrare

148 3087 243 3145 neque
264 3069 302 3128 ad
323 3067 479 3144 quidquam
500 3068 641 3144 obligaris
662 3068 797 3144 amplius.

151 3279 316 3348 ,Episcopus
334 3295 388 3332 uon
412 3277 509 3331 habuit
533 3294 643 3331 manum
668 3279 809 3330 extensam
835 3294 918 3346 super
942 3277 1120 3339 ordinandos,
1146 3279 1209 3331 dum
1235 3279 1370 3332 recitabat
1388 3281 1473 3333 verbs

155 3352 265 3403 Oremse
283 3358 343 3417 eta,
368 3348 416 3402 sed
445 3349 477 3401 de
502 3349 553 3402 hoe
572 3348 691 3401 monitus
716 3347 791 3400 illem
810 3347 931 3402 elevavit
956 3353 984 3401 et
1009 3353 1151 3402 extensam
1176 3349 1271 3403 babuit
1289 3367 1338 3419 per
1362 3350 1473 3418 aliquod

148 3426 270 3490 tempus,
289 3421 352 3485 sed,
371 3421 435 3473 dum
454 3421 480 3473 11
501 3423 609 3488 ageret,
635 3419 688 3473 ism
708 3419 823 3473 recitata
843 3420 934 3473 fueret
953 3421 1026 3474 dicta
1046 3420 1147 3481 oratio.
1173 3439 1223 3475 nee
1243 3426 1352 3474 constat
1370 3425 1472 3483 utrum,

149 3493 212 3545 dum
240 3509 349 3545 manum
378 3497 519 3544 extensam
552 3490 655 3554 tenuit,
688 3489 824 3544 submissa
852 3508 919 3545 voce
946 3493 1030 3545 verba
1059 3491 1216 3560 supradicta
1246 3493 1344 3546 iterum
1375 3494 1472 3546 recita·

148 3564 354 3702 pcecrbitkssl'tepp.
368 3563 394 3616 d.
409 3565 443 3618 14
455 3563 519 3616 Dee.
535 3563 602 3617 1898
619 3562 829 3630 ,8888888881
850 3563 920 3631 quod
934 3564 959 3616 d.
976 3565 1007 3616 16
1021 3562 1085 3616 Dec.
1099 3563 1178 3616 SS¹¹¹¹¹⁸
1191 3563 1361 3633 adprobavit.
1389 3567 1470 3618 Auel.

240 3716 248 3748 ¹
270 3713 366 3782 Aliquo
385 3713 463 3767 modo
487 3712 514 3766 id
539 3712 593 3766 iarn
619 3713 747 3781 consequi
767 3713 876 3766 videtur
900 3733 936 3767 ex
961 3714 1069 3767 decreto
1088 3715 1137 3767 fer.
1158 3715 1195 3768 IV
1216 3714 1381 3768 1183118ἰί
1404 3716 1472 3771 1899

152 3788 246 3852 (Anat.
266 3785 410 3850 88111711,
439 3783 512 3852 338).
550 3783 661 3838 Scilicet
679 3801 714 3838 ex
739 3784 940 3839 inadvertentia
960 3787 1144 3854 praetermisit
1162 3786 1307 3856 episeopus
1325 3791 1471 3855 utramque

149 3876 257 3911 menum
276 3875 358 3927 super
376 3862 458 3926 caput
476 3856 617 3909 ordinandi
635 3857 772 3926 imponere
791 3861 819 3909 et
837 3874 945 3910 manum
965 3858 1106 3910 dexteram
1126 3863 1267 3911 extensam
1287 3861 1389 3920 tenera,
1409 3859 1471 3912 dum

149 3929 253 3995 legeret
271 3928 487 3982 exhortationem
504 3929 622 3996 Oremus,
641 3931 743 3994 fratres
762 3929 916 3980 charissimi
921 3948 932 3995 ;
952 3946 1020 3997 quae
1040 3929 1129 3983 omnia
1149 3934 1243 3998 postea
1257 3928 1405 3999 supplevit,
1425 3931 1472 3982 sed

149 4001 269 4053 nescitur
288 4005 413 4054 8881111118
438 3999 552 4067 quando.
591 3999 640 4051 Cui
659 4000 739 4053 dubio
757 4017 915 4067 responsum
936 4007 991 4053 est:
1021 4000 1184 4064 ,Dummodo
1203 4001 1230 4054 in
1250 4018 1314 4054 88811
1335 4002 1472 4070 proposito

148 4072 273 4140 repetitio
292 4071 394 4125 formae
420 4075 448 4123 et
472 4088 601 4122 manuum
625 4071 753 4138 duplex
777 4074 910 4137 impositio
935 4072 1009 4125 iacta
1034 4071 1117 4124 tuerit
1142 4076 1205 4125 ante
1230 4073 1472 4126 instrumentorum

148 4143 336 4205 traditionem,
361 4143 539 4210 acquiescat.u
580 4142 651 4208 Ergo
677 4141 836 4195 concludere
856 4160 967 4210 pronum
993 4146 1050 4207 est,
1074 4144 1097 4197 si
1117 4145 1248 4197 alterutra
1267 4144 1404 4213 impositio
1423 4161 1472 4197 seu

149 4215 270 4268 extensio
289 4215 389 4267 omissa
407 4213 497 4271 fuerit,
516 4230 576 4266 esse
594 4213 683 4267 locum
700 4213 877 4282 repetitionis.

239 4285 346 4338 Clarius
370 4289 460 4338 sutem
486 4284 513 4336 id
539 4284 654 4337 habetur
679 4303 714 4337 ex
739 4283 916 4338 18884181.
938 4286 1020 4348 1900,
1040 4283 1090 4343 die
1116 4286 1132 4337 6
1153 4285 1237 4338 eiusd.
1263 4285 1388 4339 alsone
1406 4285 1471 4338 Xlll

152 4357 299 4426 approbato
321 4356 413 4423 (Amat.
433 4357 492 4409 eccl.
511 4354 590 4418 VIII,
616 4357 690 4422 339).
728 4355 868 4409 Ordinatio
894 4355 986 4424 aliqua
1005 4357 1079 4409 18818
1098 4360 1157 4409 8181
1175 4374 1236 4409 cnm
1257 4357 1344 4425 prima
1364 4357 1472 4424 quidem

149 4445 276 4481 manuum
296 4427 480 4496 impositione,
506 4428 554 4479 sed
573 4428 611 4480 ita
630 4432 661 4481 ut
678 4445 765 4495 neque
784 4429 926 4496 episcopus
945 4446 1033 4495 neque
1053 4428 1206 4497 presbyteri
1225 4429 1386 4481 assistentes
1406 4429 1472 4498 phy·

149 4501 204 4553 sice
223 4503 368 4566 tangerent
386 4502 468 4566 caput
486 4498 634 4551 ordinandi.
672 4497 730 4562 Quo
749 4499 821 4553 facto
839 4517 979 4568 perpenso,
999 4500 1046 4552 l]mi
1066 4498 1119 4553 PP.
1140 4500 1316 4553 mandarunt:
1337 4501 1472 4569 „Ordina-

149 4575 246 4623 tionem
265 4587 317 4623 1888
335 4573 487 4622 timendam
513 4588 545 4622 ex
569 4572 672 4638 intepro
689 4572 738 4622 81111
763 4572 915 4623 condicione
940 4578 963 4623 et
980 4579 1084 4630 secreto,
1109 4588 1271 4639 qaaecumque
1289 4572 1357 4624 dte.“
1396 4571 1472 4636 Quod

149 4642 233 4709 igitur
252 4659 282 4694 eo
302 4641 389 4708 magis
408 4640 500 4694 valere
520 4640 607 4704 debet,
625 4642 648 4695 si
668 4642 755 4711 prima
773 4640 821 4693 ills
839 4658 967 4694 mannum
986 4641 1122 4712 impositio
1141 4642 1220 4712 plane
1240 4643 1343 4696 omissa
1361 4647 1430 4698 erat.
