3044 5174
162 286 226 348 282
613 280 819 336 Sacramentum
837 281 1029 353 paenitentiae.

160 457 318 540 legiatum
342 457 447 524 noluit
469 457 570 534 adire,
594 456 771 524 tenebatur
793 456 944 542 episcopo
960 458 1015 522 vel
1029 456 1282 542 paenitentiario
1298 477 1337 522 se
1359 456 1478 536 sistere,
1499 39 1514 583 i

158 548 263 630 iisque
279 547 333 612 vel
355 547 518 630 integram
536 546 773 612 confessionem
796 547 907 613 facere
922 547 976 612 vel
999 547 1118 613 saltem
1140 549 1348 612 reservatum
1370 567 1479 630 pecca·

160 642 230 703 tum
247 637 425 713 declarare,
450 641 497 710 ut,
522 636 602 703 data
617 639 793 719 potestate,
818 636 892 701 dein
915 637 956 702 ad
972 636 1088 702 Linum
1104 635 1228 701 rediret
1250 636 1292 700 ab
1309 656 1415 718 eoque
1430 636 1479 701 ab
1517 701 1520 729 1

161 727 355 790 solveretur.
389 725 451 789 Sed
464 725 492 789 si
505 729 744 808 competentem
757 725 956 810 superiorem
970 724 1060 790 adire
1076 724 1276 809 impossibile
1288 729 1372 802 erat,
1388 723 1479 790 Linus

161 815 269 899 potuit
289 812 458 879 Callistum
482 813 663 891 absolvere,
688 815 745 879 sed
768 835 789 880 a
811 819 981 880 reservato
1004 820 1141 897 peccato
1163 812 1325 880 indirecte
1347 817 1478 880 tantum
1516 804 1520 863 f

250 902 559 969 Ballou-Palm.
585 904 715 985 quidem
737 903 758 969 l.
783 924 812 968 c.
836 925 867 968 n.
886 905 949 969 685
973 903 1105 968 videtur
1127 902 1330 970 contrarium
1353 902 1477 979 sentire,
1518 916 1520 920 ’

162 1014 234 1058 curn
259 992 363 1058 dicat:
394 991 599 1067 „Notandum
622 997 743 1069 tamen,
769 1013 833 1057 non
857 993 971 1057 deesse
993 996 1204 1077 superiorem,
1236 991 1368 1074 quando
1393 991 1478 1057 abso·

161 1082 243 1148 lutio
266 1081 407 1148 obtineri
430 1081 534 1165 possit
558 1082 598 1146 ab
623 1102 660 1146 eo
685 1083 740 1163 qui
763 1082 864 1149 habet
886 1085 1087 1165 potestatem
1111 1081 1152 1147 ab
1176 1079 1331 1164 episcopo
1355 1080 1478 1163 delega-

162 1175 230 1236 tam
264 1170 453 1236 absolvendi
485 1192 505 1235 a
534 1171 734 1236 reservatis:
767 1171 853 1251 quod
886 1175 921 1238 et
953 1170 993 1235 de
1024 1171 1155 1236 casibus
1187 1169 1363 1254 papalibus
1391 1168 1477 1237 intel·

160 1260 334 1341 legendum
351 1265 412 1334 est,
430 1280 450 1324 a
466 1259 581 1342 quibus
597 1281 628 1327 v.
646 1281 677 1342 g.
696 1260 921 1325 Mendicantes
937 1262 1076 1342 possunt
1091 1259 1293 1326 absolvere·
1329 1258 1478 1325 Attamen

161 1349 242 1414 hacc
273 1369 343 1414 rem
374 1369 437 1413 non
468 1348 622 1415 videntur
653 1348 815 1416 evincere.
869 1349 993 1415 Omitto
1023 1353 1100 1432 post
1130 1351 1234 1415 const.
1268 1350 1478 1434 „Apostolum

141 1438 273 1504 .Sedls“
304 1438 394 1503 illam
425 1437 618 1504 facultatem
642 1437 898 1504 Mendicantinm
928 1458 993 1503 non
1024 1436 1165 1522 amplius
1194 1436 1394 1512 subsistere,
1424 1437 1477 1502 nisi

161 1532 323 1610 quatenus
346 1529 463 1611 postea
485 1527 622 1609 singulis
655 1527 822 1592 ordinibus
845 1527 925 1593 data
947 1526 1007 1605 sit,
1038 1548 1144 1609 neque
1175 1546 1248 1592 eam
1277 1525 1352 1592 dari
1382 1527 1477 1593 solere

161 1617 223 1681 nisi
253 1616 295 1681 ad
318 1620 457 1700 tempus.
502 1615 566 1681 Sed
590 1616 631 1681 ad
654 1616 899 1699 privilegiatum
921 1617 992 1681 loco
1017 1614 1194 1699 superioris
1217 1614 1353 1698 confugi
1378 1615 1478 1682 debere

160 1706 292 1771 videtur
314 1726 461 1789 pugnare
485 1726 558 1770 cum
587 1705 627 1770 iis
651 1726 735 1788 quae
760 1706 791 1772 S.
815 1704 934 1788 Alph.
959 1704 1038 1779 VII,
1071 1706 1112 1770 89
1142 1703 1259 1770 habet:
1295 1703 1477 1789 ,privilegia

161 1797 285 1861 nullam
307 1794 466 1859 inducunt
488 1794 722 1876 obligationem
745 1794 785 1859 iis
808 1794 952 1861 utendi“.

250 1894 290 1960 R.
315 1895 345 1960 3.
391 1892 428 1956 In
459 1913 538 1957 casu
567 1892 670 1974 igitur
699 1913 762 1974 quo
785 1892 886 1957 Linus
915 1891 1075 1957 indirecte
1105 1894 1235 1957 tantum
1265 1910 1286 1956 a
1315 1895 1478 1957 reservato

162 1987 297 2066 peccato
321 1981 516 2060 absolverit,
550 1980 663 2048 debuit
684 1981 931 2064 promissionem
961 1980 1139 2047 aCallisto
1169 1979 1303 2063 exigere
1332 2001 1370 2045 se
1401 2000 1477 2055 mcx,

162 2094 234 2136 cum
259 2071 426 2136 commode
449 2070 571 2154 possit,
603 2092 712 2136 coram
736 2070 888 2154 episcopo
911 2071 966 2135 vel
988 2068 1260 2154 poenitentiario,
1291 2069 1346 2134 vel
1370 2070 1478 2136 saltem

162 2182 272 2225 coram
296 2159 495 2225 confessario
519 2160 728 2243 privilegiato
752 2160 812 2224 sibi
827 2160 910 2225 bene
926 2158 997 2224 viso
1013 2159 1270 2243 comperiturum
1285 2178 1371 2227 esse.
1402 2158 1478 2224 Male

161 2249 263 2331 igitur
287 2249 365 2331 egit,
391 2270 463 2313 cum
486 2249 547 2314 boc
571 2271 644 2314 eum
668 2271 732 2313 non
757 2250 914 2315 moneret.

99 2353 152 2407 496
252 2338 304 2403 Ad
328 2339 500 2403 scoriadam
530 2359 642 2403 casnm
666 2339 751 2420 quod
780 2337 918 2414 attinet,
948 2336 987 2402 R.
1015 2340 1042 2403 l.
1089 2335 1224 2401 Publius
1253 2335 1287 2400 in
1316 2335 1409 2401 hisce
1431 2334 1478 2401 ad·

162 2427 282 2492 iunctis
306 2447 369 2491 non
394 2426 509 2509 potuit,
535 2427 652 2492 relicta
675 2427 846 2511 parochia,
871 2426 1008 2491 Romam
1033 2446 1069 2491 se
1092 2425 1258 2504 conferre,
1289 2445 1397 2508 neque
1419 2425 1478 2491 sine

163 2517 258 2599 gravi
288 2515 480 2599 suspicionis
510 2517 655 2599 periculo
687 2538 707 2582 a
736 2516 933 2582 celebranda
963 2515 1064 2579 missa
1094 2514 1276 2580 abstinere:
1311 2535 1430 2597 quare,
1457 2514 1477 2577 si

162 2607 258 2671 modo
283 2605 392 2671 debite
415 2610 489 2671 erat
512 2605 699 2688 dispositus,
723 2605 961 2670 absolutionem
986 2604 1132 2688 recipere
1155 2604 1197 2670 ab
1220 2603 1389 2669 ordinario
1412 2625 1478 2669 con-

163 2694 302 2760 fessario
326 2694 443 2776 potuit,
472 2716 544 2759 cum
569 2715 667 2759 onere
689 2699 727 2761 ut
750 2694 820 2759 sive
842 2714 903 2777 per
925 2715 961 2758 se
984 2693 1055 2758 sive
1078 2714 1137 2775 per
1160 2692 1398 2758 confessarium
1421 2713 1478 2758 rem

163 2805 234 2848 curn
260 2785 291 2850 S.
316 2783 576 2849 Paenitentiaria
599 2784 685 2848 infra
709 2804 853 2848 mensem
879 2786 1096 2865 componeret.

251 2881 290 2950 R.
321 2886 351 2946 2.
398 2882 476 2946 Cum
508 2886 597 2949 esset
627 2882 751 2948 directe
781 2881 952 2947 absolutus
982 2901 1087 2963 neque
1118 2900 1258 2944 censura
1286 2879 1420 2945 interim
1446 2879 1479 2944 li·

163 2975 277 3053 gatuS,
309 2970 387 3035 nihil
417 2971 571 3037 obstabat
595 2971 672 3053 quin
696 2970 878 3036 celebraret
901 2970 1033 3035 missam
1057 2990 1122 3034 non
1145 2970 1250 3034 solum
1281 2969 1413 3051 quando
1440 2968 1479 3033 in·

163 3060 292 3126 ridebat
316 3060 385 3124 dies
409 3060 634 3142 obligationis.
666 3061 723 3125 sed
746 3060 846 3126 etiam
870 3058 943 3124 aliis
967 3059 1079 3123 diebus
1104 3079 1146 3123 ex
1168 3058 1274 3123 libera
1304 3058 1479 3125 devotione.

163 3149 320 3217 Attamen
337 3149 399 3214 nisi
414 3149 501 3214 infra
516 3171 660 3214 mensem
676 3170 828 3214 recursus
843 3151 947 3224 fieret,
964 3147 1098 3212 Publius
1110 3147 1272 3212 recideret
1287 3146 1321 3212 in
1334 3168 1481 3213 censuras

163 3239 310 3305 Romano
323 3238 467 3322 pontifici
480 3245 680 3304 reservatas:
694 3238 827 3321 insuper
838 3241 974 3321 paratus
986 3258 1059 3301 esse
1072 3237 1169 3302 debet
1178 3237 1220 3302 ad
1230 3237 1386 3302 standum
1398 3258 1481 3302 man·

165 3329 250 3395 datis
274 3328 456 3405 Ecclesiae,
481 3349 564 3409 quae
587 3332 662 3410 post
687 3349 854 3392 recursum
878 3328 910 3393 S.
936 3325 1194 3392 Paenitentiama
1216 3325 1413 3408 impositura
1435 3326 1480 3390 sit.

506 3519 750 3586 ABSOLUTIO
775 3516 1144 3584 RESERVATORUM.

720 3666 830 3732 Casus.
849 3673 926 3741 (141)

252 3805 397 3882 Aegidius
418 3805 448 3863 in
471 3805 657 3864 consessione
679 3804 812 3880 generali
832 3805 925 3863 multa
947 3804 1035 3863 affert
1055 3807 1189 3880 peccata,
1212 3803 1303 3863 etiam
1324 3812 1480 3866 reservata

165 3886 386 3956 confessarius,
415 3905 480 3943 cum
503 3886 676 3943 facultatem
703 3885 734 3943 in
761 3891 915 3943 reservata
943 3904 1000 3943 non
1023 3885 1149 3955 habeat,
1177 3884 1295 3961 quaerit
1323 3905 1394 3946 num
1415 3888 1480 3946 haec

163 3969 269 4027 saltem
291 3973 414 4043 peccata
436 3966 594 4040 aliquando
616 3966 723 4024 dixerit
744 3964 775 4022 in
796 3964 991 4024 confessione.
1033 3963 1198 4040 Respondit
1218 3965 1383 4040 Aegidius:
1409 3966 1479 4039 ,Uti

164 4069 230 4124 que,
252 4046 407 4106 occasione
422 4046 557 4116 iubilaei3
580 4047 707 4104 feceram
723 4046 782 4104 alia
797 4065 887 4120 opera
908 4044 1102 4121 praescripta,
1124 4044 1317 4104 nihilominus
1333 4047 1479 4106 confessus
1514 4088 1517 4099 .

164 4148 228 4186 sum
250 4128 341 4199 male,
363 4126 492 4185 reticens
514 4125 592 4184 aliud
615 4132 766 4202 peccatum
790 4145 827 4183 ex
848 4126 973 4201 pudore;
996 4125 1073 4182 idem
1095 4124 1245 4196 acciderat
1267 4125 1296 4183 in
1319 4124 1477 4186 missione‘
1518 4136 1520 4153 ¹

164 4208 243 4267 Hinc
265 4206 464 4266 confessarius
486 4226 612 4264 censens
633 4205 865 4264 reservationem
886 4225 952 4264 esse
974 4206 1120 4265 sublatam
1141 4205 1280 4266 absolvit.

252 4288 330 4347 Aiax
365 4287 515 4346 studiosus
551 4286 677 4344 duellum
711 4286 916 4354 commiserat;
952 4307 970 4344 a
1002 4306 1059 4361 quo
1092 4286 1313 4359 confessarius,
1349 4286 1475 4364 imposita

163 4368 347 4445 paenitentia
368 4367 454 4425 nudis
476 4366 599 4442 pedibus
621 4367 723 4425 leucae
745 4366 823 4424 viam
839 4366 1018 4441 perficiendi,
1041 4367 1178 4426 absolvit.
1205 4366 1286 4425 Aiax
1308 4367 1383 4427 nihil
1404 4366 1474 4431 dixit,

164 4452 216 4509 scd
238 4448 338 4508 statim
360 4448 497 4524 concapit
518 4447 700 4505 voluntatem
722 4446 750 4505 id
773 4466 956 4522 nequaquam
979 4446 1166 4520 exsequendi.

164 4554 340 4624 Quanmnun
364 4557 391 4612 1ο
412 4573 487 4630 quae
509 4553 655 4612 confessio
678 4552 846 4627 requiratur
867 4558 900 4610 ut
921 4557 1019 4610 cesset
1039 4552 1212 4612 reservato.

361 4644 391 4701 2⁰
412 4643 510 4702 sintne
531 4642 674 4718 Aegidius
696 4648 726 4700 et
747 4642 826 4700 Aiax
847 4642 903 4700 rite
924 4642 1060 4700 absoluti.
