3044 5174
323 258 448 314 Minister
466 261 567 331 poenit.
579 251 622 298 '-
641 277 739 315 causae
757 258 898 328 inquisitio
916 261 945 313 et
961 256 1119 327 recognitio.
1318 261 1383 325 289

52 434 201 519 peccatis
225 435 372 502 externis
395 440 510 501 contra
534 436 721 502 castitatem
744 437 841 520 plane
864 435 1032 513 abstinuit,
1058 455 1263 517 nequaquam
1287 454 1384 517 prae-

52 525 234 590 sumendus
256 530 308 590 est
331 546 461 609 semper
483 545 677 590 consensum
701 525 838 603 dedisse,
864 524 992 607 quoties
1007 545 1043 589 se
1059 528 1194 590 accusat
1216 524 1256 588 de
1272 522 1384 606 pravis

53 613 322 696 cogitationibus,
363 614 518 680 Homines
542 614 639 679 rudes
663 614 830 698 imprimis,
855 636 926 679 cum
950 634 986 677 se
1010 617 1176 690 accusant,
1200 633 1300 696 saepe
1318 633 1384 677 nou

52 704 263 785 distinguunt
286 703 473 769 voluntaria
497 707 531 770 et
553 703 785 782 involuntaria,
809 703 866 768 sed
891 703 1110 768 confessarius
1125 701 1384 785 interrogatione

54 793 139 858 hanc
165 792 407 859 distinctionem
432 793 549 858 elicere
573 793 680 859 debet.

143 883 256 964 Atque
286 881 386 948 etiam
415 903 480 947 non
509 881 580 946 sine
603 882 731 948 ratione
754 881 896 947 rusticus
919 885 1032 948 noster
1057 879 1309 961 interrogandus
1332 883 1385 945 est

52 971 141 1036 circa
165 971 375 1036 omissionem
398 971 527 1048 missae,
552 977 661 1037 utrum
684 971 790 1036 sciens
813 974 848 1037 et
870 972 985 1035 volens
1008 969 1170 1047 omiserit,
1194 990 1237 1034 an
1259 968 1384 1035 invitus

52 1065 86 1126 et
108 1066 257 1126 coactus.
305 1061 354 1124 De
384 1061 474 1138 rixa,
506 1060 534 1125 si
563 1061 627 1126 fuit
650 1060 682 1124 in
707 1059 848 1137 familia,
879 1060 912 1124 in
937 1059 1094 1124 eiusmodi
1117 1059 1305 1143 paenitente
1329 1057 1385 1140 qui

53 1151 148 1232 plura
172 1171 238 1215 non
261 1148 382 1215 habeat
404 1155 551 1233 peccata,
575 1150 730 1215 facillime
752 1170 916 1232 suppones
940 1169 1011 1214 eam
1035 1169 1100 1213 non
1118 1147 1219 1213 fuisse
1235 1168 1382 1230 gravem.

54 1241 101 1305 De
124 1240 234 1304 abusu
257 1259 425 1304 sacrorum
449 1239 631 1317 nominum,
662 1243 837 1321 antequam
862 1239 943 1304 Catu
967 1237 1128 1304 iudicaret
1150 1241 1319 1318 tamquam
1344 1236 1385 1302 de

51 1328 148 1412 gravi
179 1333 334 1413 peccato,
365 1327 495 1394 omnino
526 1327 611 1394 scire
635 1327 761 1404 debuit,
794 1332 903 1393 utrum
927 1327 1028 1393 fuerit
1055 1326 1257 1410 blasphemia
1280 1346 1385 1408 eaque

52 1439 125 1483 cum
151 1417 363 1483 advertentis
385 1418 525 1501 prolata,
549 1438 592 1482 an
615 1418 724 1500 potius
747 1417 872 1482 inutilis
895 1416 1060 1482 nominum
1077 1423 1265 1482 sanctorum
1282 1437 1385 1480 enun-

49 1507 165 1584 tiatio,
189 1528 274 1589 quae
296 1527 338 1571 ne
361 1528 403 1571 ex
426 1528 463 1571 se
486 1505 614 1589 quidem
638 1506 752 1588 gravis
774 1507 828 1572 sit.
874 1506 977 1571 Immo
1001 1505 1207 1571 dedocendus
1231 1508 1283 1570 est
1304 1525 1384 1587 pae-

49 1597 172 1675 nitens,
198 1595 226 1661 si
249 1597 338 1662 forte
360 1595 486 1661 leviora
509 1596 661 1661 habuerit
684 1617 742 1678 pro
766 1595 911 1679 peccatis
934 1594 1100 1677 gravibus.

230 1786 434 1853 CAUTELA
457 1786 505 1850 IN
529 1786 881 1852 INTERROGANDO
906 1786 962 1851 ET
986 1787 1205 1853 DOCENDO.

618 1952 729 2019 Casus.
750 1959 827 2028 (144)

149 2094 228 2152 Puer
254 2112 360 2151 noveru
389 2112 532 2150 annorum
561 2093 637 2169 apud
659 2094 812 2151 Consilium
840 2093 1012 2152 confitetur:
1043 2092 1220 2153 Parentibus
1248 2115 1308 2154 non
1336 2097 1385 2155 ob·

51 2175 172 2245 oedivi;
194 2174 311 2233 rixatus
333 2193 397 2231 sum
419 2192 485 2230 cum
500 2173 567 2231 aliis
588 2173 703 2248 pueris3
725 2173 756 2231 in
778 2174 881 2232 schola
903 2193 961 2232 non
983 2174 1096 2233 attendi
1117 2174 1250 2250 aliosque
1271 2181 1385 2252 pertur-

54 2257 144 2326 bavi3
167 2255 214 2314 bis
227 2254 385 2312 inhonesta
400 2253 475 2324 feci3
496 2258 542 2311 ter
555 2253 688 2328 graviter
701 2254 842 2312 mentitus
857 2273 929 2314 sum.
958 2254 1098 2313 Camillus
1112 2255 1248 2315 hortatus
1263 2275 1385 2331 puerum

53 2341 89 2396 ut
111 2335 216 2396 sedulo
238 2334 314 2392 vitet
341 2353 426 2392 omne
447 2340 617 2410 peccatum,
645 2334 770 2410 imponit
789 2335 1002 2410 paenitentiam
1030 2335 1157 2412 quinque
1185 2337 1310 2395 decedes
1340 2356 1386 2395 ro·

10 2460 13 2473 .
51 2416 130 2476 sarii
152 2420 240 2490 atque
261 2414 398 2473 absolvit.

148 2497 290 2554 Isocrates
309 2513 380 2553 vero
400 2493 431 2551 in
453 2493 507 2552 tali
529 2493 716 2553 confessione
744 2494 910 2570 interrogat
936 2495 967 2553 in
994 2515 1052 2570 qua
1072 2514 1106 2553 re
1132 2496 1305 2571 parentibus
1326 2517 1384 2555 non

52 2574 259 2645 oboediverit,
288 2593 357 2632 num
379 2573 512 2648 graviter
532 2572 667 2644 rixatus,
696 2575 726 2633 in
749 2575 852 2633 schola
873 2575 1046 2649 magistrum
1068 2576 1201 2650 graviter
1222 2577 1385 2636 offenderit.

55 2656 158 2731 Atque
180 2674 245 2712 cum
268 2654 351 2713 audit
372 2674 389 2712 a
410 2673 502 2730 puero
523 2653 618 2730 ipsum
648 2674 708 2713 non
728 2654 837 2725 ivisse,
867 2675 932 2714 curn
953 2661 1094 2731 parentes
1115 2656 1267 2715 mitterent
1287 2658 1318 2716 in
1340 2677 1385 2716 ec·

53 2736 198 2803 clesiam,
224 2735 254 2793 in
276 2735 343 2792 rixa
363 2754 486 2811 puerum
508 2735 711 2793 adversarium
738 2755 838 2811 pugno
859 2735 888 2794 in
911 2735 1016 2793 faciem
1039 2755 1212 2811 percussum
1234 2737 1384 2812 copiosum

52 2814 235 2891 sanguinem
256 2814 382 2885 fudisse,
408 2815 581 2889 magistrum
604 2815 690 2874 valde
711 2815 819 2874 iratum
846 2816 941 2874 tribus
971 2816 1086 2875 vicibus
1106 2817 1242 2892 privasse
1263 2837 1385 2893 puerum

52 2895 198 2974 prandio:
220 2895 251 2952 in
271 2895 354 2953 hisce
375 2895 508 2970 peccatis
523 2895 654 2953 studiose
673 2895 795 2972 inquirit
809 2896 845 2954 de
859 2915 979 2955 numero
994 2897 1183 2972 graviterque
1197 2897 1387 2973 reprehendit

52 2996 191 3054 puerum,
213 2981 246 3034 ut
266 2975 344 3034 serio
364 2975 518 3033 incumbat
537 2976 568 3033 in
590 2975 833 3046 emendationem,
856 2976 882 3035 si
902 2977 959 3035 rite
979 2977 1053 3036 velit
1073 2977 1195 3036 absolvi.

51 3084 237 3154 Quannrrnn
259 3085 288 3140 1ο
308 3086 429 3140 rectene
450 3082 544 3157 egerit
566 3082 716 3153 Camillus,
739 3103 776 3140 an
799 3083 957 3142 Isocrates.

262 3183 292 3238 2⁰
313 3180 457 3256 quomodo
480 3179 621 3240 eiusmodi
644 3201 717 3257 puer
737 3182 967 3256 interrogandus
988 3183 1028 3241 sit
1048 3183 1082 3241 de
1103 3185 1192 3242 rebus
1207 3182 1384 3244 inhonestis.

260 3279 290 3336 3⁰
311 3277 439 3336 fueritne
460 3277 491 3336 in
513 3277 580 3336 aliis
601 3278 750 3337 docendus
771 3279 818 3337 vel
841 3279 1035 3339 dedocendus.

655 3461 790 3528 Salutio.

147 3605 202 3668 An
218 3624 409 3679 Qurasrruu
429 3607 465 3666 1¹²²
480 3603 519 3668 R.
539 3607 567 3668 l.
608 3603 684 3687 Ipsa
705 3605 871 3670 accusatio
894 3604 986 3687 pueri
1010 3606 1240 3673 necessitatem
1263 3606 1386 3672 indicat
1395 3617 1448 3670 508

54 3693 283 3774 interrogandi
307 3693 425 3758 saltem
450 3693 489 3756 de
513 3693 610 3757 rebus
635 3693 814 3760 inhonestis
845 3699 879 3760 et
908 3695 948 3758 de
978 3694 1170 3771 mendaciis,
1203 3698 1238 3759 ut
1269 3696 1385 3779 depre-

55 3784 239 3858 hendatur,
271 3781 298 3846 si
322 3781 398 3864 quid
421 3780 522 3847 fuerit
544 3804 647 3863 grave
670 3788 857 3865 peccatum,
884 3788 918 3849 et
941 3787 978 3849 ut
1001 3785 1199 3850 dedoceatur
1222 3806 1319 3867 puer,
1343 3807 1386 3850 ne

55 3876 229 3957 peccatum
254 3892 357 3952 grave
380 3871 510 3946 habeat,
535 3872 621 3952 quod
645 3894 747 3952 grave
771 3893 835 3936 non
859 3877 919 3938 est.

148 3979 187 4044 R.
214 3981 244 4043 2.
291 3978 445 4042 Camillus
467 3978 569 4059 igitur
591 3979 670 4043 nihil
693 3979 899 4062 interrogans
923 3984 1013 4045 recte
1045 4001 1109 4044 non
1139 3980 1223 4061 egit;
1254 3985 1386 4065 poterat

55 4069 145 4133 enirn
175 4088 248 4133 esse
278 4071 315 4132 ut
344 4068 492 4148 graviter
515 4069 702 4150 peccaverit
731 4091 813 4153 puer
836 4070 935 4135 etiam
960 4069 1135 4146 obiective,
1167 4071 1224 4134 sed
1254 4076 1386 4153 poterat

55 4159 159 4223 etiam
184 4156 253 4221 fieri
278 4160 314 4221 ut
337 4157 423 4221 falsa
447 4157 646 4223 conscientia
670 4164 827 4225 uteretur.

148 4260 187 4325 R.
206 4263 237 4326 3.
275 4259 438 4325 Isocrates
462 4264 573 4325 autem
597 4261 740 4329 excessit
763 4262 893 4326 omnino
917 4262 949 4326 in
973 4261 1293 4343 interrogationibus.
1331 4262 1385 4326 In·

55 4349 267 4416 oboedientia
289 4349 386 4413 facile
410 4349 493 4413 sumi
517 4354 649 4432 poterat
664 4373 722 4434 pro
740 4352 814 4428 levi,
839 4356 907 4416 tum
933 4352 1009 4432 quia
1032 4372 1133 4434 puero
1156 4352 1296 4416 novenni
1321 4372 1386 4415 non

54 4441 188 4505 soleant
203 4460 256 4503 res
277 4460 397 4520 graves
420 4438 554 4519 iniungi,
580 4444 649 4504 tum
673 4441 750 4521 quia
772 4463 853 4523 puer
876 4442 1034 4505 novennis
1058 4441 1089 4504 in
1114 4440 1270 4504 eiusmodi
1290 4441 1386 4504 rebus

55 4551 132 4595 eam
157 4527 450 4594 considerationem
474 4550 538 4592 non
562 4530 668 4595 soleat
691 4531 862 4607 adhibere,
888 4553 984 4612 quam
1009 4529 1156 4612 postulat
1179 4530 1275 4611 culpa
1299 4550 1386 4593 mor-

54 4621 145 4686 talis.
194 4618 228 4683 Si
252 4623 363 4683 tamen
387 4618 522 4682 verbulo
552 4618 694 4686 voluerit
716 4619 880 4686 Isocrates
910 4620 1130 4700 interrogare,
1164 4623 1253 4684 recte
1283 4618 1388 4685 inter·

109 4729 283 4776 hehmkuhl.
298 4729 371 4770 Casus
386 4729 545 4770 conscientiae.
565 4730 593 4770 ll.
1148 4724 1180 4776 19
