<?xml version="1.0" encoding="UTF-8"?>
<!DOCTYPE html PUBLIC "-//W3C//DTD XHTML 1.0 Transitional//EN"
    "http://www.w3.org/TR/xhtml1/DTD/xhtml1-transitional.dtd">
<html xmlns="http://www.w3.org/1999/xhtml" xml:lang="en" lang="en">
 <head>
  <title>
</title>
<meta http-equiv="Content-Type" content="text/html;charset=utf-8" />
  <meta name='ocr-system' content='tesseract 3.04.00' />
  <meta name='ocr-capabilities' content='ocr_page ocr_carea ocr_par ocr_line ocrx_word'/>
</head>
<body>
  <div class='ocr_page' id='page_1' title='image "./casusconscienti00lehmgoog_0526.png"; bbox 0 0 3044 5174; ppageno 0'>
   <div class='ocr_carea' id='block_1_1' title="bbox 138 254 1017 327">
    <p class='ocr_par' dir='ltr' id='par_1_1' title="bbox 138 254 1017 327">
     <span class='ocr_line' id='line_1_1' title="bbox 138 254 1017 327; baseline -0.023 0"><span class='ocrx_word' id='word_1_1' title='bbox 138 262 204 327; x_wconf 86' lang='grc'>512</span> <span class='ocrx_word' id='word_1_2' title='bbox 619 257 825 313; x_wconf 76' lang='lat' dir='ltr'><strong>Sacramentum</strong></span> <span class='ocrx_word' id='word_1_3' title='bbox 842 254 1017 310; x_wconf 86' lang='lat' dir='ltr'>matrimonii.</span> 
     </span>
    </p>
   </div>
   <div class='ocr_carea' id='block_1_2' title="bbox 138 432 1466 700">
    <p class='ocr_par' dir='ltr' id='par_1_2' title="bbox 138 432 1466 700">
     <span class='ocr_line' id='line_1_2' title="bbox 138 432 1466 518; baseline -0.001 -16"><span class='ocrx_word' id='word_1_4' title='bbox 138 437 280 504; x_wconf 90' lang='lat' dir='ltr'>monium</span> <span class='ocrx_word' id='word_1_5' title='bbox 305 437 411 502; x_wconf 91' lang='lat' dir='ltr'>minus</span> <span class='ocrx_word' id='word_1_6' title='bbox 434 435 639 503; x_wconf 81' lang='lat' dir='ltr'>sollemniter</span> <span class='ocrx_word' id='word_1_7' title='bbox 665 438 871 502; x_wconf 86' lang='lat' dir='ltr'>contractum</span> <span class='ocrx_word' id='word_1_8' title='bbox 893 432 1077 517; x_wconf 78' lang='lat' dir='ltr'>reciperent</span> <span class='ocrx_word' id='word_1_9' title='bbox 1103 432 1159 514; x_wconf 88' lang='lat' dir='ltr'>(de</span> <span class='ocrx_word' id='word_1_10' title='bbox 1188 454 1253 518; x_wconf 92' lang='lat' dir='ltr'>quo</span> <span class='ocrx_word' id='word_1_11' title='bbox 1277 432 1355 499; x_wconf 87' lang='lat' dir='ltr'>vide</span> <span class='ocrx_word' id='word_1_12' title='bbox 1386 434 1466 501; x_wconf 87' lang='lat' dir='ltr'>dicta</span> 
     </span>
     <span class='ocr_line' id='line_1_3' title="bbox 138 523 1466 612; baseline -0.003 -19"><span class='ocrx_word' id='word_1_13' title='bbox 138 548 238 612; x_wconf 86' lang='lat' dir='ltr'>supra</span> <span class='ocrx_word' id='word_1_14' title='bbox 266 547 297 593; x_wconf 93' lang='lat' dir='ltr'>n</span> <span class='ocrx_word' id='word_1_15' title='bbox 322 525 419 607; x_wconf 88' lang='lat'>881);</span> <span class='ocrx_word' id='word_1_16' title='bbox 450 525 507 591; x_wconf 92' lang='lat' dir='ltr'>sed</span> <span class='ocrx_word' id='word_1_17' title='bbox 531 546 703 610; x_wconf 85' lang='lat' dir='ltr'>perperam</span> <span class='ocrx_word' id='word_1_18' title='bbox 727 524 813 607; x_wconf 84' lang='lat' dir='ltr'>egit,</span> <span class='ocrx_word' id='word_1_19' title='bbox 844 544 918 589; x_wconf 89' lang='lat' dir='ltr'>eam</span> <span class='ocrx_word' id='word_1_20' title='bbox 940 526 1017 607; x_wconf 85' lang='lat' dir='ltr'>post</span> <span class='ocrx_word' id='word_1_21' title='bbox 1039 523 1154 588; x_wconf 87' lang='lat' dir='ltr'>laudes</span> <span class='ocrx_word' id='word_1_22' title='bbox 1177 523 1422 609; x_wconf 87' lang='lat' dir='ltr'>vespertinas&#39;</span> <span class='ocrx_word' id='word_1_23' title='bbox 1413 545 1466 589; x_wconf 91' lang='lat' dir='ltr'>un·</span> 
     </span>
     <span class='ocr_line' id='line_1_4' title="bbox 138 609 1093 700; baseline -0.004 -18"><span class='ocrx_word' id='word_1_24' title='bbox 138 615 416 700; x_wconf 67' lang='lat' dir='ltr'>perdendorum</span> <span class='ocrx_word' id='word_1_25' title='bbox 439 614 682 681; x_wconf 78' lang='lat' dir='ltr'>intromissam</span> <span class='ocrx_word' id='word_1_26' title='bbox 705 618 787 698; x_wconf 92' lang='lat' dir='ltr'>nupt</span> <span class='ocrx_word' id='word_1_27' title='bbox 772 613 884 680; x_wconf 89' lang='lat' dir='ltr'>tialem</span> <span class='ocrx_word' id='word_1_28' title='bbox 909 611 1018 678; x_wconf 89' lang='lat' dir='ltr'>danda</span> <span class='ocrx_word' id='word_1_29' title='bbox 1040 609 1093 678; x_wconf 92' lang='lat' dir='ltr'>sit</span> 
     </span>
    </p>
   </div>
   <div class='ocr_carea' id='block_1_3' title="bbox 522 803 1083 1040">
    <p class='ocr_par' dir='ltr' id='par_1_3' title="bbox 522 803 1083 1040">
     <span class='ocr_line' id='line_1_5' title="bbox 522 803 1083 872; baseline 0.002 -1"><span class='ocrx_word' id='word_1_30' title='bbox 522 805 816 872; x_wconf 84' lang='lat' dir='ltr'>PRIVILEGIUM</span> <span class='ocrx_word' id='word_1_31' title='bbox 838 803 1083 872; x_wconf 84' lang='lat' dir='ltr'><strong>PAULINUM.</strong></span> 
     </span>
     <span class='ocr_line' id='line_1_6' title="bbox 703 964 909 1040; baseline -0.015 -11"><span class='ocrx_word' id='word_1_32' title='bbox 703 964 813 1031; x_wconf 77' lang='lat' dir='ltr'>Casus.</span> <span class='ocrx_word' id='word_1_33' title='bbox 832 970 909 1040; x_wconf 75' lang='lat' dir='ltr'>(aab)</span> 
     </span>
    </p>
   </div>
   <div class='ocr_carea' id='block_1_4' title="bbox 137 1103 1469 1897">
    <p class='ocr_par' dir='ltr' id='par_1_4' title="bbox 137 1103 1469 1897">
     <span class='ocr_line' id='line_1_7' title="bbox 229 1103 1468 1176; baseline 0 -13"><span class='ocrx_word' id='word_1_34' title='bbox 229 1104 349 1164; x_wconf 79' lang='lat' dir='ltr'>Getulis</span> <span class='ocrx_word' id='word_1_35' title='bbox 369 1104 475 1163; x_wconf 88' lang='lat' dir='ltr'>mulier</span> <span class='ocrx_word' id='word_1_36' title='bbox 500 1103 645 1176; x_wconf 88' lang='lat' dir='ltr'>infidelis,</span> <span class='ocrx_word' id='word_1_37' title='bbox 674 1123 740 1163; x_wconf 91' lang='lat' dir='ltr'>cum</span> <span class='ocrx_word' id='word_1_38' title='bbox 762 1104 870 1163; x_wconf 84' lang='lat' dir='ltr'>Petrus</span> <span class='ocrx_word' id='word_1_39' title='bbox 890 1104 937 1162; x_wconf 89' lang='lat' dir='ltr'>vir</span> <span class='ocrx_word' id='word_1_40' title='bbox 965 1103 1030 1163; x_wconf 89' lang='lat' dir='ltr'>eius</span> <span class='ocrx_word' id='word_1_41' title='bbox 1049 1104 1081 1162; x_wconf 92' lang='lat' dir='ltr'>in</span> <span class='ocrx_word' id='word_1_42' title='bbox 1108 1122 1263 1163; x_wconf 87' lang='lat' dir='ltr'>numerum</span> <span class='ocrx_word' id='word_1_43' title='bbox 1284 1104 1468 1163; x_wconf 80' lang='lat' dir='ltr'>catechume</span> 
     </span>
     <span class='ocr_line' id='line_1_8' title="bbox 138 1183 1469 1261; baseline -0.001 -17"><span class='ocrx_word' id='word_1_44' title='bbox 138 1204 242 1244; x_wconf 90' lang='lat' dir='ltr'>norum</span> <span class='ocrx_word' id='word_1_45' title='bbox 264 1184 380 1243; x_wconf 83' lang='lat' dir='ltr'>admitti</span> <span class='ocrx_word' id='word_1_46' title='bbox 400 1185 485 1261; x_wconf 90' lang='lat' dir='ltr'>petit,</span> <span class='ocrx_word' id='word_1_47' title='bbox 508 1184 625 1244; x_wconf 91' lang='lat' dir='ltr'>omnino</span> <span class='ocrx_word' id='word_1_48' title='bbox 647 1185 762 1244; x_wconf 77' lang='lat' dir='ltr'>resistit</span> <span class='ocrx_word' id='word_1_49' title='bbox 782 1204 828 1254; x_wconf 88' lang='lat' dir='ltr'>ac,</span> <span class='ocrx_word' id='word_1_50' title='bbox 850 1185 966 1260; x_wconf 90' lang='lat' dir='ltr'>quoties</span> <span class='ocrx_word' id='word_1_51' title='bbox 989 1183 1174 1245; x_wconf 88' lang='lat' dir='ltr'>acatechesi</span> <span class='ocrx_word' id='word_1_52' title='bbox 1194 1183 1313 1243; x_wconf 86' lang='lat' dir='ltr'>domum</span> <span class='ocrx_word' id='word_1_53' title='bbox 1334 1184 1469 1243; x_wconf 87' lang='lat' dir='ltr'>reducem</span> 
     </span>
     <span class='ocr_line' id='line_1_9' title="bbox 137 1263 1468 1342; baseline 0 -18"><span class='ocrx_word' id='word_1_54' title='bbox 137 1265 220 1324; x_wconf 88' lang='lat' dir='ltr'>videt</span> <span class='ocrx_word' id='word_1_55' title='bbox 240 1264 353 1334; x_wconf 88' lang='lat' dir='ltr'>virum,</span> <span class='ocrx_word' id='word_1_56' title='bbox 383 1269 569 1341; x_wconf 88' lang='lat' dir='ltr'>protestatur</span> <span class='ocrx_word' id='word_1_57' title='bbox 589 1284 623 1325; x_wconf 88' lang='lat' dir='ltr'>se</span> <span class='ocrx_word' id='word_1_58' title='bbox 645 1284 711 1324; x_wconf 87' lang='lat' dir='ltr'>curn</span> <span class='ocrx_word' id='word_1_59' title='bbox 732 1263 895 1324; x_wconf 86' lang='lat' dir='ltr'>christiano</span> <span class='ocrx_word' id='word_1_60' title='bbox 926 1264 1013 1323; x_wconf 90' lang='lat' dir='ltr'>simul</span> <span class='ocrx_word' id='word_1_61' title='bbox 1034 1264 1138 1324; x_wconf 84' lang='lat' dir='ltr'>rivere</span> <span class='ocrx_word' id='word_1_62' title='bbox 1158 1263 1255 1334; x_wconf 85' lang='lat' dir='ltr'>nolle;</span> <span class='ocrx_word' id='word_1_63' title='bbox 1287 1263 1380 1324; x_wconf 90' lang='lat' dir='ltr'>immo</span> <span class='ocrx_word' id='word_1_64' title='bbox 1409 1265 1468 1342; x_wconf 90' lang='lat' dir='ltr'>ipso</span> 
     </span>
     <span class='ocr_line' id='line_1_10' title="bbox 140 1343 1469 1421; baseline 0 -18"><span class='ocrx_word' id='word_1_65' title='bbox 140 1344 186 1403; x_wconf 93' lang='lat' dir='ltr'>die</span> <span class='ocrx_word' id='word_1_66' title='bbox 208 1365 264 1421; x_wconf 88' lang='lat' dir='ltr'>quo</span> <span class='ocrx_word' id='word_1_67' title='bbox 281 1345 395 1402; x_wconf 87' lang='lat' dir='ltr'>demum</span> <span class='ocrx_word' id='word_1_68' title='bbox 411 1343 587 1421; x_wconf 90' lang='lat' dir='ltr'>baptizatur,</span> <span class='ocrx_word' id='word_1_69' title='bbox 610 1365 669 1404; x_wconf 91' lang='lat' dir='ltr'>non</span> <span class='ocrx_word' id='word_1_70' title='bbox 684 1349 859 1421; x_wconf 85' lang='lat' dir='ltr'>exspectato</span> <span class='ocrx_word' id='word_1_71' title='bbox 882 1344 946 1403; x_wconf 85' lang='lat' dir='ltr'>eius</span> <span class='ocrx_word' id='word_1_72' title='bbox 967 1343 1073 1415; x_wconf 89' lang='lat' dir='ltr'>reditu,</span> <span class='ocrx_word' id='word_1_73' title='bbox 1095 1343 1215 1404; x_wconf 86' lang='lat' dir='ltr'>recedit.</span> <span class='ocrx_word' id='word_1_74' title='bbox 1244 1343 1357 1404; x_wconf 85' lang='lat' dir='ltr'>Petrus</span> <span class='ocrx_word' id='word_1_75' title='bbox 1375 1350 1469 1404; x_wconf 88' lang='lat' dir='ltr'>autem</span> 
     </span>
     <span class='ocr_line' id='line_1_11' title="bbox 138 1424 1468 1501; baseline 0 -18"><span class='ocrx_word' id='word_1_76' title='bbox 138 1445 208 1484; x_wconf 89' lang='lat' dir='ltr'>mox</span> <span class='ocrx_word' id='word_1_77' title='bbox 234 1425 333 1484; x_wconf 88' lang='lat' dir='ltr'>deficit</span> <span class='ocrx_word' id='word_1_78' title='bbox 359 1425 396 1483; x_wconf 91' lang='lat' dir='ltr'>ad</span> <span class='ocrx_word' id='word_1_79' title='bbox 425 1430 537 1483; x_wconf 86' lang='lat' dir='ltr'>sectam</span> <span class='ocrx_word' id='word_1_80' title='bbox 567 1425 764 1484; x_wconf 87' lang='lat' dir='ltr'>acatholicam</span> <span class='ocrx_word' id='word_1_81' title='bbox 795 1426 894 1500; x_wconf 88' lang='lat' dir='ltr'>ibique</span> <span class='ocrx_word' id='word_1_82' title='bbox 915 1426 1033 1483; x_wconf 82' lang='lat' dir='ltr'>Annam</span> <span class='ocrx_word' id='word_1_83' title='bbox 1064 1424 1159 1495; x_wconf 86' lang='lat' dir='ltr'>ducit,</span> <span class='ocrx_word' id='word_1_84' title='bbox 1188 1442 1265 1501; x_wconf 86' lang='lat' dir='ltr'>quae</span> <span class='ocrx_word' id='word_1_85' title='bbox 1287 1425 1327 1482; x_wconf 86' lang='lat' dir='ltr'>ad</span> <span class='ocrx_word' id='word_1_86' title='bbox 1350 1425 1468 1483; x_wconf 89' lang='lat' dir='ltr'>eandem</span> 
     </span>
     <span class='ocr_line' id='line_1_12' title="bbox 138 1504 1468 1582; baseline -0.001 -18"><span class='ocrx_word' id='word_1_87' title='bbox 138 1510 250 1564; x_wconf 88' lang='lat' dir='ltr'>sectam</span> <span class='ocrx_word' id='word_1_88' title='bbox 279 1506 442 1564; x_wconf 80' lang='lat' dir='ltr'>transierat</span> <span class='ocrx_word' id='word_1_89' title='bbox 468 1513 499 1564; x_wconf 91' lang='lat' dir='ltr'>et</span> <span class='ocrx_word' id='word_1_90' title='bbox 527 1510 685 1582; x_wconf 90' lang='lat' dir='ltr'>propterea</span> <span class='ocrx_word' id='word_1_91' title='bbox 714 1525 731 1563; x_wconf 88' lang='lat' dir='ltr'>a</span> <span class='ocrx_word' id='word_1_92' title='bbox 760 1504 864 1565; x_wconf 82' lang='lat' dir='ltr'>Flavio</span> <span class='ocrx_word' id='word_1_93' title='bbox 890 1504 954 1563; x_wconf 92' lang='lat' dir='ltr'>viro</span> <span class='ocrx_word' id='word_1_94' title='bbox 983 1504 1102 1564; x_wconf 87' lang='lat' dir='ltr'>ethnico</span> <span class='ocrx_word' id='word_1_95' title='bbox 1130 1509 1195 1564; x_wconf 84' lang='lat' dir='ltr'>erat</span> <span class='ocrx_word' id='word_1_96' title='bbox 1223 1504 1359 1565; x_wconf 87' lang='lat' dir='ltr'>dimissa.</span> <span class='ocrx_word' id='word_1_97' title='bbox 1403 1505 1468 1564; x_wconf 88' lang='lat' dir='ltr'>Post</span> 
     </span>
     <span class='ocr_line' id='line_1_13' title="bbox 138 1583 1466 1663; baseline 0 -20"><span class='ocrx_word' id='word_1_98' title='bbox 138 1604 257 1655; x_wconf 89' lang='lat' dir='ltr'>annum,</span> <span class='ocrx_word' id='word_1_99' title='bbox 280 1585 426 1644; x_wconf 82' lang='lat' dir='ltr'>catholico</span> <span class='ocrx_word' id='word_1_100' title='bbox 447 1585 636 1644; x_wconf 85' lang='lat' dir='ltr'>missionario</span> <span class='ocrx_word' id='word_1_101' title='bbox 658 1585 745 1644; x_wconf 86' lang='lat' dir='ltr'>fidem</span> <span class='ocrx_word' id='word_1_102' title='bbox 766 1585 974 1661; x_wconf 87' lang='lat' dir='ltr'>praedicante,</span> <span class='ocrx_word' id='word_1_103' title='bbox 996 1605 1056 1643; x_wconf 91' lang='lat' dir='ltr'>non</span> <span class='ocrx_word' id='word_1_104' title='bbox 1077 1584 1172 1644; x_wconf 90' lang='lat' dir='ltr'>solum</span> <span class='ocrx_word' id='word_1_105' title='bbox 1192 1583 1303 1644; x_wconf 86' lang='lat' dir='ltr'>Petrus</span> <span class='ocrx_word' id='word_1_106' title='bbox 1324 1585 1410 1663; x_wconf 86' lang='lat' dir='ltr'>cupit</span> <span class='ocrx_word' id='word_1_107' title='bbox 1427 1605 1466 1643; x_wconf 89' lang='lat' dir='ltr'>re·</span> 
     </span>
     <span class='ocr_line' id='line_1_14' title="bbox 139 1664 1465 1743; baseline 0 -19"><span class='ocrx_word' id='word_1_108' title='bbox 139 1666 376 1724; x_wconf 84' lang='lat' dir='ltr'>conciliationem</span> <span class='ocrx_word' id='word_1_109' title='bbox 405 1684 471 1723; x_wconf 90' lang='lat' dir='ltr'>cum</span> <span class='ocrx_word' id='word_1_110' title='bbox 492 1666 644 1736; x_wconf 82' lang='lat' dir='ltr'>Ecclesia,</span> <span class='ocrx_word' id='word_1_111' title='bbox 674 1666 727 1724; x_wconf 91' lang='lat' dir='ltr'>sed</span> <span class='ocrx_word' id='word_1_112' title='bbox 755 1665 845 1725; x_wconf 88' lang='lat' dir='ltr'>etiam</span> <span class='ocrx_word' id='word_1_113' title='bbox 866 1668 955 1724; x_wconf 90' lang='lat' dir='ltr'>Anna</span> <span class='ocrx_word' id='word_1_114' title='bbox 983 1672 1014 1724; x_wconf 91' lang='lat' dir='ltr'>et</span> <span class='ocrx_word' id='word_1_115' title='bbox 1034 1664 1155 1725; x_wconf 76' lang='lat' dir='ltr'>Getulis</span> <span class='ocrx_word' id='word_1_116' title='bbox 1175 1669 1206 1724; x_wconf 90' lang='lat' dir='ltr'>et</span> <span class='ocrx_word' id='word_1_117' title='bbox 1226 1664 1353 1725; x_wconf 79' lang='lat' dir='ltr'>Flavius</span> <span class='ocrx_word' id='word_1_118' title='bbox 1375 1666 1465 1743; x_wconf 87' lang='lat' dir='ltr'>parati</span> 
     </span>
     <span class='ocr_line' id='line_1_15' title="bbox 138 1743 1465 1822; baseline -0.002 -17"><span class='ocrx_word' id='word_1_119' title='bbox 138 1751 209 1805; x_wconf 89' lang='lat' dir='ltr'>sunt</span> <span class='ocrx_word' id='word_1_120' title='bbox 236 1747 273 1804; x_wconf 87' lang='lat' dir='ltr'>ad</span> <span class='ocrx_word' id='word_1_121' title='bbox 302 1745 389 1804; x_wconf 88' lang='lat' dir='ltr'>fidem</span> <span class='ocrx_word' id='word_1_122' title='bbox 417 1744 596 1804; x_wconf 85' lang='lat' dir='ltr'>catholicam</span> <span class='ocrx_word' id='word_1_123' title='bbox 621 1745 827 1822; x_wconf 87' lang='lat' dir='ltr'>profitendam.</span> <span class='ocrx_word' id='word_1_124' title='bbox 868 1744 933 1804; x_wconf 91' lang='lat' dir='ltr'>lam</span> <span class='ocrx_word' id='word_1_125' title='bbox 958 1743 1110 1821; x_wconf 90' lang='lat' dir='ltr'>quaeritur</span> <span class='ocrx_word' id='word_1_126' title='bbox 1137 1744 1244 1821; x_wconf 90' lang='lat' dir='ltr'>quibus</span> <span class='ocrx_word' id='word_1_127' title='bbox 1272 1745 1465 1805; x_wconf 85' lang='lat' dir='ltr'>matrimoniis</span> 
     </span>
     <span class='ocr_line' id='line_1_16' title="bbox 137 1824 678 1897; baseline 0 -13"><span class='ocrx_word' id='word_1_128' title='bbox 137 1845 216 1885; x_wconf 90' lang='lat' dir='ltr'>nunc</span> <span class='ocrx_word' id='word_1_129' title='bbox 238 1825 375 1885; x_wconf 86' lang='lat' dir='ltr'>standum</span> <span class='ocrx_word' id='word_1_130' title='bbox 397 1824 452 1897; x_wconf 89' lang='lat' dir='ltr'>sit;</span> <span class='ocrx_word' id='word_1_131' title='bbox 474 1825 542 1884; x_wconf 86' lang='lat' dir='ltr'>aliis</span> <span class='ocrx_word' id='word_1_132' title='bbox 562 1824 678 1884; x_wconf 86' lang='lat' dir='ltr'>verbis:</span> 
     </span>
    </p>
   </div>
   <div class='ocr_carea' id='block_1_5' title="bbox 138 1937 1270 2193">
    <p class='ocr_par' dir='ltr' id='par_1_5' title="bbox 138 1937 1270 2193">
     <span class='ocr_line' id='line_1_17' title="bbox 138 1937 1270 2015; baseline 0 -15"><span class='ocrx_word' id='word_1_133' title='bbox 138 1940 316 2012; x_wconf 63' lang='lat' dir='ltr'>bassanus</span> <span class='ocrx_word' id='word_1_134' title='bbox 337 1941 366 1998; x_wconf 83' lang='grc' dir='ltr'>1ο</span> <span class='ocrx_word' id='word_1_135' title='bbox 387 1938 456 2015; x_wconf 92' lang='lat' dir='ltr'>quid</span> <span class='ocrx_word' id='word_1_136' title='bbox 477 1939 517 1997; x_wconf 92' lang='lat' dir='ltr'>sit</span> <span class='ocrx_word' id='word_1_137' title='bbox 538 1938 726 2015; x_wconf 82' lang='lat' dir='ltr'>privilegium</span> <span class='ocrx_word' id='word_1_138' title='bbox 747 1937 904 1997; x_wconf 90' lang='lat' dir='ltr'>Paulinum</span> <span class='ocrx_word' id='word_1_139' title='bbox 927 1944 957 1998; x_wconf 92' lang='lat' dir='ltr'>et</span> <span class='ocrx_word' id='word_1_140' title='bbox 978 1937 1045 2015; x_wconf 89' lang='lat' dir='ltr'>quis</span> <span class='ocrx_word' id='word_1_141' title='bbox 1066 1937 1131 1998; x_wconf 89' lang='lat' dir='ltr'>eius</span> <span class='ocrx_word' id='word_1_142' title='bbox 1152 1958 1270 2000; x_wconf 86' lang='lat' dir='ltr'>sensus.</span> 
     </span>
     <span class='ocr_line' id='line_1_18' title="bbox 340 2027 1258 2105; baseline 0.003 -19"><span class='ocrx_word' id='word_1_143' title='bbox 340 2030 371 2086; x_wconf 69' lang='grc' dir='ltr'>2ο</span> <span class='ocrx_word' id='word_1_144' title='bbox 391 2027 581 2105; x_wconf 88' lang='lat' dir='ltr'>potuerintne</span> <span class='ocrx_word' id='word_1_145' title='bbox 601 2028 708 2087; x_wconf 89' lang='lat' dir='ltr'>Petrus</span> <span class='ocrx_word' id='word_1_146' title='bbox 730 2032 818 2103; x_wconf 87' lang='lat' dir='ltr'>atque</span> <span class='ocrx_word' id='word_1_147' title='bbox 839 2028 928 2086; x_wconf 87' lang='lat' dir='ltr'>Anna</span> <span class='ocrx_word' id='word_1_148' title='bbox 948 2027 1004 2086; x_wconf 91' lang='lat' dir='ltr'>hoc</span> <span class='ocrx_word' id='word_1_149' title='bbox 1026 2027 1183 2104; x_wconf 85' lang='lat' dir='ltr'>privilegio</span> <span class='ocrx_word' id='word_1_150' title='bbox 1204 2027 1258 2089; x_wconf 90' lang='lat' dir='ltr'>uti.</span> 
     </span>
     <span class='ocr_line' id='line_1_19' title="bbox 338 2115 1040 2193; baseline 0 -16"><span class='ocrx_word' id='word_1_151' title='bbox 338 2118 369 2177; x_wconf 80' lang='lat'>3⁰</span> <span class='ocrx_word' id='word_1_152' title='bbox 390 2116 458 2192; x_wconf 89' lang='lat' dir='ltr'>quid</span> <span class='ocrx_word' id='word_1_153' title='bbox 480 2117 612 2193; x_wconf 88' lang='lat' dir='ltr'>practice</span> <span class='ocrx_word' id='word_1_154' title='bbox 634 2116 671 2175; x_wconf 89' lang='lat' dir='ltr'>ad</span> <span class='ocrx_word' id='word_1_155' title='bbox 693 2136 795 2175; x_wconf 89' lang='lat' dir='ltr'>casum</span> <span class='ocrx_word' id='word_1_156' title='bbox 817 2115 971 2175; x_wconf 90' lang='lat' dir='ltr'>dicendum</span> <span class='ocrx_word' id='word_1_157' title='bbox 992 2116 1040 2177; x_wconf 89' lang='lat' dir='ltr'>sit.</span> 
     </span>
    </p>
   </div>
   <div class='ocr_carea' id='block_1_6' title="bbox 735 2299 870 2367">
    <p class='ocr_par' dir='ltr' id='par_1_6' title="bbox 735 2299 870 2367">
     <span class='ocr_line' id='line_1_20' title="bbox 735 2299 870 2367; baseline -0.008 0"><span class='ocrx_word' id='word_1_158' title='bbox 735 2299 870 2367; x_wconf 88' lang='lat' dir='ltr'>Solutio.</span> 
     </span>
    </p>
   </div>
   <div class='ocr_carea' id='block_1_7' title="bbox 76 2440 1508 2974">
    <p class='ocr_par' dir='ltr' id='par_1_7' title="bbox 76 2440 1508 2974">
     <span class='ocr_line' id='line_1_21' title="bbox 76 2440 1508 2526; baseline -0.004 -10"><span class='ocrx_word' id='word_1_159' title='bbox 76 2461 128 2516; x_wconf 87' lang='lat'>889</span> <span class='ocrx_word' id='word_1_160' title='bbox 226 2444 280 2506; x_wconf 84' lang='lat' dir='ltr'>Ao</span> <span class='ocrx_word' id='word_1_161' title='bbox 303 2446 537 2517; x_wconf 76' lang='lat' dir='ltr'>ousasrrurrl</span> <span class='ocrx_word' id='word_1_162' title='bbox 522 2441 663 2508; x_wconf 75' lang='lat' dir='ltr'>1¹⁰le</span> <span class='ocrx_word' id='word_1_163' title='bbox 698 2440 911 2523; x_wconf 88' lang='lat' dir='ltr'>Privilegium</span> <span class='ocrx_word' id='word_1_164' title='bbox 927 2442 1102 2507; x_wconf 80' lang='lat' dir='ltr'>Paulinam</span> <span class='ocrx_word' id='word_1_165' title='bbox 1126 2441 1159 2523; x_wconf 90' lang='grc'>(1</span> <span class='ocrx_word' id='word_1_166' title='bbox 1177 2440 1299 2520; x_wconf 81' lang='lat' dir='ltr'>Oor.,7</span> <span class='ocrx_word' id='word_1_167' title='bbox 1327 2447 1368 2509; x_wconf 84' lang='lat'>12</span> <span class='ocrx_word' id='word_1_168' title='bbox 1385 2445 1463 2526; x_wconf 79' lang='lat' dir='ltr'>sqq.)</span> <span class='ocrx_word' id='word_1_169' title='bbox 1506 2462 1508 2525; x_wconf 64' lang='lat' dir='ltr'>l</span> 
     </span>
     <span class='ocr_line' id='line_1_22' title="bbox 137 2530 1462 2615; baseline 0.001 -20"><span class='ocrx_word' id='word_1_170' title='bbox 137 2530 194 2596; x_wconf 88' lang='lat' dir='ltr'>illa</span> <span class='ocrx_word' id='word_1_171' title='bbox 216 2534 267 2595; x_wconf 91' lang='lat' dir='ltr'>est</span> <span class='ocrx_word' id='word_1_172' title='bbox 288 2530 431 2595; x_wconf 85' lang='lat' dir='ltr'>facultas</span> <span class='ocrx_word' id='word_1_173' title='bbox 455 2551 519 2612; x_wconf 91' lang='lat' dir='ltr'>qua</span> <span class='ocrx_word' id='word_1_174' title='bbox 541 2531 660 2596; x_wconf 85' lang='lat' dir='ltr'>coniux</span> <span class='ocrx_word' id='word_1_175' title='bbox 681 2530 867 2614; x_wconf 87' lang='lat' dir='ltr'>baptizatus</span> <span class='ocrx_word' id='word_1_176' title='bbox 888 2535 1025 2613; x_wconf 88' lang='lat' dir='ltr'>propter</span> <span class='ocrx_word' id='word_1_177' title='bbox 1046 2530 1227 2595; x_wconf 83' lang='lat' dir='ltr'>discessum</span> <span class='ocrx_word' id='word_1_178' title='bbox 1250 2531 1400 2615; x_wconf 81' lang='lat' dir='ltr'>coniugis</span> <span class='ocrx_word' id='word_1_179' title='bbox 1419 2532 1462 2597; x_wconf 93' lang='lat' dir='ltr'>in·</span> 
     </span>
     <span class='ocr_line' id='line_1_23' title="bbox 136 2618 1508 2705; baseline 0.002 -22"><span class='ocrx_word' id='word_1_180' title='bbox 136 2619 252 2697; x_wconf 88' lang='lat' dir='ltr'>fidelis,</span> <span class='ocrx_word' id='word_1_181' title='bbox 276 2640 336 2684; x_wconf 89' lang='lat' dir='ltr'>seu</span> <span class='ocrx_word' id='word_1_182' title='bbox 359 2623 535 2703; x_wconf 89' lang='lat' dir='ltr'>propterea</span> <span class='ocrx_word' id='word_1_183' title='bbox 550 2620 636 2701; x_wconf 93' lang='lat' dir='ltr'>quod</span> <span class='ocrx_word' id='word_1_184' title='bbox 653 2620 772 2684; x_wconf 85' lang='lat' dir='ltr'>coniux</span> <span class='ocrx_word' id='word_1_185' title='bbox 795 2618 934 2684; x_wconf 88' lang='lat' dir='ltr'>infidelis</span> <span class='ocrx_word' id='word_1_186' title='bbox 953 2619 1036 2685; x_wconf 91' lang='lat' dir='ltr'>nolit</span> <span class='ocrx_word' id='word_1_187' title='bbox 1021 2624 1133 2685; x_wconf 88' lang='lat' dir='ltr'>tcum</span> <span class='ocrx_word' id='word_1_188' title='bbox 1150 2619 1318 2703; x_wconf 89' lang='lat' dir='ltr'>baptizato</span> <span class='ocrx_word' id='word_1_189' title='bbox 1334 2622 1463 2705; x_wconf 85' lang='lat' dir='ltr'>pacifice</span> <span class='ocrx_word' id='word_1_190' title='bbox 1506 2618 1508 2645; x_wconf 81' lang='lat'>²</span> 
     </span>
     <span class='ocr_line' id='line_1_24' title="bbox 137 2669 1463 2794; baseline 0.001 -21"><span class='ocrx_word' id='word_1_191' title='bbox 137 2669 269 2774; x_wconf 89' lang='lat' dir='ltr'>oohabit</span> <span class='ocrx_word' id='word_1_192' title='bbox 255 2713 343 2783; x_wconf 86' lang='lat' dir='ltr'>tare,</span> <span class='ocrx_word' id='word_1_193' title='bbox 373 2709 495 2775; x_wconf 87' lang='lat' dir='ltr'>habeat</span> <span class='ocrx_word' id='word_1_194' title='bbox 481 2713 657 2792; x_wconf 88' lang='lat' dir='ltr'>ttpotesa</span> <span class='ocrx_word' id='word_1_195' title='bbox 637 2714 725 2775; x_wconf 88' lang='lat' dir='ltr'>atem</span> <span class='ocrx_word' id='word_1_196' title='bbox 755 2729 876 2773; x_wconf 85' lang='lat' dir='ltr'>novum</span> <span class='ocrx_word' id='word_1_197' title='bbox 907 2708 989 2772; x_wconf 90' lang='lat' dir='ltr'>inire</span> <span class='ocrx_word' id='word_1_198' title='bbox 1012 2706 1255 2774; x_wconf 86' lang='lat' dir='ltr'>matrimonium</span> <span class='ocrx_word' id='word_1_199' title='bbox 1285 2714 1388 2794; x_wconf 89' lang='lat' dir='ltr'>atque</span> <span class='ocrx_word' id='word_1_200' title='bbox 1410 2732 1463 2794; x_wconf 92' lang='lat' dir='ltr'>per</span> 
     </span>
     <span class='ocr_line' id='line_1_25' title="bbox 136 2797 1463 2881; baseline 0.003 -19"><span class='ocrx_word' id='word_1_201' title='bbox 136 2818 257 2862; x_wconf 91' lang='lat' dir='ltr'>novum</span> <span class='ocrx_word' id='word_1_202' title='bbox 280 2797 522 2864; x_wconf 89' lang='lat' dir='ltr'>matrimonium</span> <span class='ocrx_word' id='word_1_203' title='bbox 555 2799 684 2863; x_wconf 89' lang='lat' dir='ltr'>solvere</span> <span class='ocrx_word' id='word_1_204' title='bbox 714 2797 956 2864; x_wconf 89' lang='lat' dir='ltr'>matrimonium</span> <span class='ocrx_word' id='word_1_205' title='bbox 986 2798 1085 2881; x_wconf 90' lang='lat' dir='ltr'>prius.</span> <span class='ocrx_word' id='word_1_206' title='bbox 1132 2798 1225 2864; x_wconf 86' lang='lat' dir='ltr'>Haec</span> <span class='ocrx_word' id='word_1_207' title='bbox 1256 2804 1308 2866; x_wconf 88' lang='lat' dir='ltr'>est</span> <span class='ocrx_word' id='word_1_208' title='bbox 1330 2800 1463 2866; x_wconf 84' lang='lat' dir='ltr'>libertas</span> 
     </span>
     <span class='ocr_line' id='line_1_26' title="bbox 136 2887 884 2974; baseline 0.001 -23"><span class='ocrx_word' id='word_1_209' title='bbox 136 2887 169 2952; x_wconf 94' lang='lat' dir='ltr'>in</span> <span class='ocrx_word' id='word_1_210' title='bbox 195 2888 342 2952; x_wconf 84' lang='lat' dir='ltr'>favorem</span> <span class='ocrx_word' id='word_1_211' title='bbox 365 2888 444 2972; x_wconf 72' lang='lat' dir='ltr'>fidei</span> <span class='ocrx_word' id='word_1_212' title='bbox 466 2909 524 2952; x_wconf 90' lang='lat' dir='ltr'>seu</span> <span class='ocrx_word' id='word_1_213' title='bbox 548 2887 698 2974; x_wconf 80' lang='lat' dir='ltr'>baptismi</span> <span class='ocrx_word' id='word_1_214' title='bbox 721 2907 884 2952; x_wconf 88' lang='lat' dir='ltr'>concessa.</span> 
     </span>
    </p>
   </div>
   <div class='ocr_carea' id='block_1_8' title="bbox 74 2983 1465 4502">
    <p class='ocr_par' dir='ltr' id='par_1_8' title="bbox 135 2983 1465 3782">
     <span class='ocr_line' id='line_1_27' title="bbox 225 2983 1463 3062; baseline 0.001 -13"><span class='ocrx_word' id='word_1_215' title='bbox 225 2986 264 3051; x_wconf 92' lang='lat' dir='ltr'>R.</span> <span class='ocrx_word' id='word_1_216' title='bbox 290 2988 320 3051; x_wconf 84' lang='lat'>2.</span> <span class='ocrx_word' id='word_1_217' title='bbox 358 2985 530 3050; x_wconf 86' lang='lat' dir='ltr'>Discessus</span> <span class='ocrx_word' id='word_1_218' title='bbox 546 2984 601 3049; x_wconf 92' lang='lat' dir='ltr'>ille</span> <span class='ocrx_word' id='word_1_219' title='bbox 616 2986 757 3050; x_wconf 91' lang='lat' dir='ltr'>nondum</span> <span class='ocrx_word' id='word_1_220' title='bbox 782 2983 882 3050; x_wconf 91' lang='lat' dir='ltr'>solvit</span> <span class='ocrx_word' id='word_1_221' title='bbox 905 2984 1156 3062; x_wconf 84' lang='lat' dir='ltr'>matrimonium,</span> <span class='ocrx_word' id='word_1_222' title='bbox 1181 2985 1239 3051; x_wconf 90' lang='lat' dir='ltr'>sed</span> <span class='ocrx_word' id='word_1_223' title='bbox 1262 2985 1334 3050; x_wconf 92' lang='lat' dir='ltr'>solo</span> <span class='ocrx_word' id='word_1_224' title='bbox 1354 2986 1463 3053; x_wconf 86' lang='lat' dir='ltr'>matri·</span> 
     </span>
     <span class='ocr_line' id='line_1_28' title="bbox 137 3073 1462 3159; baseline 0.002 -21"><span class='ocrx_word' id='word_1_225' title='bbox 137 3075 244 3139; x_wconf 89' lang='lat' dir='ltr'>monio</span> <span class='ocrx_word' id='word_1_226' title='bbox 268 3073 333 3140; x_wconf 90' lang='lat' dir='ltr'>alio</span> <span class='ocrx_word' id='word_1_227' title='bbox 357 3096 377 3139; x_wconf 91' lang='lat' dir='ltr'>a</span> <span class='ocrx_word' id='word_1_228' title='bbox 401 3079 496 3158; x_wconf 85' lang='lat' dir='ltr'>parte</span> <span class='ocrx_word' id='word_1_229' title='bbox 519 3074 676 3157; x_wconf 87' lang='lat' dir='ltr'>baptizati</span> <span class='ocrx_word' id='word_1_230' title='bbox 694 3073 839 3156; x_wconf 87' lang='lat' dir='ltr'>legitime</span> <span class='ocrx_word' id='word_1_231' title='bbox 855 3073 936 3139; x_wconf 89' lang='lat' dir='ltr'>inito</span> <span class='ocrx_word' id='word_1_232' title='bbox 951 3074 1092 3138; x_wconf 86' lang='lat' dir='ltr'>solvitur</span> <span class='ocrx_word' id='word_1_233' title='bbox 1108 3073 1353 3140; x_wconf 87' lang='lat' dir='ltr'>matrimonium</span> <span class='ocrx_word' id='word_1_234' title='bbox 1368 3076 1462 3159; x_wconf 89' lang='lat' dir='ltr'>prius.</span> 
     </span>
     <span class='ocr_line' id='line_1_29' title="bbox 137 3162 1464 3246; baseline 0.002 -18"><span class='ocrx_word' id='word_1_235' title='bbox 137 3164 309 3229; x_wconf 86' lang='lat' dir='ltr'>Discessus</span> <span class='ocrx_word' id='word_1_236' title='bbox 333 3169 443 3230; x_wconf 87' lang='lat' dir='ltr'>autern</span> <span class='ocrx_word' id='word_1_237' title='bbox 462 3162 667 3246; x_wconf 87' lang='lat' dir='ltr'>intellegitur</span> <span class='ocrx_word' id='word_1_238' title='bbox 682 3163 735 3227; x_wconf 92' lang='lat' dir='ltr'>vel</span> <span class='ocrx_word' id='word_1_239' title='bbox 758 3162 857 3228; x_wconf 90' lang='lat' dir='ltr'>realis</span> <span class='ocrx_word' id='word_1_240' title='bbox 874 3165 1111 3244; x_wconf 79' lang='lat' dir='ltr'>discessusque</span> <span class='ocrx_word' id='word_1_241' title='bbox 1128 3162 1297 3229; x_wconf 87' lang='lat' dir='ltr'>discedens</span> <span class='ocrx_word' id='word_1_242' title='bbox 1313 3165 1464 3230; x_wconf 90' lang='lat' dir='ltr'>ostendat</span> 
     </span>
     <span class='ocr_line' id='line_1_30' title="bbox 137 3251 1463 3336; baseline -0.001 -18"><span class='ocrx_word' id='word_1_243' title='bbox 137 3273 173 3318; x_wconf 88' lang='lat' dir='ltr'>se</span> <span class='ocrx_word' id='word_1_244' title='bbox 197 3253 284 3317; x_wconf 89' lang='lat' dir='ltr'>nolle</span> <span class='ocrx_word' id='word_1_245' title='bbox 309 3274 381 3317; x_wconf 90' lang='lat' dir='ltr'>cum</span> <span class='ocrx_word' id='word_1_246' title='bbox 405 3257 501 3336; x_wconf 86' lang='lat' dir='ltr'>parte</span> <span class='ocrx_word' id='word_1_247' title='bbox 525 3252 610 3317; x_wconf 89' lang='lat' dir='ltr'>fideli</span> <span class='ocrx_word' id='word_1_248' title='bbox 636 3251 776 3335; x_wconf 90' lang='lat' dir='ltr'>amplius</span> <span class='ocrx_word' id='word_1_249' title='bbox 800 3251 984 3329; x_wconf 87' lang='lat' dir='ltr'>convivere,</span> <span class='ocrx_word' id='word_1_250' title='bbox 1009 3251 1080 3316; x_wconf 87' lang='lat' dir='ltr'>sive</span> <span class='ocrx_word' id='word_1_251' title='bbox 1095 3251 1157 3316; x_wconf 90' lang='lat' dir='ltr'>hoc</span> <span class='ocrx_word' id='word_1_252' title='bbox 1172 3254 1210 3317; x_wconf 89' lang='lat' dir='ltr'>fit</span> <span class='ocrx_word' id='word_1_253' title='bbox 1232 3272 1275 3317; x_wconf 88' lang='lat' dir='ltr'>ex</span> <span class='ocrx_word' id='word_1_254' title='bbox 1299 3252 1375 3319; x_wconf 92' lang='lat' dir='ltr'>odio</span> <span class='ocrx_word' id='word_1_255' title='bbox 1394 3253 1463 3318; x_wconf 87' lang='lat' dir='ltr'>fidei</span> 
     </span>
     <span class='ocr_line' id='line_1_31' title="bbox 136 3340 1464 3424; baseline 0.002 -18"><span class='ocrx_word' id='word_1_256' title='bbox 136 3341 208 3407; x_wconf 90' lang='lat' dir='ltr'>sive</span> <span class='ocrx_word' id='word_1_257' title='bbox 241 3363 283 3406; x_wconf 85' lang='lat' dir='ltr'>ex</span> <span class='ocrx_word' id='word_1_258' title='bbox 315 3343 382 3408; x_wconf 88' lang='lat' dir='ltr'>alia</span> <span class='ocrx_word' id='word_1_259' title='bbox 412 3363 528 3419; x_wconf 85' lang='lat' dir='ltr'>causa,</span> <span class='ocrx_word' id='word_1_260' title='bbox 565 3340 657 3406; x_wconf 90' lang='lat' dir='ltr'>cuius</span> <span class='ocrx_word' id='word_1_261' title='bbox 691 3362 806 3406; x_wconf 86' lang='lat' dir='ltr'>ansam</span> <span class='ocrx_word' id='word_1_262' title='bbox 838 3340 959 3405; x_wconf 87' lang='lat' dir='ltr'>iustam</span> <span class='ocrx_word' id='word_1_263' title='bbox 991 3362 1068 3424; x_wconf 89' lang='lat' dir='ltr'>pars</span> <span class='ocrx_word' id='word_1_264' title='bbox 1100 3341 1206 3406; x_wconf 87' lang='lat' dir='ltr'>fidelis</span> <span class='ocrx_word' id='word_1_265' title='bbox 1240 3363 1305 3407; x_wconf 90' lang='lat' dir='ltr'>non</span> <span class='ocrx_word' id='word_1_266' title='bbox 1341 3343 1464 3409; x_wconf 85' lang='lat' dir='ltr'>dederit</span> 
     </span>
     <span class='ocr_line' id='line_1_32' title="bbox 137 3428 1465 3519; baseline 0.003 -26"><span class='ocrx_word' id='word_1_267' title='bbox 137 3428 192 3510; x_wconf 83' lang='lat' dir='ltr'>(cf.</span> <span class='ocrx_word' id='word_1_268' title='bbox 218 3434 251 3497; x_wconf 87' lang='lat' dir='ltr'>S.</span> <span class='ocrx_word' id='word_1_269' title='bbox 278 3430 338 3513; x_wconf 78' lang='lat' dir='ltr'>Off.</span> <span class='ocrx_word' id='word_1_270' title='bbox 367 3435 382 3496; x_wconf 92' lang='lat' dir='ltr'>l</span> <span class='ocrx_word' id='word_1_271' title='bbox 408 3431 493 3514; x_wconf 85' lang='lat' dir='ltr'>Aug.</span> <span class='ocrx_word' id='word_1_272' title='bbox 522 3433 606 3495; x_wconf 83' lang='lat'>1759</span> <span class='ocrx_word' id='word_1_273' title='bbox 631 3430 664 3494; x_wconf 88' lang='lat' dir='ltr'>in</span> <span class='ocrx_word' id='word_1_274' title='bbox 692 3431 747 3496; x_wconf 77' lang='lat' dir='ltr'>lb.</span> <span class='ocrx_word' id='word_1_275' title='bbox 773 3453 812 3495; x_wconf 86' lang='lat' dir='ltr'>m.</span> <span class='ocrx_word' id='word_1_276' title='bbox 837 3429 878 3507; x_wconf 93' lang='lat' dir='ltr'>ll,</span> <span class='ocrx_word' id='word_1_277' title='bbox 905 3429 999 3509; x_wconf 68' lang='lat' dir='ltr'>rob:</span> <span class='ocrx_word' id='word_1_278' title='bbox 1032 3430 1085 3495; x_wconf 94' lang='lat' dir='ltr'>vel</span> <span class='ocrx_word' id='word_1_279' title='bbox 1114 3430 1301 3497; x_wconf 81' lang='lat' dir='ltr'>cohabitatio</span> <span class='ocrx_word' id='word_1_280' title='bbox 1325 3456 1365 3499; x_wconf 84' lang='lat' dir='ltr'>aa</span> <span class='ocrx_word' id='word_1_281' title='bbox 1388 3456 1465 3519; x_wconf 83' lang='lat' dir='ltr'>qaae</span> 
     </span>
     <span class='ocr_line' id='line_1_33' title="bbox 135 3519 1464 3605; baseline 0.002 -21"><span class='ocrx_word' id='word_1_282' title='bbox 135 3523 177 3584; x_wconf 81' lang='lat' dir='ltr'>sit</span> <span class='ocrx_word' id='word_1_283' title='bbox 211 3522 246 3583; x_wconf 82' lang='lat' dir='ltr'>ia</span> <span class='ocrx_word' id='word_1_284' title='bbox 281 3523 500 3585; x_wconf 80' lang='lat' dir='ltr'>eorrtameb&#39;am</span> <span class='ocrx_word' id='word_1_285' title='bbox 535 3521 688 3584; x_wconf 79' lang='lat' dir='ltr'>creatoris</span> <span class='ocrx_word' id='word_1_286' title='bbox 722 3540 780 3584; x_wconf 91' lang='lat' dir='ltr'>seu</span> <span class='ocrx_word' id='word_1_287' title='bbox 815 3540 879 3601; x_wconf 90' lang='lat' dir='ltr'>qua</span> <span class='ocrx_word' id='word_1_288' title='bbox 914 3540 991 3602; x_wconf 86' lang='lat' dir='ltr'>pars</span> <span class='ocrx_word' id='word_1_289' title='bbox 1023 3519 1162 3584; x_wconf 88' lang='lat' dir='ltr'>infidelis</span> <span class='ocrx_word' id='word_1_290' title='bbox 1196 3523 1305 3586; x_wconf 89' lang='lat' dir='ltr'>tentet</span> <span class='ocrx_word' id='word_1_291' title='bbox 1338 3529 1464 3605; x_wconf 91' lang='lat' dir='ltr'>partem</span> 
     </span>
     <span class='ocr_line' id='line_1_34' title="bbox 136 3607 1464 3694; baseline 0.002 -22"><span class='ocrx_word' id='word_1_292' title='bbox 136 3607 337 3691; x_wconf 88' lang='lat' dir='ltr'>baptizatam</span> <span class='ocrx_word' id='word_1_293' title='bbox 368 3610 409 3673; x_wconf 89' lang='lat' dir='ltr'>ad</span> <span class='ocrx_word' id='word_1_294' title='bbox 441 3609 657 3674; x_wconf 87' lang='lat' dir='ltr'>defectionem</span> <span class='ocrx_word' id='word_1_295' title='bbox 687 3608 794 3674; x_wconf 84' lang='lat' dir='ltr'>aliove</span> <span class='ocrx_word' id='word_1_296' title='bbox 824 3608 920 3673; x_wconf 91' lang='lat' dir='ltr'>modo</span> <span class='ocrx_word' id='word_1_297' title='bbox 951 3608 1141 3674; x_wconf 89' lang='lat' dir='ltr'>scandalum</span> <span class='ocrx_word' id='word_1_298' title='bbox 1171 3609 1330 3692; x_wconf 88' lang='lat' dir='ltr'>praebeat</span> <span class='ocrx_word' id='word_1_299' title='bbox 1354 3612 1464 3694; x_wconf 87' lang='lat' dir='ltr'>gravis</span> 
     </span>
     <span class='ocr_line' id='line_1_35' title="bbox 135 3697 273 3782; baseline 0.014 -20"><span class='ocrx_word' id='word_1_300' title='bbox 135 3697 273 3782; x_wconf 88' lang='lat' dir='ltr'>peccati.</span> 
     </span>
    </p>

    <p class='ocr_par' dir='ltr' id='par_1_9' title="bbox 74 3794 1465 4502">
     <span class='ocr_line' id='line_1_36' title="bbox 74 3794 1464 3878; baseline 0 -18"><span class='ocrx_word' id='word_1_301' title='bbox 74 3813 127 3869; x_wconf 82' lang='lat'>890</span> <span class='ocrx_word' id='word_1_302' title='bbox 225 3796 264 3861; x_wconf 92' lang='lat' dir='ltr'>R.</span> <span class='ocrx_word' id='word_1_303' title='bbox 289 3797 320 3860; x_wconf 85' lang='lat'>3.</span> <span class='ocrx_word' id='word_1_304' title='bbox 367 3794 502 3870; x_wconf 87' lang='lat' dir='ltr'>Quando</span> <span class='ocrx_word' id='word_1_305' title='bbox 533 3798 661 3872; x_wconf 89' lang='lat' dir='ltr'>autem,</span> <span class='ocrx_word' id='word_1_306' title='bbox 693 3797 731 3860; x_wconf 88' lang='lat' dir='ltr'>ut</span> <span class='ocrx_word' id='word_1_307' title='bbox 760 3816 859 3878; x_wconf 90' lang='lat' dir='ltr'>saepe</span> <span class='ocrx_word' id='word_1_308' title='bbox 887 3796 939 3872; x_wconf 86' lang='lat' dir='ltr'>fit,</span> <span class='ocrx_word' id='word_1_309' title='bbox 974 3816 1039 3859; x_wconf 88' lang='lat' dir='ltr'>non</span> <span class='ocrx_word' id='word_1_310' title='bbox 1069 3800 1200 3861; x_wconf 87' lang='lat' dir='ltr'>constat</span> <span class='ocrx_word' id='word_1_311' title='bbox 1224 3795 1263 3861; x_wconf 84' lang='lat' dir='ltr'>dc</span> <span class='ocrx_word' id='word_1_312' title='bbox 1290 3805 1395 3862; x_wconf 82' lang='lat' dir='ltr'>mente</span> <span class='ocrx_word' id='word_1_313' title='bbox 1416 3800 1464 3861; x_wconf 78' lang='lat' dir='ltr'>ia·</span> 
     </span>
     <span class='ocr_line' id='line_1_37' title="bbox 133 3882 1465 3968; baseline 0.002 -20"><span class='ocrx_word' id='word_1_314' title='bbox 133 3885 239 3968; x_wconf 80' lang='lat' dir='ltr'>fidelis</span> <span class='ocrx_word' id='word_1_315' title='bbox 262 3884 316 3948; x_wconf 90' lang='lat' dir='ltr'>vel</span> <span class='ocrx_word' id='word_1_316' title='bbox 340 3884 379 3948; x_wconf 87' lang='lat' dir='ltr'>de</span> <span class='ocrx_word' id='word_1_317' title='bbox 404 3905 503 3949; x_wconf 86' lang='lat' dir='ltr'>causa</span> <span class='ocrx_word' id='word_1_318' title='bbox 526 3883 689 3949; x_wconf 86' lang='lat' dir='ltr'>discessus</span> <span class='ocrx_word' id='word_1_319' title='bbox 713 3906 751 3948; x_wconf 88' lang='lat' dir='ltr'>eo</span> <span class='ocrx_word' id='word_1_320' title='bbox 776 3885 861 3966; x_wconf 94' lang='lat' dir='ltr'>quod</span> <span class='ocrx_word' id='word_1_321' title='bbox 885 3884 1028 3950; x_wconf 86' lang='lat' dir='ltr'>fortasse</span> <span class='ocrx_word' id='word_1_322' title='bbox 1050 3882 1189 3949; x_wconf 89' lang='lat' dir='ltr'>infidelis</span> <span class='ocrx_word' id='word_1_323' title='bbox 1218 3904 1284 3948; x_wconf 90' lang='lat' dir='ltr'>non</span> <span class='ocrx_word' id='word_1_324' title='bbox 1307 3885 1465 3968; x_wconf 86' lang='lat' dir='ltr'>persistat</span> 
     </span>
     <span class='ocr_line' id='line_1_38' title="bbox 136 3972 1465 4058; baseline 0.002 -20"><span class='ocrx_word' id='word_1_325' title='bbox 136 3996 240 4056; x_wconf 90' lang='lat' dir='ltr'>neque</span> <span class='ocrx_word' id='word_1_326' title='bbox 263 3974 441 4058; x_wconf 88' lang='lat' dir='ltr'>persistere</span> <span class='ocrx_word' id='word_1_327' title='bbox 464 3973 546 4038; x_wconf 89' lang='lat' dir='ltr'>velit</span> <span class='ocrx_word' id='word_1_328' title='bbox 575 3974 609 4037; x_wconf 91' lang='lat' dir='ltr'>in</span> <span class='ocrx_word' id='word_1_329' title='bbox 633 3972 841 4056; x_wconf 88' lang='lat' dir='ltr'>separatione</span> <span class='ocrx_word' id='word_1_330' title='bbox 871 3995 891 4039; x_wconf 90' lang='lat' dir='ltr'>a</span> <span class='ocrx_word' id='word_1_331' title='bbox 922 3977 1016 4055; x_wconf 89' lang='lat' dir='ltr'>parte</span> <span class='ocrx_word' id='word_1_332' title='bbox 1046 3973 1151 4052; x_wconf 90' lang='lat' dir='ltr'>fideli,</span> <span class='ocrx_word' id='word_1_333' title='bbox 1181 3972 1333 4039; x_wconf 86' lang='lat' dir='ltr'>facienda</span> <span class='ocrx_word' id='word_1_334' title='bbox 1365 3980 1417 4042; x_wconf 91' lang='lat' dir='ltr'>est</span> <span class='ocrx_word' id='word_1_335' title='bbox 1446 3997 1465 4040; x_wconf 89' lang='lat' dir='ltr'>a</span> 
     </span>
     <span class='ocr_line' id='line_1_39' title="bbox 136 4061 1462 4146; baseline 0.002 -20"><span class='ocrx_word' id='word_1_336' title='bbox 136 4064 220 4127; x_wconf 83' lang='lat' dir='ltr'>fideli</span> <span class='ocrx_word' id='word_1_337' title='bbox 256 4084 314 4127; x_wconf 89' lang='lat' dir='ltr'>seu</span> <span class='ocrx_word' id='word_1_338' title='bbox 351 4064 392 4128; x_wconf 93' lang='lat' dir='ltr'>ab</span> <span class='ocrx_word' id='word_1_339' title='bbox 426 4061 624 4127; x_wconf 85' lang='lat' dir='ltr'>auctoritate</span> <span class='ocrx_word' id='word_1_340' title='bbox 659 4061 883 4128; x_wconf 87' lang='lat' dir='ltr'>ecclesiastica</span> <span class='ocrx_word' id='word_1_341' title='bbox 917 4062 1139 4146; x_wconf 89' lang='lat' dir='ltr'>interpellatio</span> <span class='ocrx_word' id='word_1_342' title='bbox 1173 4061 1278 4146; x_wconf 88' lang='lat' dir='ltr'>partis</span> <span class='ocrx_word' id='word_1_343' title='bbox 1315 4062 1462 4139; x_wconf 86' lang='lat' dir='ltr'>infidelis,</span> 
     </span>
     <span class='ocr_line' id='line_1_40' title="bbox 135 4150 1463 4238; baseline 0.002 -23"><span class='ocrx_word' id='word_1_344' title='bbox 135 4152 258 4217; x_wconf 89' lang='lat' dir='ltr'>velitne</span> <span class='ocrx_word' id='word_1_345' title='bbox 281 4152 415 4235; x_wconf 88' lang='lat' dir='ltr'>pacifice</span> <span class='ocrx_word' id='word_1_346' title='bbox 440 4150 638 4217; x_wconf 86' lang='lat' dir='ltr'>cohabitare.</span> <span class='ocrx_word' id='word_1_347' title='bbox 687 4151 788 4216; x_wconf 89' lang='lat' dir='ltr'>Immo</span> <span class='ocrx_word' id='word_1_348' title='bbox 817 4173 876 4234; x_wconf 92' lang='lat' dir='ltr'>pro</span> <span class='ocrx_word' id='word_1_349' title='bbox 900 4151 1155 4218; x_wconf 86' lang='lat' dir='ltr'>circumstantiis</span> <span class='ocrx_word' id='word_1_350' title='bbox 1179 4150 1328 4217; x_wconf 83' lang='lat' dir='ltr'>Ecclesia</span> <span class='ocrx_word' id='word_1_351' title='bbox 1351 4157 1463 4238; x_wconf 91' lang='lat' dir='ltr'>postu·</span> 
     </span>
     <span class='ocr_line' id='line_1_41' title="bbox 135 4240 1462 4327; baseline 0.002 -22"><span class='ocrx_word' id='word_1_352' title='bbox 135 4242 203 4306; x_wconf 87' lang='lat' dir='ltr'>lare</span> <span class='ocrx_word' id='word_1_353' title='bbox 237 4246 348 4325; x_wconf 87' lang='lat' dir='ltr'>potest</span> <span class='ocrx_word' id='word_1_354' title='bbox 382 4245 419 4307; x_wconf 92' lang='lat' dir='ltr'>ut</span> <span class='ocrx_word' id='word_1_355' title='bbox 452 4241 677 4322; x_wconf 86' lang='lat' dir='ltr'>interrogetur</span> <span class='ocrx_word' id='word_1_356' title='bbox 711 4241 834 4306; x_wconf 89' lang='lat' dir='ltr'>velitne</span> <span class='ocrx_word' id='word_1_357' title='bbox 866 4241 954 4306; x_wconf 90' lang='lat' dir='ltr'>intra</span> <span class='ocrx_word' id='word_1_358' title='bbox 986 4246 1112 4307; x_wconf 89' lang='lat' dir='ltr'>certum</span> <span class='ocrx_word' id='word_1_359' title='bbox 1144 4240 1287 4324; x_wconf 88' lang='lat' dir='ltr'>spatium</span> <span class='ocrx_word' id='word_1_360' title='bbox 1320 4241 1392 4327; x_wconf 91' lang='lat' dir='ltr'>ipse</span> <span class='ocrx_word' id='word_1_361' title='bbox 1424 4243 1462 4308; x_wconf 90' lang='lat' dir='ltr'>ad</span> 
     </span>
     <span class='ocr_line' id='line_1_42' title="bbox 135 4329 1463 4414; baseline 0.002 -21"><span class='ocrx_word' id='word_1_362' title='bbox 135 4331 230 4394; x_wconf 85' lang='lat' dir='ltr'>fidem</span> <span class='ocrx_word' id='word_1_363' title='bbox 256 4330 414 4405; x_wconf 89' lang='lat' dir='ltr'>converti,</span> <span class='ocrx_word' id='word_1_364' title='bbox 439 4335 473 4395; x_wconf 91' lang='lat' dir='ltr'>et</span> <span class='ocrx_word' id='word_1_365' title='bbox 496 4335 533 4396; x_wconf 93' lang='lat' dir='ltr'>ut</span> <span class='ocrx_word' id='word_1_366' title='bbox 555 4329 651 4394; x_wconf 90' lang='lat' dir='ltr'>huius</span> <span class='ocrx_word' id='word_1_367' title='bbox 675 4329 722 4394; x_wconf 89' lang='lat' dir='ltr'>rei</span> <span class='ocrx_word' id='word_1_368' title='bbox 746 4329 879 4412; x_wconf 82' lang='lat' dir='ltr'>negatio</span> <span class='ocrx_word' id='word_1_369' title='bbox 900 4329 1062 4395; x_wconf 89' lang='lat' dir='ltr'>habeatur</span> <span class='ocrx_word' id='word_1_370' title='bbox 1076 4351 1136 4414; x_wconf 91' lang='lat' dir='ltr'>pro</span> <span class='ocrx_word' id='word_1_371' title='bbox 1152 4331 1318 4413; x_wconf 85' lang='lat' dir='ltr'>denegata</span> <span class='ocrx_word' id='word_1_372' title='bbox 1333 4332 1463 4399; x_wconf 87' lang='lat' dir='ltr'>cohabi-</span> 
     </span>
     <span class='ocr_line' id='line_1_43' title="bbox 135 4419 431 4502; baseline 0.003 -19"><span class='ocrx_word' id='word_1_373' title='bbox 135 4419 261 4484; x_wconf 89' lang='lat' dir='ltr'>tatione</span> <span class='ocrx_word' id='word_1_374' title='bbox 284 4420 431 4502; x_wconf 87' lang='lat' dir='ltr'>pacifica.</span> 
     </span>
    </p>
   </div>
   <div class='ocr_carea' id='block_1_9' title="bbox 135 4515 1460 4694">
    <p class='ocr_par' dir='ltr' id='par_1_10' title="bbox 135 4515 1460 4694">
     <span class='ocr_line' id='line_1_44' title="bbox 225 4515 1460 4600; baseline 0.003 -20"><span class='ocrx_word' id='word_1_375' title='bbox 225 4516 263 4581; x_wconf 89' lang='lat' dir='ltr'>R.</span> <span class='ocrx_word' id='word_1_376' title='bbox 289 4521 318 4581; x_wconf 76' lang='lat'>4.</span> <span class='ocrx_word' id='word_1_377' title='bbox 366 4517 487 4593; x_wconf 87' lang='lat' dir='ltr'>Quodsi</span> <span class='ocrx_word' id='word_1_378' title='bbox 510 4522 644 4600; x_wconf 86' lang='lat' dir='ltr'>propter</span> <span class='ocrx_word' id='word_1_379' title='bbox 668 4516 896 4582; x_wconf 86' lang='lat' dir='ltr'>difficultatem</span> <span class='ocrx_word' id='word_1_380' title='bbox 919 4516 1042 4582; x_wconf 88' lang='lat' dir='ltr'>sciendi</span> <span class='ocrx_word' id='word_1_381' title='bbox 1066 4516 1119 4582; x_wconf 89' lang='lat' dir='ltr'>ubi</span> <span class='ocrx_word' id='word_1_382' title='bbox 1142 4515 1283 4583; x_wconf 85' lang='lat' dir='ltr'>infidelis</span> <span class='ocrx_word' id='word_1_383' title='bbox 1301 4524 1460 4595; x_wconf 89' lang='lat' dir='ltr'>versetur,</span> 
     </span>
     <span class='ocr_line' id='line_1_45' title="bbox 135 4605 1460 4694; baseline 0.001 -23"><span class='ocrx_word' id='word_1_384' title='bbox 135 4610 235 4686; x_wconf 89' lang='lat' dir='ltr'>atque</span> <span class='ocrx_word' id='word_1_385' title='bbox 258 4605 427 4672; x_wconf 85' lang='lat' dir='ltr'>faciendae</span> <span class='ocrx_word' id='word_1_386' title='bbox 443 4606 722 4689; x_wconf 87' lang='lat' dir='ltr'>interrogationis,</span> <span class='ocrx_word' id='word_1_387' title='bbox 748 4605 969 4689; x_wconf 83' lang='lat' dir='ltr'>interpellatio</span> <span class='ocrx_word' id='word_1_388' title='bbox 986 4608 1092 4672; x_wconf 88' lang='lat' dir='ltr'>locum</span> <span class='ocrx_word' id='word_1_389' title='bbox 1109 4605 1231 4671; x_wconf 88' lang='lat' dir='ltr'>habere</span> <span class='ocrx_word' id='word_1_390' title='bbox 1254 4606 1312 4673; x_wconf 87' lang='lat' dir='ltr'>vix</span> <span class='ocrx_word' id='word_1_391' title='bbox 1336 4613 1460 4694; x_wconf 88' lang='lat' dir='ltr'>potest:</span> 
     </span>
    </p>
   </div>
   <div class='ocr_carea' id='block_1_10' title="bbox 0 0 1526 5174">
    <p class='ocr_par' dir='ltr' id='par_1_11' title="bbox 0 0 1526 5174">
     <span class='ocr_line' id='line_1_46' title="bbox 0 0 1526 5174; baseline 0 0"><span class='ocrx_word' id='word_1_392' title='bbox 0 0 1526 5174; x_wconf 95' lang='lat' dir='ltr'> </span> 
     </span>
    </p>
   </div>
  </div>
 </body>
</html>
