3044 5174
393 279 510 334 Materia
528 281 667 350 proxima:
687 281 821 336 confessio
840 311 875 319 -
894 282 953 337 eius
971 283 1125 351 integritas.
1360 288 1425 352 215

93 455 330 542 opportunitas
345 456 577 523 manifestandi
593 457 872 525 circumstantiam
889 458 1053 537 omissam,
1078 458 1298 544 paenitentem
1317 461 1427 527 debere

95 549 203 613 denuo
227 546 384 612 confiteri.

187 644 229 710 R.
254 647 284 710 3.
331 643 393 720 Qui
423 643 534 710 dicunt
562 642 596 708 in
626 644 830 709 confessione
861 644 1125 712 circumstantias
1154 666 1214 729 per
1243 668 1278 711 se
1310 647 1353 712 ad
1375 646 1487 715 111-367

95 733 293 816 tegritatem
317 736 505 816 spectantes
528 733 635 799 omitti
659 755 723 798 non
747 755 843 817 posse
866 740 1001 818 propter
1023 734 1147 800 famam
1175 735 1266 801 tertii
1289 757 1425 802 seman-

97 824 192 900 dam,
223 825 336 887 tamen
359 821 508 888 fatentur
537 826 607 888 tum
636 822 711 888 illas
741 823 939 889 omittendas
969 845 1059 902 esse,
1091 824 1219 907 quando
1243 829 1363 907 agatur
1386 825 1426 890 de

90 910 316 978 confessionis
338 911 478 976 materia
500 909 618 988 libera,
650 916 736 991 tum,
768 913 830 977 etsi
853 916 973 995 agatur
1003 913 1043 978 de
1066 914 1205 979 materia
1228 913 1425 994 necessaria,

97 1001 341 1085 paenitentem,
371 1003 401 1065 si
430 1002 587 1065 cornmode
610 1005 728 1084 possit,
760 1001 879 1066 debere
902 1001 1011 1085 potius
1035 1003 1156 1084 eligere
1179 1001 1425 1082 confessarium,

99 1089 151 1155 cui
175 1088 293 1172 ignota
321 1088 365 1155 sit
393 1110 535 1173 persona
565 1087 710 1172 alioquin
739 1090 848 1156 famae
871 1090 1031 1156 iacturam
1062 1112 1210 1175 passura.
1257 1090 1426 1170 Attamen,

99 1200 173 1244 cum
199 1177 432 1244 necessitatem
462 1182 533 1244 mut
519 1178 609 1244 tandi
641 1178 832 1245 confessarii
855 1201 909 1244 res
911 1179 1060 1262 tringant
1083 1201 1122 1247 ea
1146 1180 1351 1260 condicione,
1381 1180 1426 1258 ,si

100 1267 273 1334 commode
296 1267 366 1333 fieri
382 1267 519 1351 possit
472 1267 671 1334 t“simult
656 1273 786 1334 tt:enen
814 1271 846 1351 1)
869 1269 954 1334 banc
970 1269 1203 1352 obligationem
1219 1291 1283 1336 nou
1300 1270 1426 1349 adesse,

100 1358 128 1423 si
153 1357 241 1423 ratio
266 1355 425 1439 quaedam
449 1356 603 1423 notabilis
627 1356 715 1423 adsit
700 1362 801 1423 tnon
824 1357 983 1460 mutandi,
1008 1381 1039 1425 v
1056 1380 1088 1440 g.
1112 1359 1226 1424 melior
1249 1359 1428 1443 spiritualis

101 1446 239 1513 directio
267 1446 322 1511 vel
344 1445 538 1511 rationabile
568 1445 664 1512 solat'
640 1451 738 1523 tium3
770 1447 948 1529 2)]16116
939 1469 1045 1531 rpsam
1068 1447 1301 1531 obligationem
1326 1470 1368 1514 ex
1391 1470 1428 1516 se

101 1558 163 1600 non
200 1557 267 1600 esse
296 1557 441 1621 praecor:
473 1556 546 1600 cum
579 1535 663 1599 enim
696 1535 782 1618 apud
814 1557 912 1601 unum
935 1541 1064 1602 tantum
1087 1537 1192 1602 virum
1223 1539 1427 1620 prudentem,

102 1626 203 1691 etiam
220 1623 291 1689 sine
308 1623 374 1689 ulla
386 1623 522 1702 ratione,
540 1624 648 1690 famae
660 1623 820 1691 iacturam
838 1624 908 1690 veri
925 1625 1070 1691 criminis
1086 1626 1275 1692 narratione
1291 1648 1429 1693 causare

103 1736 165 1779 non
190 1711 237 1779 sit
260 1734 361 1791 exse
384 1734 487 1795 grave
510 1718 697 1797 peccatum,
728 1714 787 1778 sed
809 1735 970 1779 summum
993 1715 1025 1778 in
1050 1736 1088 1781 eo
1112 1736 1189 1781 casu
1219 1717 1347 1798 quando
1371 1718 1431 1783 fiat

103 1803 189 1886 apud
214 1823 306 1880 eum,
337 1801 423 1885 apud
456 1823 550 1884 quem
582 1802 704 1867 famam
734 1803 861 1868 servari
891 1802 1048 1870 diffamati
1080 1825 1160 1887 prae
1189 1806 1263 1870 aliis
1290 1807 1428 1872 multum

104 1890 253 1966 intersit;
285 1890 464 1957 afortiore
495 1890 551 1955 vix
582 1912 734 1973 umquam
765 1913 868 1974 grave
891 1897 1061 1975 peccatum
1086 1915 1159 1959 esse
1182 1900 1308 1977 potest,
1342 1895 1429 1979 apud

105 1981 209 2046 solum
234 1979 469 2045 confessarium
493 1979 701 2046 strictissimo
732 1985 859 2046 secreto
890 1982 1083 2048 obstrictum
1110 1982 1207 2049 alteri
1230 1982 1339 2048 famae
1362 1984 1430 2049 iac·

106 2075 214 2136 turam
231 2089 377 2136 causare.
409 2068 512 2134 Immo
528 2068 583 2134 alii
607 2068 750 2135 dixerint
770 2092 835 2135 non
857 2091 930 2137 esse
945 2070 1015 2135 veri
1031 2092 1147 2136 seusus
1163 2072 1429 2150 diffamationem,

106 2161 130 2224 si
154 2159 255 2225 detur
277 2158 421 2223 criminis
444 2158 578 2236 notitia,
613 2157 704 2224 cuius
734 2159 842 2224 nullus
866 2164 917 2226 est
940 2181 1018 2225 usus
1041 2160 1074 2224 in
1099 2160 1169 2226 vita
1191 2161 1320 2238 sociali;
1352 2161 1430 2226 talis

106 2253 216 2314 autem
241 2253 293 2312 est
315 2247 433 2314 notitia
457 2247 656 2312 confessario
681 2248 775 2325 data;
800 2269 878 2331 ergo
895 2255 1064 2332 peccatum
1089 2248 1318 2315 diffamationis
1334 2249 1431 2333 idque

54 2336 58 2415 l
107 2358 208 2420 grave
232 2335 266 2400 in
290 2357 328 2401 eo
352 2335 489 2402 inveniri
512 2358 577 2401 non
600 2341 720 2420 potest.

194 2434 235 2499 R.
259 2437 290 2499 4.
337 2433 426 2511 Quae
450 2455 523 2498 cum
551 2434 599 2499 ita
622 2435 705 2512 sint,
738 2434 906 2500 doctrinae
928 2435 1057 2501 illorum
1088 2436 1143 2518 qui
1167 2435 1431 2504 circumstantias

108 2524 245 2589 aliorum
275 2522 483 2588 diffamantes
511 2523 626 2588 volunt
649 2522 752 2588 taceri
785 2545 848 2589 non
873 2527 924 2590 est
947 2526 1131 2591 necessario
1154 2526 1239 2592 ratio
1262 2526 1429 2603 habenda;

107 2616 212 2678 minus
237 2612 337 2677 etiam
360 2612 422 2676 bac
446 2612 485 2676 de
508 2633 544 2676 re
560 2612 722 2678 ordinarie
738 2613 945 2695 paenitentes
963 2613 1144 2679 instruendi
1161 2621 1247 2692 sunt,
1272 2614 1431 2697 siquidem

107 2724 186 2769 ansa
211 2701 425 2784 praeberetur
443 2703 620 2767 multarum
636 2701 874 2767 confessionum
891 2724 1080 2768 mancarum
1097 2703 1193 2785 idque
1216 2704 1248 2768 in
1265 2704 1305 2769 iis
1321 2705 1429 2783 rebus,

107 2792 135 2856 in
159 2791 279 2875 quibus
302 2810 507 2874 summopere
530 2790 679 2874 expedit,
710 2794 747 2856 ut
777 2791 996 2858 confessarius
1025 2796 1179 2858 accurate
1208 2793 1431 2877 paenitentem

108 2882 241 2963 eiusque
264 2878 469 2945 condiciones
492 2879 693 2961 cognoverit.
740 2879 774 2945 Si
797 2880 870 2963 quis
893 2902 971 2946 vero
998 2881 1170 2965 paenitens
1192 2881 1373 2948 instructus
1397 2886 1432 2948 et

109 2969 136 3034 iu
162 2970 262 3035 rebus
292 2968 485 3051 theologicis
515 2975 667 3035 versatus
697 2974 814 3052 sponte
844 2991 904 3035 sua
934 2969 1117 3052 opinionem
1141 2970 1231 3036 illam
1263 2975 1430 3053 sequatur,

108 3081 168 3124 non
198 3061 251 3122 est
281 3078 339 3122 cur
368 3057 588 3124 confessarius
609 3058 642 3123 id
665 3058 822 3142 impedire
846 3059 965 3124 debeat
988 3059 1041 3124 vel
1065 3059 1185 3143 possit,
1216 3081 1288 3125 cum
1312 3062 1432 3142 proba-

108 3148 217 3213 bilitas
241 3146 359 3212 saltem
383 3151 521 3213 externa
552 3147 600 3213 illi
631 3147 817 3212 sententiae
847 3152 990 3229 nequeat
1020 3149 1185 3231 denegari.
1232 3149 1279 3215 cf.
1310 3150 1364 3216 rt.
1389 3172 1431 3216 m.

108 3237 153 3311 11,
190 3238 256 3302 333
281 3256 351 3318 sqq.
383 3236 491 3318 ibique
525 3236 628 3301 babes
660 3236 850 3302 defensores
883 3236 978 3303 unius
1010 3243 1044 3304 ct
1076 3238 1214 3304 alterius
1246 3239 1432 3305 sententiae

107 3329 325 3392 enumeratos.

194 3449 249 3514 Ao
273 3468 464 3522 6611611611
483 3451 523 3511 2¹¹²
537 3448 576 3512 R.
596 3451 624 3512 1.
658 3448 892 3528 Coufessarius,
918 3471 982 3531 qua
998 3449 1226 3528 confessarius,
1251 3471 1316 3515 non
1332 3450 1495 3518 batesses

108 3538 156 3604 ius
179 3537 407 3618 interrogandi
431 3536 614 3603 formaliter
636 3537 676 3601 de
700 3538 872 3621 complice,
903 3543 941 3604 ut
963 3538 997 3602 in
1027 3539 1097 3604 eius
1125 3538 1275 3605 notitiam
1299 3541 1431 3618 veniat;

106 3627 206 3694 habet
229 3629 340 3691 autem
363 3625 414 3690 ius
436 3625 662 3708 interrogandi
678 3627 718 3691 de
733 3626 835 3691 variis
851 3627 1105 3695 circumstantiis
1120 3628 1161 3693 ad
1179 3631 1301 3729 statum
1319 3629 1433 3712 paeni-

107 3715 210 3783 tentis
234 3715 495 3797 cognoscendum
518 3715 728 3793 necessariis,
760 3715 822 3781 etsi
853 3716 1033 3799 periculum
1061 3717 1121 3795 sit,
1154 3738 1195 3782 ne
1224 3716 1258 3781 in
1281 3718 1433 3784 notitiam

105 3803 275 3903 complicis
304 3804 426 3871 veniat.
402 3803 566 3871 tNam
597 3824 669 3870 cnm
700 3825 764 3868 non
792 3808 946 3870 teneatur
976 3767 1138 3871 assentiie
1168 3804 1312 3890 opinioni
1343 3828 1433 3873 eam·

106 3916 170 3981 que
193 3885 288 3976 sequi
311 3914 396 3975 quae
418 3893 536 3959 dicit
526 3914 561 3958 m
584 3893 788 3958 confessione
819 3897 896 3959 ante
920 3895 1029 3960 omnia
1051 3895 1174 3960 famam
1199 3895 1339 3961 alienam
1363 3917 1433 3962 ser-

105 3983 249 4053 vandam
275 4003 347 4048 esse
371 3982 538 4061 illaesam,
572 3981 709 4049 utitur
699 4004 770 4047 rure
794 4004 853 4047 suo
881 3983 936 4047 ille
969 3984 1023 4066 qui
1049 3990 1223 4050 consuetas
1248 3984 1434 4067 interroga·

105 4074 214 4141 tiones
228 4071 341 4139 faciat.

195 4169 236 4237 R.
262 4172 292 4236 2.
339 4168 373 4235 Si
403 4169 533 4252 quando
564 4172 675 4235 autem
706 4169 877 4253 paenitens
907 4169 1087 4236 instructus
1118 4175 1234 4255 sponte
1264 4192 1323 4236 sua
1353 4169 1435 4237 velit

106 4258 199 4344 sequi
224 4258 406 4343 opinionem
431 4258 629 4324 contrariam
653 4263 753 4340 atque
777 4281 818 4324 ex
834 4264 925 4325 certo
941 4259 1118 4325 dictamine
1134 4261 1276 4325 declinet
1298 4280 1436 4343 respon·

104 4371 189 4427 sum,
215 4347 435 4414 confessarius
458 4348 509 4413 ius
532 4369 597 4412 non
620 4348 721 4413 habet
744 4348 882 4413 ulterius
906 4349 1053 4430 urgendi.
1097 4349 1134 4413 Id
1158 4349 1306 4431 sequitur
1329 4369 1371 4413 ex
1395 4369 1434 4414 eo

105 4438 205 4524 quod,
228 4442 266 4504 ut
281 4437 358 4516 dixi,
383 4436 514 4520 utrique
530 4437 714 4503 sententiae
730 4437 943 4520 probabilitas
967 4439 1085 4503 saltem
1102 4443 1240 4504 externa
1257 4441 1434 4521 competat.

196 4553 250 4618 An
274 4573 465 4629 qusasmuu
489 4554 529 4616 3ιη
552 4552 591 4617 R.
619 4554 647 4617 1.
694 4551 733 4615 In
763 4555 902 4634 utroque
935 4573 1031 4630 casu,
1061 4557 1132 4619 tum
1164 4551 1283 4617 aOaio
1313 4555 1384 4617 tum
1415 4560 1497 4617 6369

103 4643 205 4721 Titia,
231 4641 436 4723 quaerendus
459 4647 533 4708 erat
548 4641 633 4706 alius
650 4640 879 4719 confessarius,
903 4641 966 4707 etsi
983 4662 1055 4706 cum
1078 4641 1215 4708 notabili
1231 4641 1434 4708 incommodo
