3044 5174
152 279 217 343 204
603 275 808 329 Sacramentum
826 273 1018 346 paenitentiae.

153 452 368 519 exsistentem
391 452 506 518 liceret
527 473 587 536 per
609 452 850 518 restrictionem
880 473 1019 536 negare,
1050 452 1101 518 ins
1125 451 1319 519 confessarii
1340 452 1377 519 in
1400 474 1479 536 quo-

151 542 233 609 libet
255 562 334 608 casu
356 541 537 607 illusorium
562 547 659 608 esset.
692 542 779 607 Nam
802 541 995 625 quicumque
1018 542 1060 608 ad
1076 541 1317 608 confessionem
1340 542 1478 619 accedit,

153 652 217 696 uon
241 632 339 714 plane
361 632 454 708 ficte,
487 632 515 695 is
545 630 606 695 sibi
631 631 840 714 persuadebit
870 652 906 696 se
935 631 1137 697 redditurum
1169 652 1242 697 esse
1271 632 1477 698 occasionem

153 720 271 785 abhinc
301 719 497 802 formaliter‘
514 724 684 786 remotam.
732 719 854 785 Verum
886 720 1077 786 confessarii
1108 725 1162 786 est
1191 720 1339 787 iudicare
1368 725 1476 788 utrum

152 809 227 875 huic
250 808 415 875 voluntati
438 809 492 874 vel
515 808 718 892 persuasioni
741 809 798 874 fidi
821 809 941 892 possit,
972 829 1014 875 an
1044 809 1215 876 acerbiora
1243 809 1392 875 remedia
1413 810 1479 876 sint

154 897 348 964 necessaria.

243 987 320 1052 Dixi
344 989 534 1071 repulerim
556 988 718 1072 loquendo.
750 985 836 1052 Nam
853 987 880 1050 si
897 986 1116 1052 Meinwardus
1131 987 1165 1052 in
1187 988 1285 1052 rebus
1300 986 1478 1053 moralibus

153 1074 334 1143 instructus
358 1080 440 1152 erat,
464 1074 618 1158 possibile
641 1078 746 1141 estut
768 1096 848 1158 prae
864 1075 967 1140 oculis
982 1075 1134 1142 hebuerit
1148 1075 1360 1161 principium:
1385 1097 1477 1143 occa-

155 1164 280 1230 sionem
303 1163 486 1249 proximam
511 1163 712 1229 confessario
742 1164 1018 1230 manifestandam
1041 1185 1131 1243 esse,
1162 1165 1190 1230 si
1219 1165 1264 1232 sit
1295 1165 1478 1232 formaliter

154 1253 304 1336 proxima
328 1258 377 1328 et,
410 1257 446 1318 ut
477 1252 550 1318 dein
574 1254 660 1318 male
683 1253 813 1335 quidem
836 1259 873 1321 at
895 1252 965 1318 sine
988 1253 1083 1336 gravi
1106 1253 1233 1321 malitia
1263 1254 1476 1321 ratiocinatus

155 1342 209 1421 sit,
234 1365 326 1408 suam
351 1341 555 1407 occasionem
573 1342 639 1407 iam
655 1363 719 1407 non
736 1363 808 1407 esse
824 1342 964 1426 amplius
979 1343 1163 1409 formaliter
1184 1343 1380 1427 proximam.
1415 1343 1476 1410 Sed

155 1432 226 1497 sola
249 1430 392 1499 stultitia
415 1434 448 1496 et
472 1452 593 1512 magna
623 1431 827 1515 propriarum
851 1431 969 1497 virium
999 1433 1222 1517 praesumptio
1253 1433 1288 1498 in
1318 1433 1380 1499 tali
1402 1453 1475 1499 casu

155 1520 312 1586 eiusmodi
336 1520 558 1604 paenitentem
582 1525 757 1586 excusaret
779 1542 800 1586 a
823 1520 953 1586 formali
976 1525 1112 1605 peccato
1135 1521 1241 1604 gravi.

421 1711 657 1778 CONFESSIO
681 1711 730 1777 IN
753 1711 900 1778 DUBIIS
924 1713 983 1777 Da
1006 1712 1211 1780 Paccium.

717 1858 828 1926 Casus.
848 1867 923 1938 (102)

245 2000 386 2060 Claudius
408 2007 476 2076 post
490 2000 658 2058 liberiorem
672 1998 855 2059 iuventutem
871 2019 975 2060 sacros
997 2000 1115 2061 ordines
1136 2001 1286 2077 suscepit;
1308 2002 1362 2060 sed
1383 2000 1470 2078 paullo

155 2086 223 2158 post
243 2081 368 2158 pristina
391 2080 465 2139 vitia
486 2080 685 2151 reviviscunt,
714 2086 830 2138 etcum
852 2081 981 2139 lectione
1003 2081 1170 2158 periculosa
1191 2081 1468 2157 cogitationibusque

155 2162 276 2220 lubricis
303 2160 408 2220 ludens
436 2179 526 2236 saepe
554 2161 687 2235 graviter
714 2160 830 2219 dubitat
855 2181 926 2220 num
946 2162 1033 2238 plene
1055 2161 1254 2234 consenserit;
1284 2163 1338 2222 sed
1367 2162 1467 2222 veritm
1509 2222 1516 2233 ,

155 2248 217 2300 tam
239 2260 328 2317 saepe
349 2240 386 2299 ad
408 2240 624 2299 confessionem
645 2239 796 2312 accedere,
818 2240 881 2299 sine
904 2242 1091 2300 confessione
1113 2243 1252 2301 celebrat.
1287 2241 1365 2301 Dein
1385 2260 1466 2301 reeor-
1506 2293 1513 2299 .

156 2323 244 2380 datur
264 2321 381 2398 peccati
402 2321 432 2379 in
453 2320 607 2378 iuventute
628 2320 787 2391 commissi,
819 2321 895 2396 qnod
916 2321 994 2380 sitne
1016 2322 1171 2381 confessus
1201 2341 1301 2381 annon
1323 2323 1409 2399 plane
1427 2319 1465 2378 du·
1513 2382 1519 2387 .

155 2402 245 2472 bitat3
275 2401 411 2460 similiter
438 2400 553 2459 dubitat
581 2400 615 2458 do
646 2405 768 2476 peccato
796 2405 866 2459 ante
894 2420 1003 2459 annum
1030 2402 1092 2460 fere
1120 2401 1295 2475 commisso,
1326 2402 1402 2479 quod
1420 2400 1467 2459 scit
1493 2406 1501 2507 ι

156 2502 188 2541 se
210 2481 397 2619 ἱηᾶρὶιιιιὶιιιιι
418 2479 604 2539 confessione
632 2480 784 2551 omisisse,
814 2500 852 2539 ne
879 2481 1011 2540 laederet
1039 2481 1176 2556 sigillum.
1218 2481 1294 2541 Silet
1316 2483 1352 2541 de
1379 2482 1413 2541 iis
1431 2485 1464 2538 ut·

155 2568 224 2638 pote
265 2582 283 2619 u
305 2581 350 2620 us.
1516 2575 1519 2578 ’

156 2666 333 2735 anuarrnu
355 2668 384 2724 1⁰
405 2666 483 2725 sitne
504 2665 646 2740 obligatio
669 2666 828 2724 confitendi
848 2671 973 2742 peccata
994 2666 1090 2726 dubia.

351 2758 381 2813 2⁰
402 2755 469 2831 quid
492 2755 527 2812 de
549 2754 661 2813 Claudii
683 2755 790 2829 agendi
812 2755 926 2814 ratione
948 2756 1135 2815 censendum.

352 2846 383 2903 3ο
404 2843 488 2919 quid,
510 2844 536 2902 si
558 2848 710 2920 peccatum
733 2843 804 2902 illud
834 2844 950 2902 dubium
973 2845 1098 2904 baberet
1119 2864 1274 2904 censuram
1296 2850 1465 2905 reservatam
1509 2837 1521 2849 ²

404 2943 558 2983 annexam.

749 3054 885 3121 Salutio.

93 3210 146 3266 349
244 3188 296 3253 An
320 3209 511 3263 qunasmuu
539 3192 573 3250 1¹¹¹
598 3188 636 3255 R.
663 3191 691 3259 1.
737 3189 880 3254 Peccata
904 3189 1015 3266 dubia,
1041 3190 1081 3254 de
1105 3211 1240 3271 quorum
1266 3189 1468 3257 confessionis
1515 3231 1521 3237 -

156 3278 353 3343 necessitate
377 3278 574 3360 disputatur,
599 3283 736 3360 possunt
760 3298 833 3342 csse
859 3278 890 3359 1)
916 3278 1012 3344 dubie
1027 3282 1204 3357 reminisco,
1228 3279 1276 3346 ita
1292 3285 1330 3346 ut
1353 3282 1393 3346 de
1407 3280 1469 3364 ipso
1509 3307 1522 3394 1

156 3367 245 3431 facto
269 3366 451 3442 dubitetur;
477 3366 511 3447 2)
536 3371 626 3431 certo
650 3366 778 3448 quidem
804 3367 993 3444 commissa,
1018 3368 1074 3432 sed
1100 3368 1196 3434 dubie
1217 3372 1350 3455 pomo,
1373 3370 1421 3437 ita
1440 3372 1472 3433 ut
1512 3397 1522 3430 ι

156 3456 196 3520 de
219 3456 395 3520 sufficienti
418 3455 627 3520 advertentia
656 3457 698 3520 ad
728 3476 864 3537 gravem
895 3457 1053 3521 malitiam
1084 3457 1137 3521 vel
1161 3457 1202 3522 de
1232 3458 1381 3541 perfecto
1404 3480 1473 3524 con·
1512 3433 1522 3614 Ι

156 3566 253 3609 sensu
278 3544 463 3620 dubitetur;
488 3547 523 3626 3)
546 3549 636 3609 certo
653 3545 782 3626 quidem
799 3545 971 3610 commissa
996 3549 1030 3610 et
1046 3550 1136 3611 certo
1152 3546 1278 3628 gravia,
1303 3549 1363 3613 sed
1387 3548 1473 3613 dubie

155 3634 220 3698 iarn
244 3634 277 3698 iu
301 3633 504 3699 confessione
527 3643 686 3699 accusato.
732 3634 769 3698 Iu
801 3634 917 3716 quibus
941 3634 1078 3700 diversis
1101 3635 1207 3701 dubiis
1236 3635 1398 3720 imprimis
1418 3638 1473 3701 hoc

156 3723 263 3789 notari
288 3723 402 3788 debet:
426 3723 458 3787 in
481 3727 585 3807 primo
609 3728 643 3789 et
666 3727 756 3787 tertio
780 3723 876 3788 dubio
900 3724 1011 3805 agitur
1027 3724 1066 3788 de
1082 3724 1188 3797 facto:
1213 3725 1270 3790 sed
1287 3725 1472 3811 principium

156 3813 197 3877 ab
221 3812 369 3876 omnibus
393 3812 569 3876 admissum
594 3812 793 3878 estfactum
817 3813 848 3877 in
874 3813 970 3877 dubio
994 3834 1057 3877 non
1081 3813 1246 3896 praesumi
1267 3815 1327 3880 sed
1349 3814 1473 3900 probari
1513 3872 1518 3879 .

157 3901 284 3967 debere.
317 3901 408 3977 Quod
432 3901 624 3985 principium
641 3902 794 3984 inprime
811 3902 940 3983 quidem
956 3923 1034 3967 casu
1050 3903 1141 3968 valet
1164 3902 1198 3967 in
1213 3903 1363 3970 favorem
1387 3905 1474 3971 liber·
1517 3942 1522 3972 ι

156 3991 246 4066 tatis,
263 3991 412 4055 intentio
429 3995 544 4055 contra
560 3991 757 4066 libertatem,
782 4012 845 4055 non
863 3994 974 4057 tamen
990 3991 1104 4055 eodem
1120 3992 1233 4056 modo:
1258 4013 1334 4058 nam
1351 3997 1390 4060 ut
1405 4014 1474 4059 cou·
1516 3979 1522 4008 ¹

156 4079 269 4145 fitendi
294 4079 450 4161 obligatio
481 4080 686 4162 imponatur,
721 4101 780 4163 per
808 4102 844 4144 se
875 4102 939 4146 nou
969 4080 1092 4146 sufficit
1121 4081 1300 4163 probabilis
1330 4083 1475 4167 probatio

157 4169 319 4235 commissi
353 4169 496 4252 peccati;
530 4189 644 4233 verum
674 4174 711 4234 ut
741 4191 800 4253 pro
830 4171 994 4252 exstincta
1025 4169 1185 4235 habeatur
1215 4171 1376 4253 obligatio
1405 4193 1476 4239 con·

156 4259 279 4334 litandi,
303 4258 413 4324 factae
437 4257 651 4322 confessionis
675 4258 823 4341 probatio
840 4258 962 4324 sufficit
985 4259 1173 4343 probabilis.
1205 4259 1426 4328 Nihilominus
1447 4261 1476 4326 iu

156 4348 353 4429 quibuslibet
376 4347 448 4412 istis
472 4346 577 4411 dubiis
600 4351 738 4432 predica
761 4348 891 4412 dubium
916 4349 985 4413 fere
1014 4369 1143 4431 semper
1166 4372 1205 4414 ec
1222 4356 1478 4441 praesumptione

156 4437 348 4501 solvendum
371 4442 423 4502 est
445 4441 516 4502 turn
539 4436 572 4499 in
596 4437 745 4501 favorem
769 4437 942 4513 libertatis,
966 4442 1036 4501 turn
1061 4442 1176 4503 contra
1199 4459 1282 4508 eam.

244 4543 283 4608 R.
310 4545 338 4608 2.
386 4544 433 4608 Ut
464 4547 576 4608 tamen
599 4543 730 4606 dubium
755 4564 775 4607 a
799 4543 896 4608 dubio
927 4543 1167 4625 distinguatur,
1199 4547 1355 4616 adverte:
1387 4547 1478 4614 dubia

156 4631 213 4696 illa
237 4639 428 4698 enumerata
452 4652 548 4715 posse
571 4653 643 4696 esse
673 4632 836 4713 utrimque
860 4633 1031 4714 negativa,
1062 4634 1226 4717 utrimque
1250 4637 1411 4719 positiva,
1440 4656 1478 4702 ex
