3044 5174
433 303 600 357 Matrimonii
619 305 777 358 contractus
795 302 975 357 condiciones.
1297 306 1361 371 505

76 479 170 545 ianus
195 479 347 546 exclusit.
387 479 476 563 Ergo
500 482 623 546 nullum
646 480 697 545 ius
721 479 909 562 nullumque
932 479 1098 544 vinculum
1120 479 1361 546 matrimoniale

76 592 80 632 ·.
102 573 268 636 exortum.

118 674 160 742 R.
184 679 215 741 4.
263 675 375 753 Aliud,
400 675 525 741 utiam
549 675 703 742 antesin
729 696 806 740 casu
830 674 997 758 superiore
1021 674 1206 753 dicebatur,
1231 677 1423 741 omnin08‘16

76 787 89 842 ι,
114 765 145 830 si
168 764 225 847 qui
248 785 360 830 amore
383 764 548 831 castitatis
572 763 659 829 omni
683 786 743 829 usu
766 763 967 830 matrimonii
984 764 1176 831 renuntiant
1192 765 1246 829 vel
1262 765 1361 831 etiam

76 857 146 919 rtua
169 853 386 920 conventione
409 854 609 921 renuntiant.
655 853 693 918 id
717 853 804 919 enim
826 853 896 919 fieri
920 875 1033 938 posse,
1059 854 1153 919 salva
1176 855 1362 920 substantia

76 942 249 1022 rtrimonii,
279 943 467 1026 exemplum
489 943 527 1009 Β.
551 943 677 1008 Mariae
700 943 741 1009 V.
771 947 805 1009 et
829 943 860 1009 S.
885 942 1014 1027 Iosephi
1045 943 1198 1012 ostendit.
1245 943 1361 1026 Neque

102 1036 202 1117 parte
234 1031 283 1097 rai
312 1031 489 1114 quidquam
518 1037 692 1115 repugnat.
745 1031 801 1096 Ius
833 1032 918 1096 enim
949 1031 1149 1098 matrimonii
1179 1032 1359 1114 legitimum

76 1125 129 1188 tur
152 1125 188 1187 et
211 1121 372 1205 accipitur
395 1125 496 1204 atque
518 1122 707 1187 radicaliter
728 1120 900 1199 retinetur,
925 1142 1124 1204 quamquam
1147 1126 1261 1188 mutua
1284 1142 1362 1186 con·

76 1210 186 1276 ctione
209 1231 271 1275 usu
294 1210 390 1275 huius
412 1210 492 1275 iuris
515 1231 589 1276 sese
612 1210 776 1276 abdicant.
819 1209 926 1286 Quare
950 1210 1004 1292 qui
1028 1216 1145 1294 postea
1168 1232 1261 1276 suam
1285 1232 1362 1276 con-

76 1321 140 1380 :ern
173 1299 215 1366 ad
246 1299 397 1383 copulam
428 1303 577 1383 cogeret,
610 1299 706 1364 fidem
738 1299 850 1365 datam
881 1300 934 1364 vel
965 1299 1066 1366 etiam
1096 1300 1255 1366 iustitiam
1286 1321 1362 1383 pro·

76 1387 196 1455 saionis
218 1389 376 1467 laederet,
404 1388 502 1454 immo
526 1389 554 1453 si
578 1388 749 1472 promissio
773 1392 852 1453 voto
876 1390 1069 1455 confirmata
1092 1393 1191 1466 esset,
1216 1390 1363 1455 laederet

76 1481 234 1564 igionem
254 1481 403 1545 attamen
426 1477 676 1543 fornicationem
699 1478 753 1543 vel
777 1477 972 1543 adulterium
996 1499 1061 1542 non
1085 1478 1315 1545 committeret.

225 1669 550 1738 MATRIMONIUM
573 1670 665 1736 CUM
688 1669 969 1737 IGNORANTIA
992 1669 1165 1737 INITUM.

589 1835 701 1902 Casus.
720 1843 797 1913 (257)

118 1975 282 2047 Ludovica,
303 1976 403 2052 puella
423 1976 472 2052 pie
494 1981 524 2035 et
544 1975 719 2034 innocenter
740 1976 875 2046 educata,
897 1975 999 2052 nupsit
1020 1974 1153 2047 Camillo,
1174 1975 1239 2035 viro
1261 1977 1360 2036 nobili.

76 2056 103 2128 i,
133 2075 200 2114 curn
222 2063 291 2133 post
312 2057 490 2115 celebratum
513 2056 732 2115 matrimonium
754 2056 911 2130 coniugale
933 2056 1062 2115 debitum
1085 2062 1216 2133 peteret,
1238 2076 1361 2131 gravem

76 2137 98 2195 it
117 2137 285 2212 repulsam,
313 2136 465 2196 Ludovica
492 2142 633 2212 quarente
660 2157 693 2196 se
714 2156 872 2212 numquam
901 2137 937 2195 de
967 2137 1021 2195 tali
1042 2155 1075 2194 re
1096 2136 1246 2212 cogitasse
1267 2156 1361 2214 neque

76 2235 169 2293 quarn
191 2236 224 2275 sc
252 2216 369 2276 ineam
398 2237 464 2276 esse
486 2236 707 2277 consensuram.
749 2217 836 2293 Apud
866 2217 1081 2276 confessarium
1108 2217 1296 2292 interrogans
1325 2218 1361 2277 de

76 2296 161 2356 nadio
183 2296 266 2355 audit
286 2296 344 2355 sibi
365 2296 445 2355 viam
465 2303 569 2374 patere
591 2297 628 2355 ad
644 2296 812 2371 eligendam
826 2297 920 2355 vitam
935 2297 1117 2372 religiosam:
1141 2317 1227 2373 quarn
1250 2299 1361 2357 actuali

76 2397 103 2436 ra
126 2376 291 2436 condicioni
312 2378 509 2454 praefert...
551 2377 666 2436 Relicto
687 2377 779 2451 igitur
798 2377 880 2449 viro,
909 2377 1086 2436 novitiatum
1108 2377 1170 2437 adit
1191 2379 1361 2437 monialium

76 2457 228 2527 rolarium,
259 2476 347 2533 quae,
377 2459 497 2534 expleto
525 2457 689 2518 novitiatus
711 2457 830 2516 biennio
858 2463 1051 2534 temporanea
1071 2461 1156 2529 vota,
1185 2465 1253 2535 post
1281 2459 1361 2517 aliud

76 2538 263 2613 inquennium
285 2543 429 2614 perpetua
449 2545 521 2597 vota
542 2539 678 2596 emittere
700 2539 805 2597 solent.
827 2571 866 2578 -
888 2539 999 2597 Verum
1020 2538 1180 2610 Camillus,
1202 2539 1252 2614 qui
1275 2538 1361 2598 caeli·

76 2639 96 2677 n
117 2617 212 2677 vitam
233 2619 341 2677 ducere
362 2638 422 2677 non
443 2619 521 2689 vult,
550 2618 614 2692 agit
635 2619 712 2695 apud
734 2618 861 2677 iudicem
882 2618 1135 2689 ecclesiasticum,
1164 2624 1197 2677 ut
1216 2621 1265 2678 vel
1286 2640 1362 2678 uxor

77 2699 88 2758 i
108 2697 252 2758 reddatur
272 2699 321 2758 vel
341 2698 470 2758 facultas
491 2699 545 2757 fiat
566 2698 642 2757 alius
662 2699 783 2757 incundi
804 2698 992 2759 matrimonii.

76 2835 211 2877 anninus
233 2818 262 2874 1ο
283 2815 362 2874 sitne
383 2813 551 2874 coniunctio
572 2814 754 2873 Ludovicam
775 2816 855 2873 inter
876 2821 906 2873 et
927 2815 1081 2876 Camillum
1102 2836 1154 2893 pro
1175 2815 1362 2875 matrimonio

286 2895 386 2954 valido
407 2894 553 2954 habenda.

233 2986 264 3043 2⁰
283 2984 413 3043 liceatne
434 2983 604 3043 Ludovicae
624 2984 718 3043 vitam
740 2984 911 3060 religiosam
932 2984 1081 3061 amplecti.

234 3076 264 3134 3⁰
285 3092 429 3149 quaenam
451 3071 542 3132 sitin
563 3073 618 3132 tali
639 3092 711 3133 casu
732 3073 789 3132 viri
811 3073 954 3133 condicio.

233 3164 264 3221 40
284 3162 353 3238 quid
375 3162 412 3220 ad
433 3161 530 3238 ipsum
551 3181 652 3221 casum
675 3162 859 3238 propositum
881 3162 1045 3221 dicendum.

628 3344 764 3412 Salutio.

120 3485 174 3550 An
198 3506 389 3561 qusnsrrun
415 3488 452 3548 1¹¹²
476 3484 515 3550 R.
543 3487 571 3550 1.
611 3484 814 3562 Difficultas,
847 3505 930 3565 quae
961 3483 1085 3550 moveri
1113 3490 1224 3569 potest
1247 3491 1423 3551 contratl'l

76 3574 231 3641 strimonii
254 3575 418 3650 valorem,
449 3574 555 3657 repeti
578 3578 689 3657 potest
712 3574 816 3639 solum
840 3594 882 3639 ex
910 3595 1020 3639 errore
1051 3575 1276 3652 substantiali,
1309 3574 1364 3656 qui

98 3670 137 3731 ut
160 3664 279 3728 dicitur
301 3664 333 3727 in
353 3667 500 3728 tractatu
517 3664 556 3728 de
574 3663 796 3730 contractibus
810 3663 844 3727 in
861 3685 992 3746 genere,
1017 3685 1059 3728 ex
1075 3669 1195 3730 natura
1215 3664 1262 3729 rei
1287 3685 1363 3729 con-

76 3756 175 3819 rctnm
199 3752 317 3818 reddat
340 3753 474 3818 nullum.
498 3791 544 3799 —
568 3753 689 3818 Verum
719 3753 753 3816 in
783 3757 897 3819 nostro
929 3774 1007 3818 casu
1036 3758 1224 3820 contractus
1248 3753 1363 3818 matri·

76 3841 184 3908 ›nialis
207 3842 373 3907 oriebatur
396 3862 460 3905 non
484 3846 554 3907 tam
575 3865 612 3906 ea
629 3864 735 3906 errore
758 3864 856 3924 qnam
875 3866 945 3908 cum
962 3845 1169 3930 ipra-orantia,
1190 3864 1266 3907 nam
1291 3844 1363 3925 plus

77 3953 130 3998 am
165 3931 333 4015 probabile
366 3934 418 3996 est
450 3931 595 3996 adfuisse
625 3931 831 3997 voluntatem
864 3933 1053 4014 generalem
1084 3931 1216 3997 ineundi
1248 3931 1363 3995 matri-

76 4020 143 4096 mii,
167 4024 248 4085 sicut
270 4024 381 4085 ineunt
404 4023 506 4098 ceteri,
532 4020 595 4084 etsi
618 4018 675 4085 illa
691 4019 845 4086 voluntas
869 4021 1032 4103 generalis
1056 4042 1119 4085 non
1144 4021 1311 4104 adscisset,
1335 4019 1364 4084 si

76 4109 218 4175 bstantia
241 4109 441 4175 matrimonii
465 4109 598 4191 cognita
621 4109 748 4176 luisset.
794 4110 910 4192 Neque
933 4113 1045 4175 tamen
1069 4109 1173 4174 videri
1203 4110 1299 4175 debet
1330 4109 1363 4173 in

78 4199 239 4264 udicandc
262 4198 376 4263 valore
400 4198 600 4264 matrimonii
623 4199 705 4278 initi,
730 4197 807 4281 quid
831 4199 1063 4265 contrahentes
1085 4199 1206 4264 facturi
1224 4199 1364 4264 fuissent

90 4293 182 4355 certa
205 4287 391 4371 hypothesi,
416 4309 500 4370 qnae
523 4309 560 4353 re
583 4289 655 4372 ipsa
679 4310 742 4354 non
767 4287 917 4365 obtinuit,
942 4289 1000 4353 sed
1024 4288 1110 4370 quod
1131 4289 1275 4372 fecerint,
1300 4287 1364 4353 etsi

77 4400 95 4443 c
119 4399 192 4443 cum
215 4376 402 4459 ignorantia
426 4377 573 4444 feceriut.

122 4484 162 4550 R.
180 4486 210 4550 2.
242 4484 328 4548 Hinc
352 4488 403 4549 est
426 4505 484 4548 cur
507 4485 539 4550 S.
556 4485 649 4550 Rom.
667 4484 784 4564 Congr.
809 4487 1000 4549 constanter
1023 4483 1167 4549 tenuerit
1191 4488 1225 4549 et
1250 4487 1364 4549 teneat

76 4573 191 4639 rsmodi
216 4572 425 4639 matrimonia
448 4594 507 4656 pro
532 4573 650 4639 validis
673 4572 824 4637 habenda
847 4593 930 4638 esse.
978 4571 1098 4649 Quodsi
1128 4572 1215 4639 forte
1245 4574 1306 4638 hoc
1331 4571 1364 4636 in

76 4662 193 4748 rgulari
217 4684 295 4729 casu
319 4683 339 4727 a
363 4683 442 4727 vero
459 4683 501 4727 ex
516 4667 612 4747 parte
628 4661 676 4727 rei
693 4661 865 4745 discrepet,
889 4665 1001 4727 tamen
1016 4683 1081 4726 non
1097 4662 1245 4745 sequitur
1260 4681 1363 4744 grave
