3044 5174
157 275 199 338 30
287 275 289 278 ’
607 271 648 325 De
666 271 844 326 sacramentis
862 271 1021 339 generatim.

246 449 346 526 Idam,
363 449 486 514 maiore
502 454 613 516 tamen
628 449 844 527 restrictione,
861 448 924 514 dici
939 452 1050 532 potest
1066 448 1240 530 aliquando
1257 449 1297 514 de
1309 470 1352 515 ss.
1366 449 1484 514 eucha-

156 536 251 605 ristia
267 543 301 604 et
317 539 357 603 de
373 539 578 604 absolutione
593 538 838 604 sacramentali:
856 537 942 621 quod
958 538 1026 603 suis
1041 538 1122 604 locis
1133 538 1239 619 magis
1255 537 1483 604 declarabitur.

112 670 146 723 45
246 660 300 725 An
331 683 522 738 ovassrrun
546 665 585 726 2¹²¹
608 662 648 728 R.
675 665 702 729 1.
739 662 851 728 Videri
874 666 987 745 potest
1009 662 1105 728 alicui
1129 661 1332 728 Hilarionem
1355 662 1483 729 facilius

157 750 343 833 baptizasse
366 751 511 817 infantes
535 771 755 835 paganorum,
788 772 860 815 curn
884 754 1054 817 imminens
1083 751 1199 816 mortis
1222 752 1404 835 periculum
1429 772 1482 816 seu

158 839 333 905 articulum
356 840 472 906 mortis
496 862 560 905 non
585 840 846 924 exspectaverit,
877 861 916 905 ac
939 840 1033 924 proin
1058 841 1241 924 complures
1265 841 1483 924 baptizaverit

159 928 213 1010 qui
236 929 431 1012 superstites
454 935 571 1013 postea
594 929 744 996 ethnicae
768 929 991 1013 superstitioni
1012 929 1177 995 inhaesuri
1193 929 1269 995 sint.
1293 967 1339 978 —
1361 930 1482 995 Verum

158 1019 198 1082 de
222 1017 283 1083 hac
305 1039 342 1083 re
365 1023 491 1101 postea,
515 1019 570 1083 ubi
592 1018 703 1084 mitior
726 1019 838 1102 praxis
862 1040 882 1083 a
906 1019 937 1083 S.
964 1018 1079 1084 Officio
1103 1019 1287 1102 approbata
1309 1019 1481 1084 referetur.

159 1107 196 1173 ld
220 1127 319 1171 unum
342 1107 394 1173 hic
418 1108 549 1184 adnoto,
573 1107 720 1173 infantes
743 1107 790 1172 sic
813 1107 998 1191 baptizatos
1020 1129 1081 1192 pro
1104 1128 1200 1191 posse
1224 1108 1388 1173 notandos
1412 1129 1481 1172 esse

158 1201 192 1262 et
222 1196 393 1261 observari
424 1197 561 1273 debere,
594 1218 688 1270 num,
719 1197 747 1262 si
778 1197 1003 1261 convaluerint
1034 1202 1069 1263 et
1091 1197 1312 1274 adoleverint,
1348 1198 1389 1261 de
1414 1219 1481 1262 sus-

158 1289 253 1368 cepto
277 1285 440 1369 baptismo
464 1307 528 1350 non
552 1286 678 1369 possint
708 1286 832 1351 moneri
855 1290 955 1367 atque
978 1286 1018 1350 de
1042 1286 1205 1352 catholiea
1227 1286 1423 1351 educatione
1445 1285 1481 1350 iis

157 1374 321 1458 provideri
344 1396 409 1441 non
431 1375 545 1458 possit.

250 1481 289 1547 R.
315 1483 345 1546 2.
377 1481 496 1546 Relate
520 1481 562 1546 ad
586 1481 716 1546 adultos
740 1481 889 1546 sensibus
912 1481 1088 1547 destitutos
1104 1480 1253 1546 Hilarion
1274 1480 1383 1546 levius
1407 1482 1484 1565 egit.

158 1569 245 1636 Nam
269 1573 307 1634 ut
330 1570 429 1636 liceat
452 1569 651 1635 sacramenti
675 1570 881 1636 collationem
905 1573 1084 1654 temptare,
1114 1570 1211 1636 debet
1233 1570 1350 1635 adesse
1374 1570 1482 1654 aliqua

159 1660 244 1726 ratio
268 1659 411 1743 positiva
435 1659 598 1725 iudicandi
629 1662 870 1725 sacramentum
901 1660 962 1725 hoe
985 1658 1093 1724 valide
1117 1664 1151 1725 et
1174 1680 1247 1724 cum
1270 1659 1382 1727 fructu
1407 1682 1480 1726 con·

159 1748 248 1813 ferri.
296 1747 387 1825 Quod
411 1748 565 1813 iudicium
588 1749 696 1830 quoad
719 1748 866 1814 homines
890 1748 1085 1813 christianos
1109 1753 1143 1814 et
1167 1749 1344 1814 catholicos
1368 1749 1482 1817 nititur

158 1837 191 1902 in
215 1835 403 1903 rationabili
426 1837 690 1921 praesumptione
714 1839 800 1919 quod
824 1837 927 1903 velint
950 1839 982 1903 in
1006 1838 1096 1903 vitae
1119 1837 1263 1921 periculo
1287 1843 1481 1922 supernatu-

158 1927 281 1992 ralibus
304 1926 397 1992 bonis
421 1927 598 2002 Ecclesiae,
624 1932 781 2009 quantum
805 1927 941 2010 possint,
966 1926 1048 2003 irui3
1073 1926 1180 2008 quoad
1196 1927 1345 1992 homines
1360 1928 1405 1992 ab
1420 1929 1480 1993 Ec·

158 2015 258 2081 elesia
280 2015 448 2081 seiunctos
471 2016 533 2081 niti
556 2037 621 2080 non
644 2021 755 2100 potest
778 2017 839 2081 nisi
863 2017 896 2080 in
919 2015 1061 2099 positivo
1078 2015 1171 2098 signo
1195 2036 1258 2098 quo
1276 2017 1479 2083 ostenderint

158 2104 353 2170 desiderium
376 2105 544 2171 Ecclesiae
568 2126 640 2170 sese
664 2105 826 2187 iungendi.
859 2105 944 2170 Hinc
967 2105 998 2170 S.
1018 2104 1168 2170 Officium
1192 2104 1222 2170 d.
1248 2105 1278 2171 d.
1304 2109 1346 2172 30
1370 2106 1479 2174 Martii

160 2196 244 2259 1898
269 2194 472 2278 approbante
495 2194 603 2260 Leone
626 2194 703 2259 Xlll
728 2194 822 2259 dicit:
862 2194 928 2269 ,De
951 2193 1200 2259 Mahumedauis
1223 2195 1428 2261 moribundis
1449 2202 1478 2262 et

158 2282 308 2348 sensibus
340 2283 507 2349 destitutis
530 2283 791 2365 respondendum
815 2286 867 2347 est
896 2286 933 2347 ut
963 2282 997 2347 in
1027 2284 1112 2348 decr.
1138 2283 1169 2349 S.
1197 2283 1304 2348 Officii
1336 2286 1377 2349 18
1403 2285 1478 2369 Sep·

157 2372 292 2436 tembris
319 2374 404 2437 1850
435 2373 477 2437 ad
507 2373 694 2456 episcopum
718 2371 946 2443 Parthensem,
978 2371 1010 2435 id
1042 2377 1108 2438 est:
1141 2373 1177 2437 Si
1207 2380 1303 2437 antea
1334 2375 1477 2439 dederint

157 2463 250 2546 eipna
274 2463 348 2526 nelle
372 2461 549 2546 baptizari,
582 2464 627 2526 nei
657 2464 692 2525 ia
720 2464 882 2546 praesenti
912 2469 995 2525 statu
1027 2470 1083 2524 cut
1112 2469 1191 2526 cndu
1216 2469 1272 2525 ant
1302 2465 1366 2527 aiio
1391 2466 1477 2528 mode

159 2552 292 2615 eandem
315 2553 548 2639 dispositionem
573 2553 775 2633 ostenderint,
800 2551 961 2636 baptizari
978 2571 1072 2635 posce
1095 2552 1151 2615 aab
1176 2552 1374 2635 condicione,
1407 2570 1477 2637 qua·

116 2672 122 2675 ·
157 2639 253 2704 tenus
277 2639 386 2704 tamen
410 2638 647 2719 missionarius,
671 2638 798 2705 cunctis
821 2656 932 2704 rerum
956 2637 1122 2704 adiunctis
1143 2638 1311 2724 inspectis,
1334 2640 1385 2706 ita
1409 2660 1477 2727 pru-

158 2726 276 2793 denter
300 2727 529 2793 iudicaverit.“
561 2729 649 2811 Ergo
674 2750 730 2793 eos
754 2732 882 2793 tantum
906 2728 1130 2794 condicionate
1147 2728 1314 2812 baptizare
1332 2729 1476 2796 Hilarion

156 2817 264 2901 potuit
294 2818 334 2881 de
362 2838 498 2898 quorum
522 2818 692 2882 voluntate
715 2817 769 2900 pia
793 2818 846 2882 vel
870 2816 1082 2900 dispositione
1113 2818 1198 2882 bona
1227 2817 1407 2901 positivum
1436 2820 1475 2884 si·
1518 2852 1520 2857 ·

157 2927 255 2988 gnum
281 2906 333 2970 vel
357 2905 531 2989 positivam
556 2906 698 2989 aliquam
721 2906 914 2989 prudentem
931 2907 1151 2971 coniecturam
1168 2906 1290 2973 habuit.
1323 2907 1475 2991 Reliquos
1517 2974 1520 2986 ,

157 2994 266 3060 divino
290 2995 407 3060 iudicio
431 2994 625 3077 divinaeque
648 2995 889 3061 misericordiae
913 2996 1025 3062 debuit
1048 2994 1240 3076 relinquere.

246 3101 284 3167 R.
312 3104 341 3167 3.
384 3101 466 3166 Rem
497 3100 602 3166 levius
631 3122 704 3167 esse
734 3105 902 3184 peractam
936 3104 1074 3166 eventus
1096 3101 1259 3185 probavit.
1306 3101 1397 3168 Nam
1427 3104 1475 3186 qui
1517 3106 1520 3113 '

110 3256 112 3267 ,
158 3191 335 3256 ostendunt
358 3197 473 3273 postea
497 3190 733 3274 displicentiam
765 3191 806 3254 de
835 3189 998 3273 baptismo
1028 3189 1089 3255 sibi
1120 3190 1367 3269 administrato,
1400 3192 1476 3260 satis

157 3280 299 3362 probant
327 3300 363 3344 se
396 3281 613 3345 necessariam
643 3278 857 3345 intentionem
880 3300 1055 3361 numquam
1079 3279 1232 3345 habuisse
1256 3281 1308 3345 vel
1333 3303 1399 3347 non
1423 3282 1476 3349 ha·

156 3367 265 3434 buisse
289 3373 596 3435 non-retractatam.
644 3368 751 3446 Quare
774 3369 806 3432 hi
830 3368 973 3433 invalide
996 3368 1153 3452 baptizati
1178 3374 1264 3435 sunt.

246 3457 368 3534 Quibus
391 3462 501 3523 autem
524 3458 679 3541 baptismi
702 3458 785 3523 ritus
801 3457 926 3541 placuit
941 3459 982 3522 oh
1001 3464 1229 3541 recuperatam
1245 3458 1474 3536 valetudinem,

155 3546 177 3610 ii
201 3568 266 3612 non
290 3547 376 3611 illico
407 3547 583 3613 ostendunt
612 3568 647 3611 se
671 3568 707 3611 re
732 3568 810 3611 vera
841 3547 1054 3612 intentionem
1086 3547 1301 3613 sufficientem
1326 3548 1476 3633 baptismi
1513 3560 1520 3613 l

156 3635 334 3718 recipiendi
357 3636 527 3712 habuisse;
552 3637 609 3701 sed
633 3635 841 3701 examinandi
865 3642 942 3701 sunt
958 3636 1152 3702 accuratius.
1185 3637 1257 3702 Nisi
1273 3636 1377 3720 igitur
1401 3647 1475 3705 cerie

156 3729 286 3790 constet
309 3746 365 3789 eos
388 3730 422 3791 et
446 3747 590 3812 expresse
612 3725 764 3791 habuisse
788 3725 989 3791 voluntatem
1012 3725 1188 3809 recipiendi
1204 3725 1359 3809 baptismi
1375 3748 1475 3811 neque

156 3815 239 3879 hanc
263 3815 467 3879 voluntatem
490 3819 699 3892 retractasse,
724 3815 784 3878 sub
808 3814 995 3879 condicione
1019 3815 1242 3898 rebaptizandi
1264 3821 1352 3882 sunt.

112 3927 146 3979 46
245 3911 283 3977 R.
309 3918 339 3977 4.
368 3912 480 3989 Quoad
504 3916 685 3977 extremam
710 3911 896 3978 unctionem
919 3912 1105 3977 christianis
1128 3913 1283 3978 collatam
1306 3912 1407 3997 longe
1430 3914 1474 3979 f·

156 4001 250 4066 cilius
274 4001 313 4065 dc
338 4002 451 4066 valore
474 4000 556 4066 satis
580 4001 754 4067 constabit.
786 4000 850 4065 Pro
874 4002 930 4065 illa
954 4002 1038 4066 enim
1063 4002 1132 4067 sine
1149 4003 1214 4067 ullo
1238 4002 1335 4067 dubio
1359 4003 1476 4069 sufficit

156 4090 295 4156 intentio
319 4090 486 4173 implicita,
512 4111 595 4172 quae
618 4090 696 4155 insit
717 4090 750 4155 in
778 4112 817 4155 ea
834 4092 1004 4155 voluntate
1028 4112 1093 4172 qua
1117 4092 1188 4173 quis
1205 4092 1277 4157 vult
1301 4091 1474 4160 christiano
1513 4170 1517 4181 1

156 4201 246 4244 more
275 4179 368 4246 mori.
415 4180 522 4256 Quare
552 4181 591 4244 de
622 4180 734 4244 valore
764 4200 789 4245 s.
815 4181 978 4244 unctionis
1011 4202 1121 4245 eorum
1149 4180 1203 4262 qui
1235 4186 1351 4263 postea
1376 4184 1418 4248 de
1440 4201 1474 4246 ea

156 4269 303 4350 gaudent
335 4273 369 4334 et
400 4269 526 4350 gratias
558 4275 678 4351 agunt,
713 4289 776 4333 non
810 4274 861 4334 est
893 4269 1115 4335 dubitandum.
1163 4270 1279 4351 Neque
1310 4271 1350 4334 de
1384 4270 1472 4337 nulli-

156 4362 227 4423 tate
258 4362 387 4423 constat
415 4359 520 4439 quoad
554 4379 609 4423 eos
634 4357 687 4440 qui
711 4364 827 4440 postea
851 4379 892 4422 ex
916 4359 1019 4423 stulta
1046 4360 1304 4441 apprehensione
1328 4360 1399 4425 eius
1423 4360 1473 4427 ad·

156 4447 429 4512 ministrationem
453 4448 558 4511 minus
582 4448 781 4530 approbant:
808 4468 1004 4528 quamquam
1028 4449 1135 4528 quoad
1161 4469 1216 4512 eos
1244 4470 1297 4512 res
1323 4449 1472 4515 facillime

129 4535 255 4609 ,dubia
289 4536 367 4605 erit.
399 4541 498 4617 atque
532 4536 559 4599 si
590 4536 767 4619 periculum
800 4537 915 4601 mortis
945 4537 1102 4620 persistat
1131 4537 1163 4601 hi
1194 4538 1372 4603 dedocendi
1404 4539 1472 4604 sunt

156 4625 293 4690 stultam
315 4625 413 4692 istam
438 4625 619 4709 opinionem
652 4631 685 4691 et
716 4625 757 4690 ad
790 4626 952 4690 cautelam
976 4628 1080 4691 denuo
1104 4628 1163 4691 sub
1188 4627 1376 4693 condicione
1402 4625 1471 4709 ungi
