3044 5174
320 332 446 387 Minister
463 331 563 402 paenit
583 361 617 370 -
636 332 734 401 agendi
752 333 823 388 ratio
841 351 903 388 oum
922 332 1121 388 occasionariis.
1249 415 1256 436 o
1321 336 1385 399 341

53 508 234 573 iussionem
257 529 361 587 suam,
386 508 444 574 sed
467 507 688 574 exsecutionis
712 509 900 575 dilationem
924 513 1053 576 tantum
1078 510 1238 576 concedat
1260 509 1387 577 iubeat-

55 618 120 680 que
144 596 354 682 paenitentes
376 601 453 681 post
476 596 607 680 aliquod
631 598 759 681 (breve)
782 603 913 683 tempus
936 599 978 664 ad
1002 598 1239 664 confessionem
1262 599 1386 665 redire:

56 707 122 768 quo
147 686 277 764 videat,
309 686 385 770 quid
408 707 507 771 porro
530 687 634 772 possit
656 687 829 770 indulgeri.
876 688 1012 754 Interim
1035 708 1115 754 vero
1140 688 1269 754 omnino
1293 709 1386 773 prae-

55 775 203 841 scribere
227 775 325 841 debet
348 796 462 841 omnes
485 777 632 842 cautelas
655 797 739 859 quae
762 777 846 843 alias
862 776 1068 844 necessariae
1090 783 1167 844 sunt
1190 778 1231 844 ad
1247 777 1386 844 redden·

55 865 133 930 dam
157 864 363 930 occasionem
387 868 547 931 remotam
572 866 623 931 vel
648 866 782 932 nullam.

467 1073 643 1141 OCCASIO
667 1075 888 1141 PuchNDI
911 1073 981 1158 (Π).

624 1240 736 1307 casus.
754 1248 831 1319 (rra)

146 1381 285 1443 Getulius
299 1401 416 1441 amores
436 1381 513 1441 fovit
534 1400 605 1456 erga
619 1384 738 1441 Annam
760 1400 882 1458 eamque
897 1381 1005 1441 ducere
1018 1381 1092 1453 vult,
1113 1402 1214 1441 verum
1236 1383 1388 1444 obsistunt

56 1469 214 1540 parentes;
228 1462 419 1522 nihilominus
434 1481 559 1539 sperans
574 1482 639 1521 eum
654 1469 785 1540 tempore
800 1468 984 1521 cessaturam
999 1481 1065 1521 esee
1080 1463 1158 1521 hano
1172 1464 1386 1540 oppositionem

56 1543 278 1602 familiaritates
305 1562 371 1601 cum
392 1543 482 1602 Arma
508 1543 618 1602 habere
646 1543 759 1620 pergit,
789 1561 880 1619 saepe
900 1561 966 1601 eam
987 1543 1107 1615 visitat,
1138 1547 1172 1602 ut
1200 1562 1265 1603 eam
1286 1551 1388 1606 servet

56 1624 112 1683 sibi
134 1623 267 1695 fidelem,
295 1642 390 1698 neque
411 1630 512 1682 tamen
532 1624 646 1700 palam,
674 1642 713 1682 ue
733 1629 874 1700 parentes
896 1622 1093 1682 offendantur.
1134 1623 1259 1682 Fatetur
1279 1645 1313 1684 se
1334 1627 1386 1685 ali-

56 1703 173 1779 quoties
194 1703 334 1763 liberiora
354 1707 537 1775 attentasse,
566 1723 641 1779 quae
662 1704 763 1780 puella
783 1708 957 1762 constanter
976 1702 1096 1774 reiecit,
1125 1723 1220 1780 neque
1240 1725 1273 1764 se
1294 1705 1324 1764 id
1345 1707 1386 1765 se·

57 1785 135 1843 cisse
157 1783 224 1842 siue
245 1782 371 1843 consilio
392 1789 534 1859 parentes
556 1784 592 1842 ad
615 1803 792 1843 consensum
813 1783 949 1858 cogendi,
971 1782 997 1842 si
1018 1783 1149 1842 viderint
1169 1784 1385 1845 matrimonium

56 1864 192 1924 evasisse
213 1863 424 1923 necessarium.

58 1979 239 2050 Quaerimus
266 1982 297 2038 1⁰
323 1978 467 2117 liceatnqs
481 1977 601 2056 sponsis
630 1998 702 2056 prae
733 1978 800 2038 aliis
831 1978 930 2038 subire
957 1979 1091 2056 pericula
1118 1997 1172 2038 seu
1199 1979 1386 2038 occasionem

324 2078 437 2135 peccan
458 2078 476 2119 1.

266 2158 296 2215 2⁰
324 2155 450 2232 quidde
471 2155 591 2217 Getulio
613 2162 644 2215 et
664 2156 754 2215 Anna
776 2175 935 2233 eorumque
955 2156 1099 2234 peccandi
1120 2156 1286 2217 occasione.

652 2338 788 2426 Sqlutio.

145 2484 201 2548 Au
218 2501 410 2558 qurssrruu
435 2484 472 2545 1¹⁰
500 2481 538 2547 R.
566 2484 593 2546 1.
641 2481 721 2545 Cum
751 2481 898 2565 plerique
928 2482 1076 2548 homines
1106 2483 1282 2548 secundum
1309 2499 1447 2568 pro-599

55 2572 236 2638 videntiam
260 2570 406 2636 divinam
428 2569 462 2635 in
485 2569 692 2636 matrimonio
709 2569 824 2636 vivere
839 2571 989 2650 debeant,
1013 2593 1093 2637 sane
1109 2572 1220 2639 licebit
1235 2572 1275 2638 iis
1299 2594 1387 2638 com-

55 2669 185 2745 partem
211 2680 369 2742 quaerere
394 2680 530 2741 eamque
553 2663 653 2725 antea
676 2680 884 2740 cognoscere.
917 2660 1124 2746 Quapropter
1147 2666 1262 2728 mutua
1285 2684 1386 2746 quae-

56 2751 130 2816 dam
148 2748 361 2815 conversatio
376 2749 464 2814 inter
478 2748 613 2813 iuvenes
630 2753 664 2815 et
679 2748 807 2832 puellas
824 2769 866 2813 ex
885 2749 973 2815 seria
988 2749 1171 2816 intentione
1186 2752 1386 2818 matrimonii

59 2837 212 2922 quaesita
234 2838 289 2903 vel
311 2841 466 2922 suscepta
488 2837 651 2922 prohiberi
675 2837 797 2921 nequit.

10 2958 30 2987 ⁸
144 2944 185 3011 R.
210 2948 240 3012 2.
286 2943 509 3010 Nihilominus
532 2944 740 3011 conversatio
771 2943 921 3010 solitaria
952 2947 987 3010 et
1016 2945 1101 3010 clam
1131 2944 1223 3012 facta
1246 2968 1311 3012 non
1335 2968 1385 3012 so·

53 3035 121 3100 lum
151 3033 193 3099 iis
222 3033 406 3117 periculosa
430 3037 498 3112 est,
530 3033 627 3100 sicuti
658 3033 777 3100 ceteris
807 3033 975 3112 omnibus,
1006 3033 1064 3099 sed
1092 3055 1131 3100 eo
1161 3035 1384 3120 periculosior,

54 3145 118 3206 quo
149 3123 256 3206 magis
285 3127 418 3188 mutuus
449 3142 541 3190 amor
571 3122 715 3206 coeperit
746 3123 971 3190 exardescere.
1018 3123 1126 3199 Quare
1149 3125 1190 3189 ab
1223 3124 1285 3191 hac
1308 3145 1385 3208 pro-

53 3211 187 3279 bibendi
210 3216 288 3277 sunt
311 3211 411 3278 etiam
435 3211 664 3297 nupturientes
688 3216 722 3278 et
745 3212 873 3296 spousi;
899 3216 998 3295 atque
1021 3211 1237 3278 insistendum
1262 3217 1323 3293 est,
1348 3220 1385 3281 ut

53 3301 214 3378 visitatio,
238 3301 347 3384 siqua
370 3301 557 3367 necessaria
573 3306 633 3379 est,
658 3303 717 3368 fiat
733 3302 793 3366 sub
810 3301 913 3366 oculis
929 3301 1078 3380 aliorum,
1103 3303 1246 3368 maxime
1263 3324 1385 3386 cogna-

54 3397 164 3459 torum
189 3411 246 3455 seu
270 3395 444 3475 parentum
461 3391 515 3456 vel
539 3391 676 3456 aliorum
693 3391 870 3474 proborum
887 3390 1063 3468 hominurn,
1089 3391 1144 3473 qui
1168 3392 1240 3456 loco
1264 3413 1384 3476 pareu-

53 3487 124 3548 tum
149 3480 226 3557 siut‚
251 3480 305 3544 vel
329 3480 448 3546 saltem
471 3484 509 3546 ut
531 3482 591 3546 fiat
614 3501 652 3545 eo
676 3480 747 3545 loco
772 3485 887 3564 aperto
911 3481 965 3561 qui
982 3501 1160 3562 numquam
1183 3503 1317 3547 securus
1340 3483 1385 3547 sit

52 3571 95 3636 ab
120 3590 256 3636 accessu
280 3569 418 3635 aliorum
441 3568 616 3635 hominum.

142 3676 183 3742 R.
208 3678 238 3742 3.
285 3674 420 3752 Quando
444 3681 555 3741 autem
577 3673 779 3758 possibilitas
806 3674 1004 3740 matrimonii
1035 3676 1178 3740 nondum
1211 3676 1306 3742 adest
1328 3679 1382 3743 vel

52 3766 149 3831 abest
173 3764 242 3829 eius
265 3763 423 3841 intentio,
448 3770 563 3830 mutua
586 3764 794 3830 conversatio
817 3765 973 3829 iuvenum
996 3769 1031 3831 et
1055 3765 1237 3848 puellarum
1263 3766 1383 3832 amoris

52 3875 155 3920 causa
177 3853 329 3919 interdici
352 3853 458 3945 debet,
484 3875 557 3918 oum
573 3853 626 3919 vel
642 3853 686 3918 sit
701 3854 755 3918 vel
771 3874 848 3918 mox
865 3874 1005 3920 evasura
1021 3853 1065 3919 sit
1081 3854 1238 3940 peccandi
1254 3855 1381 3920 occasio

51 3943 222 4028 proxima;
255 3942 403 4025 adeoque
435 3943 535 4009 etiam
568 3963 643 4020 eos,
679 3942 796 4024 quibus
826 3942 913 4009 forte
944 3943 1086 4009 nondum
1116 3944 1180 4010 fuit
1209 3949 1382 4028 peccatum

52 4053 167 4115 grave,
191 4032 334 4116 prudens
357 4031 577 4097 confessarius
601 4030 731 4096 omnino
755 4032 913 4097 retrahet.
945 4033 1089 4115 Sponsos
1105 4037 1216 4098 autem
1239 4033 1380 4114 urgebit,

51 4144 91 4188 ne
108 4120 352 4187 matrimonium
370 4121 627 4187 contrahendum
645 4121 700 4185 diu
717 4120 880 4198 differant,
905 4142 1010 4203 neque
1026 4121 1215 4204 frequentes
1230 4121 1381 4188 inutiles-

52 4233 117 4294 que
140 4210 350 4277 visitationes
373 4211 564 4277 continuare
586 4210 681 4276 sinet.

141 4334 196 4400 Au
218 4355 410 4412 qurasrrurr
434 4337 472 4398 2¹²
496 4334 535 4400 R..
562 4336 590 4399 l.
638 4333 788 4399 Getulius
818 4333 965 4416 quidem,
997 4332 1059 4397 uisi
1082 4338 1238 4417 parentes
1261 4337 1442 4410 ioetorrrssoq

10 4474 14 4509 ι
51 4446 187 4491 causam
210 4423 453 4492 contradicendi
483 4421 622 4499 habeut,
655 4423 764 4506 potuit
794 4428 828 4488 et
857 4426 968 4506 potest
990 4420 1106 4488 Annae
1136 4422 1380 4488 matrimonium

50 4513 261 4598 promittere;
292 4513 320 4578 si
343 4516 497 4596 parentes
521 4516 631 4578 autem
655 4513 778 4577 habent
800 4532 937 4594 gravem
960 4533 1093 4576 causam
1124 4511 1378 4590 contradicendi,

10 4608 15 4675 l
49 4605 132 4671 haec
168 4624 241 4669 cum
271 4601 368 4668 Anna
405 4601 570 4684 sponsalia
607 4623 673 4665 non
703 4602 835 4679 valent,
875 4601 933 4665 sed
965 4601 1063 4666 debet
1100 4601 1198 4666 aliam
1236 4601 1378 4685 puellam

50 4693 113 4759 sibi
137 4691 290 4774 deligere.
337 4690 459 4768 Quodsi
488 4689 730 4757 rationabiliter
759 4695 872 4773 sperat
902 4689 972 4754 fore
1002 4694 1040 4756 ut
1062 4694 1233 4773 parentes,
1265 4711 1307 4754 ex
1331 4690 1378 4756 le·

10 4914 16 4973 l
