3044 5174
149 286 215 352 366
492 280 697 335 Sacramentum
716 279 907 350 paenitentiae.
928 310 960 318 -
980 279 1134 351 Appendix.

148 458 219 525 sive
249 458 484 524 antecedenter
513 457 579 522 iam
610 456 655 523 sit
684 456 900 533 constitutus,
931 455 1003 521 sive
1034 476 1120 521 nunc
1148 454 1342 540 priusquam
1364 475 1480 539 preces

148 547 223 614 illas
246 547 365 613 fundat
387 567 447 631 per
475 551 586 613 actum
616 545 785 631 perfectae
814 544 1021 613 contritionis
1050 565 1087 610 se
1116 544 1319 612 constituere
1349 545 1478 611 debeat.

148 636 256 716 Quare
280 636 334 718 qui
358 635 392 701 in
415 639 507 702 statu
529 635 661 717 gratiae
683 639 853 713 versatur,
887 655 1022 700 necesse
1045 655 1111 700 non
1140 633 1241 700 habet
1263 641 1379 701 actum
1402 655 1479 700 con·

150 726 294 793 tuitionis
317 725 541 809 praemittere.

237 815 287 880 Re
316 815 388 899 ipsa
416 814 496 879 illud
526 812 685 889 ,contrito
715 812 830 879 corde“
857 811 1041 895 generatim
1070 833 1130 896 pro
1154 811 1346 878 condicione
1368 811 1478 896 operis

148 903 342 988 praescripti
366 903 429 970 rite
452 901 593 969 faciendi
618 903 824 980 enuntiatum
849 901 1066 986 paucissimae
1082 901 1185 984 igitur
1206 905 1285 968 suut
1304 901 1477 985 indulgen·
1516 914 1518 983 6

148 993 216 1060 6166
239 993 272 1058 in
296 992 413 1075 quibus
436 991 598 1076 probabili
619 990 667 1056 illi
691 991 843 1076 opinioni,
868 991 909 1057 de
932 990 1045 1073 quain
1061 990 1101 1057 n.
1122 994 1137 1055 1
1164 991 1287 1057 dictum
1306 995 1368 1069 est,
1393 991 1476 1056 mul·

148 1086 219 1150 tum
240 1082 297 1148 fidi
321 1082 456 1167 possit1.

238 1170 425 1253 Siquando
457 1172 568 1235 autem
592 1169 634 1234 ad
664 1168 840 1234 lucrandos
871 1167 1093 1252 indulgentias
1122 1169 1219 1253 plura
1249 1188 1352 1252 opera
1380 1189 1476 1252 prae·

148 1259 343 1338 scribuntur,
368 1259 547 1341 requiritur
570 1261 605 1323 et
627 1257 750 1324 sufficit
773 1264 811 1323 ut
826 1257 976 1324 ultimum
993 1279 1075 1342 opus
1089 1257 1124 1323 in
1146 1260 1238 1324 statu
1253 1257 1385 1375 gratliae
1410 1259 1475 1325 fiat.

147 1349 195 1417 fif.
219 1349 426 1414 ltaccolta
450 1350 599 1414 Praenot.
623 1368 655 1414 n.
680 1347 737 1417 IV.

86 1487 138 1540 645
236 1473 290 1537 Au
306 1493 497 1549 quunsmuu
515 1477 553 1536 2¹¹²
573 1472 611 1538 R.
632 1475 660 1538 1.
693 1471 853 1554 Quidquid
877 1475 928 1537 est
952 1471 992 1536 de
1015 1470 1221 1554 speculativa
1243 1469 1302 1536 illa
1325 1469 1476 1555 opinione

149 1561 236 1627 circa
259 1561 481 1645 indulgentias
505 1582 564 1644 pro
588 1560 753 1626 defunctis
775 1560 961 1637 lucrandas,
984 1559 1130 1644 practice
1146 1559 1297 1642 Ignatius
1321 1559 1474 1625 excessit.

148 1652 235 1717 Nam
265 1651 350 1734 quod
380 1651 560 1717 theoretice
590 1655 642 1716 est
670 1649 855 1735 probabile,
887 1649 920 1714 id
950 1648 1142 1733 simpliciter
1170 1647 1241 1714 sine
1271 1648 1475 1716 dubitatione

148 1738 328 1806 affirmavit
349 1740 504 1825 practice.

237 1847 276 1913 R.
301 1849 331 1913 2.
378 1847 470 1924 Quod
494 1849 604 1912 autem
628 1845 712 1911 hanc
735 1845 935 1930 opinionem,
960 1864 1045 1927 quae
1069 1843 1156 1910 circa
1177 1843 1403 1928 indulgentias
1427 1848 1475 1910 est

148 1935 335 2020 probabilis,
361 1937 461 2002 etiam
484 1936 656 2002 transtulit
679 1935 720 2001 ad
744 1933 931 2020 personalia
954 1955 1055 2017 opera
1079 1937 1114 1999 et
1129 1933 1296 1999 orationes
1321 1932 1473 2010 fidelium,

149 2025 203 2108 qui
228 2025 294 2091 siut
318 2029 415 2092 extro
438 2030 563 2091 statum
586 2023 727 2107 gratiae,
751 2025 785 2089 in
800 2024 861 2089 hoe
884 2022 1123 2089 intolerabilem
1140 2022 1304 2090 commisit
1319 2043 1473 2088 errorem.

149 2114 235 2179 Nom
259 2115 345 2196 quod
368 2115 598 2197 satisfactionis
621 2113 728 2179 inesse
751 2117 863 2198 potest
885 2112 1081 2195 quibuslibet
1112 2112 1264 2195 operibus
1287 2111 1383 2177 bonis
1406 2111 1476 2177 sive

149 2203 351 2269 orationibus
373 2203 445 2268 sive
468 2203 558 2282 aliis,
589 2202 622 2267 id
652 2202 739 2268 inest
768 2203 848 2268 solis
871 2202 1023 2286 operibus
1054 2205 1219 2267 iustorum.
1266 2199 1350 2279 Quia
1373 2201 1476 2284 igitur

148 2291 259 2357 iniusti
283 2292 362 2356 nihil
392 2291 502 2357 facere
532 2297 686 2376 possunt,
718 2293 803 2373 quod
827 2292 973 2357 valorem
1003 2289 1240 2357 satisfactionis
1270 2310 1384 2356 coram
1407 2290 1476 2355 Deo

149 2381 257 2458 habet,
282 2385 459 2465 propterea
481 2402 546 2446 non
562 2382 668 2446 solum
683 2402 748 2446 non
772 2402 831 2465 pro
855 2402 900 2456 se,
925 2381 983 2445 sed
999 2400 1104 2461 neque
1120 2401 1180 2463 pro
1197 2377 1360 2446 defunctis
1376 2379 1475 2446 satis·

147 2470 258 2535 facere
281 2469 456 2552 quicquam
481 2473 627 2554 possunt.

236 2575 275 2642 R.
301 2580 331 2642 3.
363 2576 506 2642 Restant
529 2576 600 2641 sola
623 2575 729 2641 oratio
745 2596 810 2658 qua
826 2578 1047 2660 impet-rotaria
1063 2573 1239 2656 etreliqua
1255 2595 1356 2658 opera
1379 2575 1475 2653 bona,

147 2669 309 2746 quatenus
333 2686 404 2730 cum
429 2665 610 2731 intentione
634 2664 756 2747 aliquid
779 2665 974 2748 impetrandi
992 2667 1061 2730 Deo
1085 2665 1276 2730 offeruntur.
1308 2663 1398 2729 Num
1415 2663 1477 2729 hoc
1516 2664 1518 2733 1

148 2755 243 2819 6666
274 2753 421 2820 defuncti
451 2757 568 2820 directe
597 2758 631 2820 et
661 2756 843 2820 immediate
872 2753 980 2819 iuvari
1010 2753 1153 2836 possint,
1188 2752 1287 2835 idque
1320 2754 1361 2819 ab
1396 2753 1476 2837 ipsis
1516 2741 1518 2825 1

147 2842 259 2921 iustis,
290 2865 345 2908 res
373 2865 438 2908 nou
469 2849 521 2911 est
550 2865 683 2927 prorsus
713 2849 813 2909 certa.
860 2844 973 2925 Longe
996 2843 1153 2908 incertius
1182 2842 1244 2907 hoc
1267 2841 1376 2907 estin
1401 2864 1476 2908 ora-

147 2932 236 2999 tione
259 2932 381 2999 iniusti.

85 3053 138 3106 646
236 3040 275 3104 R.
300 3040 330 3104 4.
377 3039 429 3102 Ex
453 3039 559 3104 altera
582 3041 677 3122 parte
701 3037 862 3103 moderari
886 3037 1031 3102 nonnihil
1055 3035 1168 3103 debuit
1190 3036 1356 3120 Ignatius,
1390 3059 1476 3118 quae

147 3126 233 3193 dixit
261 3126 349 3193 circa
373 3127 556 3192 efficaciam
588 3147 721 3211 operum
753 3131 787 3192 et
818 3126 1003 3192 orationum
1035 3126 1175 3192 hominis
1205 3126 1317 3193 iniusti
1347 3148 1409 3211 pro
1440 3148 1476 3192 se

146 3215 226 3300 ipso.
274 3217 359 3281 Nam
385 3237 581 3298 quamquam
613 3221 738 3283 certum
769 3219 821 3280 est
850 3236 923 3280 eum
953 3237 1012 3301 pro
1045 3215 1158 3299 poenis
1181 3219 1325 3300 ,peccato
1354 3216 1476 3282 debitis
1516 3234 1518 3239 ·

230 3435 235 3465 ¹
257 3436 385 3487 Attamen
405 3451 438 3486 ne
458 3434 483 3486 in
504 3433 560 3487 illis
579 3433 686 3502 quidem
707 3432 892 3501 indulgentiis,
911 3433 939 3486 iu
958 3450 1074 3501 quarum
1094 3433 1269 3486 concessione
1287 3432 1389 3487 dicitur
1411 3435 1472 3503 ,qui

146 3503 262 3557 contrito
281 3506 361 3557 corde
379 3506 586 3570 recitaverint⁸,
613 3504 726 3558 intentio
746 3504 885 3558 Ecclesiae
911 3511 984 3557 certa
1010 3508 1054 3558 est
1071 3504 1145 3558 circa
1171 3503 1330 3558 facultatem
1349 3503 1474 3559 lucrandi

147 3592 193 3628 eas
213 3575 396 3642 indulgentias
415 3576 497 3629 etism
517 3595 565 3646 pro
585 3577 721 3630 defunctis
739 3579 869 3640 statuere,
889 3579 920 3628 ut
939 3575 1006 3628 baec
1019 3576 1137 3630 facultas
1150 3574 1221 3628 desit
1239 3576 1298 3629 eine
1317 3580 1395 3630 statu
1414 3595 1475 3647 gra-

145 3647 209 3699 tiae.
247 3647 373 3700 Fortasse
393 3647 480 3701 voluit
505 3652 611 3700 tantum
637 3666 761 3710 monere,
785 3648 880 3701 fideles
906 3650 937 3700 ut
960 3649 1013 3700 sibi
1037 3647 1181 3716 acquirant
1205 3646 1422 3714 indulgentiam,
1448 3650 1473 3701 in

145 3721 221 3770 statu
241 3717 346 3785 grat-iae
365 3718 463 3772 debere
483 3719 624 3772 exsistere.
650 3719 692 3772 En
711 3719 849 3772 decretum
869 3719 893 3772 d.
914 3720 948 3772 22
961 3718 1039 3773 Febr.
1056 3719 1123 3773 1847
1144 3718 1234 3786 (Decr.
1255 3720 1330 3772 6666.
1349 3737 1376 3773 6.
1397 3720 1473 3787 34116

145 3786 247 3841 Dubia:
270 3790 296 3843 l⁰
309 3789 406 3842 Utrum
421 3789 612 3843 christifidelis
631 3795 743 3860 peccato
762 3789 870 3844 mortali
889 3790 1048 3859 inquinatus
1066 3789 1165 3843 lucrari
1184 3790 1273 3859 possit
1290 3808 1345 3844 nou
1364 3791 1473 3860 quidem

146 3858 173 3911 in
192 3877 270 3913 suum
291 3860 449 3925 subsidium,
469 3862 564 3914 sedin
584 3861 708 3915 levamen
722 3863 872 3915 animarum
893 3861 918 3915 in
940 3862 1095 3932 purgatorio
1109 3861 1265 3929 degentium
1280 3861 1474 3929 indulgentias,

146 3948 193 3999 pro
213 3931 310 3999 quibus
328 3930 465 3985 lucrandis
491 3951 543 3986 non
569 3934 765 4002 praescribitur
790 3935 949 3987 communio.
976 3963 1011 3970 -
1037 3934 1065 3986 2⁰
1084 3933 1181 3986 Utrum
1207 3933 1336 3988 sacerdos
1361 3936 1472 3989 missam

146 4002 286 4055 celebrans
305 4007 417 4072 peccato
440 4005 546 4058 mortali
573 4005 745 4072 inquinatus.
771 4005 830 4058 sive
856 4006 889 4058 ad
916 4004 1002 4058 altare
1028 4004 1232 4073 privilegiatum
1258 4005 1287 4058 in
1312 4005 1473 4075 suffragium

145 4073 263 4126 fidelium
284 4075 471 4128 defunctorum
491 4078 550 4129 sive
569 4094 630 4129 cum
650 4076 831 4146 applicatione
849 4076 947 4129 indulti
960 4075 1055 4129 altaris
1068 4075 1236 4145 privilegiati
1254 4077 1416 4146 personalis,
1434 4094 1473 4130 re

145 4162 212 4198 vera
230 4146 348 4199 animam
367 4165 415 4216 pro
434 4165 488 4215 qua
506 4165 528 4200 s.
548 4147 710 4201 sacrificium
729 4150 814 4211 offert,
835 4149 952 4215 gaudere
971 4147 1055 4201 faciat
1069 4148 1151 4201 etiam
1165 4147 1256 4216 gratia
1275 4146 1373 4202 altaris
1392 4149 1473 4220 privi-

145 4216 264 4283 legiati.“
305 4217 331 4271 S.
352 4217 380 4271 (1.
401 4218 507 4272 6666616
531 4220 695 4289 respondere
713 4221 747 4273 66
769 4222 802 4272 1¹¹²
822 4225 849 4272 et
867 4220 901 4273 ad
920 4221 971 4272 2¹²¹:
1001 4218 1147 4284 ,consulat
1173 4219 1302 4289 probatos
1320 4220 1471 4274 66666666.ι

145 4285 239 4350 Quoad
259 4288 346 4342 altare
365 4290 578 4359 privilegiatum,
599 4292 717 4345 maxime
736 4290 837 4354 166616,
856 4309 909 4344 666
929 4291 1023 4344 dubito
1042 4292 1108 4360 quin
1126 4291 1165 4344 sit
1182 4307 1261 4344 mens
1280 4290 1421 4346 Ecclesiae
1440 4309 1472 4344 ex

144 4359 274 4413 thesauro
294 4359 431 4415 Ecclesiae
451 4366 558 4415 tantum
577 4363 706 4416 exhibere
725 4363 781 4416 Deo
800 4367 931 4430 quantum
950 4363 1034 4424 alias;
1053 4362 1141 4431 quoad
1161 4362 1316 4416 efficaciam
1334 4380 1402 4418 sane
1420 4380 1472 4417 om·

145 4432 190 4484 nia
208 4432 385 4500 relinquenda
405 4438 470 4486 sunt
488 4435 690 4487 misericordiae
710 4434 825 4497 divinae,
846 4451 915 4502 quae
934 4434 1029 4501 utique
1041 4452 1094 4486 non
1113 4431 1201 4487 solum
1214 4434 1394 4489 sanctitatem
1406 4434 1471 4490 cele·

144 4502 264 4566 bruniis,
293 4504 339 4557 sed
370 4505 451 4557 etiam
478 4505 547 4559 alias
575 4505 744 4558 condiciones
770 4506 847 4558 nobis
873 4507 980 4571 ignotas
1007 4505 1149 4558 attendere
1177 4508 1276 4575 potest.
1322 4505 1363 4560 cf.
1391 4507 1472 4560 etiam

144 4573 462 4701 BallelrffPalpnpp.
484 4579 531 4640 10,
552 4582 618 4630 sect.
639 4578 662 4641 5,
683 4593 744 4646 app.
764 4577 797 4630 dc
816 4578 926 4643 suffrag.
947 4595 972 4629 n.
995 4577 1060 4640 108;
1080 4576 1338 4646 Moccbegiani
1358 4596 1375 4633 a
1394 4578 1472 4632 Mol·

143 4662 226 4698 6666
258 4663 352 4700 ,6.6.
392 4649 450 4702 10.
