3044 5174
405 288 531 343 Minister
549 289 649 359 paeuit.
668 317 704 328 ·-
722 305 835 344 casuum
853 291 1012 344 reservatio.
1305 295 1367 359 281

68 466 137 530 ¹iis
162 488 339 549 numquam
371 487 443 532 esse
473 467 614 533 dandam
645 466 882 533 absolutionem
911 466 973 532 nisi
1004 467 1197 534 indirectam
1227 473 1367 546 tantum,

68 555 95 620 ‚ii
119 560 234 621 tamen
258 556 343 621 idem
368 557 514 624 sentiunt
538 557 578 622 de
601 557 747 640 peccatis
770 557 841 621 sine
866 577 1004 622 censura
1020 562 1054 623 et
1073 557 1112 621 de
1129 558 1272 640 peccatis
1297 579 1368 623 cum

68 666 182 813 enzulrp
206 646 418 801 vtel4ppopter
441 667 613 712 censuram
636 650 787 711 reservat
773 646 832 711 tis·
858 645 944 728 qnod
959 645 1127 729 probabile
1151 651 1212 713 est.
1249 647 1305 713 Tb.
1327 670 1368 716 m

199 756 216 799 e

131 824 348 890 Mazzotta
370 827 449 890 336
474 824 529 903 de
547 822 841 910 pacni)d1sp2
866 826 945 905 q.,3
970 826 1046 901 33,
1071 821 1248 905 §2babet
1233 825 1368 890 thaec:

68 913 208 977 Dubium
241 917 292 978 est
325 934 367 978 33
400 913 527 996 possint
559 912 734 1014 aliqnando
767 917 825 978 ext
826 934 864 977 ra
896 873 1071 978 articululn
1104 914 1157 978 vel
1190 912 1369 997 periculum

68 1002 157 1067 tortis
182 1001 373 1068 confessarii
397 1002 468 1066 sive
491 1002 661 1084 regulares
683 1001 754 1066 sive
786 1002 971 1067 saeculares
1002 1002 1174 1068 absolvere
1198 1024 1218 1067 3
1241 1002 1371 1068 casibus

68 1090 203 1174 rpositis
234 1092 267 1155 in
297 1092 420 1158 tabella
451 1088 535 1175 [scil.
567 1091 769 1156 dioecesanis
798 1088 1004 1174 reservatis}
1051 1090 1245 1175 Respondeo
1275 1112 1371 1175 posse

68 1180 219 1261 liquando
237 1233 244 1247 .
264 1231 295 1247 ..
330 1180 477 1246 Secundo
501 1180 713 1263 probabiliter
728 1180 762 1244 in
785 1200 863 1245 casn
886 1179 1024 1262 legitimi
1048 1179 1272 1264 impedimenti
1295 1202 1371 1264 per·

68 1269 133 1335 3333
158 1273 217 1335 333
240 1269 394 1346 diuturni,
419 1290 483 1352 quo
507 1269 678 1352 paenitens
701 1269 792 1334 adire
816 1273 959 1350 nequeat
974 1268 1163 1352 episcopum
1179 1270 1291 1335 eiusve
1315 1271 1372 1333 de·

68 1364 208 1440 333333
234 1363 268 1424 33
292 1359 421 1441 quidem
438 1358 508 1423 sine
524 1379 623 1423 onera
639 1359 746 1441 quoad
765 1379 861 1423 casus
876 1358 1152 1435 reservationem
1177 1380 1248 1424 curn
1274 1380 1373 1424 onere

68 1469 154 1512 tmen
168 1448 274 1529 quoad
288 1469 443 1513 censuras
455 1448 610 1524 adnexas,
624 1447 685 1512 nisi
698 1468 776 1513 vero
788 1447 1055 1530 impedimentum
1067 1449 1110 1513 sit
1123 1452 1371 1532 perpetuum...

71 1537 156 1602 ertio
180 1537 214 1601 in
238 1558 315 1602 casu
340 1537 547 1603 necessitatis
580 1534 664 1620 [scil.
695 1535 917 1620 impedimenti
948 1557 1013 1601 non
1037 1535 1213 1622 diuturni],
1244 1537 1373 1604 ratione

68 1626 169 1691 :ilicet
193 1626 349 1702 scandali,
373 1626 538 1705 infamiae,
563 1626 735 1691 absolvere
757 1629 887 1691 tantum
910 1630 1049 1709 possunt
1070 1626 1264 1693 indirectea
1288 1626 1372 1691 casi-

68 1737 103 1780 us
128 1715 307 1781 reservatis
338 1715 506 1799 episcope,
537 1715 684 1797 adeoque
714 1736 787 1779 curn
817 1736 916 1780 onere
945 1715 1063 1781 iterum
1095 1715 1268 1782 confitendi
1298 1716 1372 1780 illos

68 1804 179 1869 abenti
203 1804 413 1876 facultatem
445 1808 481 1870 at
514 1805 702 1870 nullatenus
732 1803 904 1869 absolvere
933 1808 1072 1887 possunt
1095 1825 1114 1869 3
1138 1805 1284 1870 censuris
1314 1805 1373 1870 ad·

68 1893 168 1960 exis.“
220 1892 267 1960 Cf.
293 1894 463 1970 Suarez,
494 1895 544 1958 De
568 1916 666 1977 poen.
691 1891 722 1958 d.
748 1895 806 1971 30,
838 1898 918 1959 sect.
943 1896 980 1971 3,
1012 1915 1043 1958 n.
1071 1895 1129 1969 11;
1161 1894 1289 1976 hugo,
1323 1896 1373 1959 Dc

68 1986 163 2048 33331.
189 1982 218 2048 d.
245 1985 298 2060 20,
322 2004 353 2048 n.
372 1985 453 2059 223;
478 1982 843 2048 Β31133.-Ρ3133.3.
869 1984 944 2048 679.

134 2088 173 2154 R.
192 2090 222 2153 3.
254 2088 423 2172 Episcopis
441 2091 509 2153 iure
533 2091 690 2153 cornmuoi
712 2087 869 2172 competit
884 2088 1027 2153 facultas
1042 2088 1232 2154 absolvendi
1251 2110 1271 2155 a
1287 2088 1372 2154 casi-
1380 2095 1434 2150 494

68 2198 104 2242 us
129 2177 267 2242 occultis
290 2199 415 2241 summo
440 2176 583 2260 pontifici
608 2177 771 2242 ordinario
795 2177 907 2251 modo,
937 2199 1002 2242 non
1026 2178 1159 2260 speciali
1183 2178 1295 2256 modo,
1320 2199 1372 2243 re·

68 2267 205 2331 erratis:
231 2272 430 2350 quapropter
453 2267 508 2348 qni
533 2268 563 2332 S.
582 2266 698 2332 Sedem
723 2266 814 2332 adire
831 2265 952 2349 nequit,
978 2271 1087 2349 potest
1110 2267 1314 2351 episcopum;
1338 2266 1371 2332 iu

68 2355 248 2420 iscasibus
273 2355 314 2421 ad
337 2355 523 2439 episcopum
555 2358 642 2421 debet
671 2377 855 2433 recurrere,
887 2361 924 2422 33
956 2355 1194 2422 absolutionem
1223 2356 1371 2439 recipiat.

68 2444 133 2513 'rid
158 2465 239 2510 sess.
265 2447 317 2523 24,
342 2466 369 2511 c.
396 2446 479 2510 6de
503 2444 622 2510 ref.t
588 2450 622 2510 et
646 2449 749 2512 33333.
778 2445 1005 2528 ,Apostolicae
1029 2445 1155 2512 Sedis“.

134 2551 174 2616 R.
200 2556 231 2617 4.
267 2550 304 2615 Ι3
328 2551 467 2617 articulo
491 2550 607 2616 mortis
631 2551 735 2615 omnis
759 2554 868 2617 cessat
890 2551 1072 2617 reservatio
1097 2551 1153 2634 (cf.
1178 2551 1266 2617 Trid.
1291 2572 1372 2618 sess.

70 2643 99 2716 4,
117 2662 144 2705 c
164 2640 375 2721 73133333
393 2646 445 2706 art
431 2640 530 2706 ticulo
546 2641 600 2704 vel
616 2661 711 2721 gravi
704 2640 873 2723 periculo
890 2644 976 2706 mort
976 2640 1005 2705 is
1021 2641 1067 2720 (S.
1084 2640 1201 2724 Alph.
1219 2641 1275 2718 VI,
1294 2640 1373 2721 560)

70 2729 185 2794 uilibet
208 2729 362 2794 sacerdos
387 2730 438 2793 vel
463 2730 528 2794 salt
514 2733 582 2794 tem
612 2728 831 2794 confessarius
860 2731 1062 2813 approbatus
1093 2731 1280 2814 apeccatis
1303 2729 1373 2795 sine

68 2840 186 2883 ensura
215 2818 395 2884 reservatis
425 2818 574 2884 absolute
605 2818 777 2883 absolvere
806 2822 935 2902 potest3
969 2840 988 2885 a
1019 2819 1164 2884 censuris
1194 2820 1374 2885 reservatis

68 2908 147 2972 tiam
171 2907 324 2983 absolvit,
349 2919 463 2972 veru'm
485 2907 518 2972 in
543 2907 688 2973 censuris
711 2907 845 2991 speciali
869 2907 964 2972 modo
982 2907 1128 2974 Romano
1152 2908 1297 2993 pontifici
1320 2930 1374 2973 re·

68 3001 159 3062 33333
144 2996 189 3062 tis
213 2996 333 3080 imponi
359 2996 455 3062 debet
478 2996 590 3080 paenit
576 2998 659 3062 tenti
684 3002 736 3073 33,
760 2997 786 3060 si
812 2996 1032 3071 convaluerit,
1057 3001 1193 3080 paratus
1216 2996 1261 3063 sit
1284 3000 1374 3063 stare

68 3086 192 3151 randat
170 3090 212 3151 trs
229 3085 446 3161 Ecclesiae,
437 3108 458 3152 1.
476 3107 503 3154 e.
521 3085 709 3151 recurrendi
732 3086 822 3151 adS.
840 3086 956 3151 Sedem
973 3087 1025 3151 vel
1042 3087 1084 3151 ad
1108 3086 1248 3241 aliquem
1273 3085 1374 3169 privi-

68 3173 1227 3331 33313331333333331383ὲ333333333333333333333333333333333333.
1261 3175 1373 3242 swod

242 3268 350 3329 unnl

137 3389 191 3453 An
215 3388 588 3462 33333333342131.
636 3387 790 3452 Callistus
820 3387 1090 3453 nontenebetur
1119 3387 1210 3453 adire
1234 3388 1436 3457 alterum495

71 3477 302 3553 oniessarium,
328 3477 403 3559 qnia
426 3476 607 3542 reservatio
632 3497 673 3541 ex
697 3497 732 3541 se
756 3497 838 3540 onus
861 3476 999 3560 imponit
1023 3476 1162 3541 adeundi
1186 3478 1374 3560 episcopum

70 3566 160 3633 iusve
191 3566 480 3649 paenitentiarium
510 3565 639 3648 publice
670 3565 895 3632 constitutum.
948 3565 1083 3630 Absolvi
1115 3587 1135 3630 a
1165 3565 1374 3649 privilegiato

69 3662 98 3723 st
122 3655 332 3740 privilegium
356 3676 419 3737 quo
443 3654 515 3736 qnis
540 3654 586 3721 uti
610 3659 845 3735 nonftenetum
879 3659 978 3736 atque
1003 3655 1157 3720 Callistus
1180 3655 1214 3720 in
1237 3655 1375 3720 circum-

68 3746 199 3823 tantiis,
230 3745 263 3809 in
288 3745 404 3826 quibus
428 3744 642 3821 versabatur,
674 3744 805 3809 videtur
828 3742 988 3809 rationem
1012 3744 1198 3825 graviorem
1223 3744 1375 3810 babuisse

68 3855 103 3899 ur
128 3854 193 3898 non
218 3833 325 3899 adiret
348 3834 487 3898 alterum
512 3832 746 3897 confessarium
771 3832 858 3915 apud
882 3853 977 3913 quern
994 3833 1128 3899 deberet
1143 3835 1274 3916 longam
1299 3855 1376 3899 con-

68 3924 223 3988 essionem
248 3926 407 4006 repetere.
444 3922 601 3987 Attamen
625 3922 653 3986 si
677 3921 920 4005 privilegiatum
944 3921 1178 3987 confessarium
1203 3923 1293 3987 adire
1317 3944 1375 3988 no·
1426 3930 1428 3934 ‘

68 4013 118 4089 313,
143 4010 266 4076 mansit
290 4011 456 4094 obligatio,
481 4011 552 4076 sive
575 4011 792 4094 personaliter
814 4010 884 4076 sive
900 4033 958 4095 per
981 4011 1035 4077 litt
1005 4017 1110 4077 tteras
1133 4014 1222 4078 tecto
1247 4011 1376 4076 nomine

68 4101 190 4168 deundi
213 4103 329 4184 postea
352 4101 608 4183 episcopumn
590 4104 708 4165 utres
740 4123 812 4166 curn
836 4122 874 4165 3ο
905 4105 1163 4185 componeretur.
1211 4101 1297 4165 Nam
1322 4103 1373 4165 ab·

68 4195 185 4258 lectum
209 4189 473 4274 impedimentum
498 4189 530 4254 in
555 4189 690 4256 Callisto
714 4212 777 4254 non
802 4193 950 4273 apparet.

138 4298 223 4362 R.
205 4300 235 4362 2.
270 4297 389 4361 Verum
414 4303 471 4362 aut
474 4319 524 4361 em
549 4301 609 4372 est,
585 4296 833 4362 tinstantibus
857 4302 938 4379 nupt
940 4296 979 4361 iis
1003 4301 1131 4379 tempus
1148 4317 1211 4360 non
1233 4294 1377 4360 adfuisse

68 4395 127 4455 nte
152 4385 286 4469 nuptias
309 4386 518 4468 comparendi
549 4406 659 4450 coram
690 4386 842 4468 episcopo
873 4386 926 4450 vel
958 4406 1090 4450 causam
1121 4407 1193 4450 curn
1225 4406 1264 4449 eo
1288 4391 1377 4449 trac·

68 4477 159 4552 3333,
192 4473 254 4539 nisi
278 4475 363 4540 forte
388 4474 541 4540 Callistus
564 4474 696 4540 fuerit
651 4479 721 4540 tm
745 4475 880 4540 civitate
910 4474 1087 4558 episcopali
1111 4474 1223 4538 eiusve
1247 4472 1375 4538 vicinia.

67 4567 78 4632 i
112 4565 218 4647 igitur
247 4584 285 4628 eo
315 4563 386 4646 ipso
420 4563 471 4628 die
502 4563 656 4647 possibile
687 4570 759 4629 erat
787 4585 976 4647 comparere
1007 4585 1116 4628 coram
1148 4563 1300 4646 episcopo
1323 4562 1377 4626 vel

68 4652 303 4724 senitentierio
327 4653 485 4718 ecclesiae
508 4653 721 4731 cathedralis,
746 4654 915 4731 Callistus,
941 4654 995 4735 qui
1019 4653 1253 4718 confessarium
1276 4651 1378 4735 privi-
