3044 5174
422 289 620 360 Indulgentiae.
641 321 673 329 —
693 289 778 346 Valor
796 293 824 345 et
841 290 1020 346 condiciones.
1319 295 1385 360 367

49 467 252 536 satisfacere
274 467 356 533 nihil
378 489 491 554 posse,
522 473 634 536 tamen
662 468 714 534 ad¹
727 467 925 552 expiandam
949 468 1091 534 animam
1115 489 1209 534 suam
1232 490 1292 553 per
1314 492 1385 535 mo-

52 558 132 624 dum
156 560 390 644 impetrationis
414 563 448 624 et
470 561 577 623 meriti
606 561 738 642 conproi
767 557 888 640 aliquid
919 558 1030 624 facere
1061 561 1189 640 potest,
1223 562 1386 640 quatenus

52 667 114 731 per
138 646 321 713 orationem
345 651 379 714 et
402 668 503 731 opera
525 648 612 712 bona
634 647 695 713 sibi
719 647 893 713 conciliare
908 651 1019 730 potest
1034 647 1290 713 abundantiores
1306 670 1385 731 gra·

52 736 121 803 tias
145 735 292 814 divinas,
323 736 440 818 quibus
463 736 763 802 reconciliationem
786 758 860 802 cum
883 736 953 802 Deo
976 736 1108 802 incohet
1131 741 1166 803 et
1189 736 1231 802 ad
1254 737 1383 804 felicem
1508 732 1512 740 ’

52 827 152 891 hem
176 825 346 909 perducat.

145 931 185 998 It.
210 934 241 999 5.
288 932 415 996 Bonum
436 931 539 1015 igitur
562 936 635 998 crat
665 953 707 997 ex
730 935 826 1015 parte
848 931 970 1015 Ignatii
1000 932 1168 998 auditores
1192 934 1233 998 ad
1257 933 1385 999 miseri·

54 1020 202 1086 cordiam
225 1041 359 1087 movere
382 1042 463 1103 erga
486 1021 613 1086 animas
636 1020 866 1087 defunctorum
890 1025 924 1087 et
947 1041 1006 1105 pro
1029 1021 1175 1106 praemio
1199 1023 1384 1088 misericor·

55 1111 144 1176 diam
160 1108 233 1188 Dei,
258 1131 355 1192 quam
375 1131 414 1175 eo
436 1111 590 1176 fidentius
613 1132 747 1194 sperare
770 1110 879 1189 liceat,
903 1132 1101 1195 proponere:
1127 1132 1243 1176 verum
1266 1112 1385 1177 docere

54 1199 179 1277 debuit,
203 1203 242 1265 ut
262 1199 368 1284 primo
390 1198 646 1265 misericordiam
670 1221 750 1282 erga
773 1199 921 1283 seipsos
944 1204 1155 1279 exercerent,
1180 1206 1281 1284 atque
1303 1221 1385 1266 vera

54 1287 255 1356 contritione
279 1292 313 1356 et
336 1288 550 1354 conversione
573 1310 609 1355 se
632 1295 729 1374 aptos
758 1288 933 1355 redderent
963 1289 1006 1354 ad
1028 1290 1285 1357 misericordiam
1310 1290 1385 1356 aliis

54 1377 276 1446 exhibendam
299 1377 425 1460 sibique
448 1379 647 1462 peculiarem
671 1379 732 1444 Dei
755 1378 992 1463 protectionem
1016 1400 1075 1464 pro
1099 1379 1211 1446 futuro
1235 1385 1385 1463 tempore

54 1466 304 1534 conciliandam.

86 1676 254 1744 Paucas
276 1675 325 1742 IN
348 1674 647 1754 ACQUIRENDIS
669 1676 988 1744 INDULGENTIIS
1012 1678 1351 1746 PRAESCRIPTAE.

624 1843 735 1910 (lasus.
755 1851 832 1920 (188)

146 1982 329 2055 Gennadius,
350 1984 574 2058 genuflectendo
595 2004 655 2043 non
677 1990 826 2056 assuetus,
848 1984 878 2043 in
902 1985 1030 2044 ecclesia
1051 1985 1128 2044 solet
1148 1986 1318 2062 plerumque
1339 2004 1384 2044 se·

54 2065 124 2125 dere
145 2064 194 2122 vel
215 2069 304 2123 stare.
342 2064 390 2123 Ita
410 2064 499 2123 stiam
521 2065 621 2123 facere
640 2065 747 2141 pergit,
769 2065 885 2140 qnando
907 2064 1052 2142 persolvit
1071 2065 1271 2124 visitationem
1291 2065 1384 2124 eccle·

54 2145 118 2205 siae
140 2149 171 2204 et
191 2143 342 2203 orationes
363 2165 417 2221 pro
438 2145 589 2204 lucrandis
603 2144 806 2219 indulgentiis,
827 2145 914 2204 immo
929 2146 959 2203 in
974 2145 1109 2220 spatioso
1124 2147 1292 2204 ambulacro
1313 2150 1384 2204 ante

54 2227 135 2286 fores
156 2223 313 2292 ecclesiae,
334 2225 384 2283 ubi
405 2224 456 2284 alii
477 2225 556 2284 inter
577 2245 609 2283 se
624 2225 839 2301 colloquuntur,
863 2225 1035 2285 Gennadius
1049 2245 1116 2284 sese
1131 2226 1281 2302 paululum
1303 2226 1383 2285 colli·

54 2325 129 2382 gens
150 2304 264 2381 aliquot
284 2324 388 2381 preces
410 2305 447 2363 ad
468 2306 562 2364 Deum
585 2305 693 2380 dirigit.
736 2306 860 2378 Quando
881 2306 917 2364 ad
947 2306 1075 2364 sonitum
1104 2325 1266 2383 campanae
1287 2326 1383 2376 mane,

54 2385 185 2453 meridia,
206 2403 333 2461 vespere
353 2385 461 2445 recitat
483 2385 647 2461 angelicam
669 2386 888 2453 salutationem,
910 2385 939 2443 id
954 2385 1035 2456 facit,
1058 2406 1123 2445 cum
1144 2406 1197 2464 per
1218 2389 1320 2445 urbem
1341 2386 1384 2445 in·

54 2467 142 2538 cedit,
164 2470 245 2525 tecto
268 2464 366 2540 capite
387 2470 418 2524 et
438 2485 525 2541 porro
547 2467 651 2535 eundo,
673 2466 781 2526 timens
803 2486 839 2524 ne
861 2466 937 2524 alias
958 2467 1182 2526 admirationem
1204 2466 1323 2526 excitet.

54 2580 233 2651 Quannmun
255 2581 285 2638 1ο
306 2579 440 2719 dldlnamti
453 2581 528 2639 situs
557 2581 721 2639 servandus
750 2580 790 2639 sit
817 2581 849 2638 in
877 2581 1061 2640 orationibus
1089 2601 1142 2658 pro
1171 2582 1313 2640 lucranda
1340 2580 1384 2640 in·

358 2680 415 2735 gen
443 2679 468 2718 a.

256 2757 287 2815 2⁰
309 2757 378 2834 qnid
399 2757 434 2816 de
456 2756 602 2817 Gennadii
623 2758 710 2834 praxi
731 2758 910 2818 censendum
931 2763 979 2818 sit.

650 2959 785 3027 Salutio.

142 3102 196 3167 An
220 3120 414 3176 ouaasmuu
440 3103 478 3165 1¹²
500 3101 539 3166 R.
568 3105 595 3167 1.
629 3104 661 3168 S.
689 3103 721 3168 0.
746 3104 874 3186 Indulp.
900 3101 929 3167 d.
950 3103 990 3165 18
1007 3102 1096 3186 Sept.
1116 3104 1201 3166 1862
1226 3122 1381 3186 expresse
1391 3109 1445 3165 647

51 3189 238 3256 declaravit
261 3190 480 3255 necessarium
504 3211 567 3254 non
593 3211 665 3255 esse
688 3191 828 3256 recitare
851 3210 968 3275 preces
989 3212 1048 3275 pro
1078 3190 1243 3256 lucrandis
1275 3190 1381 3256 indul·

52 3280 174 3361 gentiis
189 3279 413 3363 praescriptas
429 3279 566 3362 genibus
581 3279 687 3355 flexis,
705 3284 843 3364 excepto
860 3300 938 3344 casu
955 3301 1018 3361 quo
1034 3279 1131 3345 aliter
1142 3280 1380 3365 praescriptum

52 3370 97 3435 sit
130 3369 163 3434 in
194 3369 266 3453 ipso
300 3369 493 3435 documento
526 3369 754 3434 concessionis.
795 3370 912 3436 Racc.
946 3369 966 3433 l.
1001 3392 1028 3436 o.
1061 3391 1092 3435 n.
1126 3369 1173 3433 IV
1206 3368 1270 3452 (ed.
1304 3369 1382 3435 anni

54 3460 141 3523 1898
165 3479 242 3541 pag.
266 3457 313 3539 x).

143 3564 183 3630 R.
209 3567 239 3630 2.
279 3562 485 3647 Quapropter
516 3564 731 3630 communiter
759 3564 871 3631 licebit
902 3564 1048 3646 quolibet
1079 3564 1145 3630 situ
1178 3586 1235 3630 seu
1267 3565 1380 3631 habitu

52 3653 202 3737 corporis
225 3653 362 3719 honesto
386 3673 496 3729 orare,
528 3675 559 3719 v.
584 3676 615 3736 g.
640 3653 775 3729 stando,
806 3654 963 3731 sedendo,
988 3654 1201 3719 ambulando:
1234 3654 1262 3718 si
1285 3656 1380 3720 modo

51 3743 108 3808 ille
132 3743 177 3809 sit
200 3742 348 3820 habitus,
379 3763 517 3824 quocum
542 3743 664 3808 devota
687 3741 793 3808 oratio
817 3749 875 3808 'sen
903 3742 1054 3809 recitatio
1084 3743 1236 3823 coniungi
1266 3744 1379 3827 possit.

143 3848 183 3916 R.
208 3851 239 3914 3.
276 3849 359 3914 Sunt
382 3855 492 3915 autem
516 3854 627 3915 certae
650 3870 774 3932 preces,
799 3869 873 3914 cum
897 3870 1034 3931 quarum
1058 3849 1252 3916 recitatione
1275 3850 1381 3915 indul-

51 3938 169 4022 gentia
191 3937 366 4003 coniuncta
389 3942 440 4003 est
463 3939 523 4002 sub
547 3938 735 4003 condicione
759 3938 841 4004 certi
858 3938 1002 4021 corporis
1018 3939 1159 4005 habitus,
1192 3941 1284 4005 lnter
1299 3960 1382 4021 quas

51 4027 266 4112 peculiariter
290 4027 398 4093 notari
429 4032 573 4093 meretur
603 4029 674 4112 ipsa
705 4028 862 4093 salutatio
893 4027 1042 4108 angelica
1074 4029 1116 4093 ad
1146 4050 1260 4093 sonum
1291 4051 1380 4094 cam-

51 4138 160 4202 panae
183 4115 362 4183 raoitanda.
402 4116 563 4181 Nimirum
586 4117 663 4183 illae
686 4137 801 4201 preces
824 4116 1014 4182 recitandae
1037 4122 1114 4183 sunt
1130 4120 1262 4202 panibus
1277 4119 1380 4200 flexis,

52 4208 111 4274 sed
135 4227 156 4271 a
179 4226 317 4289 vespere
333 4205 461 4271 sabbati
486 4210 520 4272 et
542 4207 575 4270 in
599 4211 747 4290 tempore
770 4206 1045 4288 quadragesimali
1065 4206 1236 4272 ameridie
1252 4206 1381 4272 sabbati

10 4348 13 4367 ,
52 4301 155 4380 atque
178 4316 238 4380 per
259 4299 365 4361 totam
389 4294 473 4360 diem
491 4295 692 4360 Dominicam
710 4299 845 4369 stando:
866 4296 951 4377 quod
967 4296 1051 4360 idem
1068 4301 1230 4373 servatur,
1256 4293 1381 4362 scilicet

52 4392 90 4452 ut
112 4386 232 4452 stando
256 4384 453 4461 recitentur,
477 4406 537 4468 per
559 4389 665 4450 totum
688 4389 818 4468 tempus
841 4384 1013 4468 paschale,
1042 4385 1090 4449 ita
1112 4388 1224 4450 tamen
1248 4388 1286 4449 ut
1308 4384 1380 4448 loco

55 4475 223 4558 ,Angelus
246 4474 377 4540 Domini
400 4477 482 4540 etc.“
517 4474 686 4539 recitanda
715 4475 759 4540 sit
789 4474 969 4558 antiphona
1000 4474 1144 4558 ,Rapina
1174 4473 1272 4538 coeli“
1308 4495 1379 4538 oum

53 4565 215 4632 versiculo
239 4568 273 4630 et
297 4563 455 4640 oratione,
479 4567 579 4645 atque
602 4563 624 4626 ii
643 4567 771 4628 tantum
795 4564 850 4645 qui
872 4564 1029 4627 memoria
1052 4584 1123 4627 eam
1147 4584 1212 4627 non
1234 4567 1380 4639 teneant,

52 4655 181 4739 possint
203 4673 343 4738 pergere
366 4652 398 4717 in
422 4653 592 4719 recitando
617 4655 778 4738 ,Ampelos
801 4651 963 4718 Domini.“
