3044 5174
141 313 205 378 508
620 310 825 366 Sacramentum
844 311 1018 368 matrimonii.

230 487 283 553 Ex
315 508 379 570 quo
410 493 505 572 patet
534 488 717 555 Ecclesiam
749 491 844 556 malle
874 492 912 554 ut
944 488 1049 554 omnis
1080 489 1164 556 ritus
1197 511 1292 557 sacer
1323 493 1470 566 exsulet:

141 577 257 659 quodsi
280 576 321 642 ad
344 577 470 643 maiora
497 577 584 644 mala
615 577 821 661 impedienda
851 577 1044 643 aestimetur
1074 579 1297 646 necessarium
1326 581 1471 664 aliquam

141 687 268 731 sacram
294 666 523 731 caerimoniam
551 667 713 746 adhiberi,
745 672 783 734 ut
812 666 867 732 ille
896 666 1134 750 restringatur,
1165 676 1325 751 quantum
1354 671 1471 748 liceat;

140 776 302 820 summum
318 760 438 834 autern,
456 756 542 837 quod
558 755 705 839 permitti
716 756 831 840 possit,
848 777 921 821 esse
936 755 1026 822 illam
1042 757 1194 822 ritualem
1211 758 1472 826 benedictionem

141 865 225 927 quae
249 851 347 911 extra
370 845 504 910 missam
528 847 596 913 fiat.

230 942 448 1008 Nihilominus
472 964 536 1008 nou
561 943 763 1025 singulorum
786 942 1003 1027 parochorum
1027 948 1079 1009 est
1102 944 1277 1010 decernere
1302 945 1380 1027 quid
1403 947 1471 1025 fiat,

140 1032 198 1096 sed
228 1031 464 1097 ordinariorum
496 1035 548 1097 est
578 1032 712 1097 definire
743 1032 818 1114 quid
843 1035 880 1097 ut
902 1038 1024 1115 agatur
1057 1033 1211 1117 expedire
1240 1034 1471 1102 iudicaverint.

140 1120 185 1187 Et
215 1141 413 1203 quamquam
445 1120 507 1186 hac
538 1120 572 1185 in
604 1143 640 1186 re
671 1142 784 1186 eorum
814 1120 1014 1187 conscientia
1044 1126 1218 1203 oneratur,
1251 1127 1366 1190 tamen
1397 1146 1472 1208 per-

141 1210 283 1293 pendere
307 1214 445 1293 possunt
468 1214 502 1275 et
525 1210 645 1276 debent
665 1210 750 1276 ritus
765 1209 851 1275 sacri
866 1209 1041 1277 adhibendi
1057 1212 1169 1277 datam
1186 1233 1258 1278 esse
1272 1213 1471 1296 facultatem,

142 1320 204 1380 quo
238 1298 326 1364 mala
357 1297 528 1381 graviora,
559 1299 736 1378 scaudala,
768 1299 1032 1383 perturbationes
1062 1300 1292 1385 impediantur.
1350 1302 1473 1379 Quodsi

141 1387 298 1453 eiusmodi
328 1386 490 1454 rationem
520 1388 636 1453 adesse
669 1386 875 1472 putaverint,
908 1393 981 1455 tuto
1014 1389 1064 1456 uti
1095 1395 1233 1473 possunt
1264 1390 1472 1479 indulgentia

142 1497 313 1553 concessa3
343 1476 401 1542 sed
426 1498 541 1543 curare
565 1477 685 1543 debent
708 1477 900 1561 opportunis
923 1477 1193 1545 instructionibus
1217 1482 1251 1544 et
1277 1480 1413 1547 monitis
1437 1485 1473 1547 ut

140 1564 254 1631 fideles
276 1565 398 1633 subditi
417 1565 501 1631 haue
517 1567 586 1632 alta
602 1570 712 1632 mente
728 1566 905 1650 repositam
928 1570 1065 1634 teneant
1086 1567 1333 1652 persuasionem
1357 1569 1473 1636 matri·

139 1654 249 1719 monia
272 1655 377 1720 mixta
401 1656 442 1720 ab
459 1654 608 1720 Ecclesia
631 1676 690 1738 per
713 1676 749 1720 se
773 1654 939 1721 abhorreri
957 1677 1060 1739 eaque
1077 1677 1150 1722 esse
1172 1657 1318 1741 pericula
1334 1679 1473 1741 magno·

139 1764 276 1826 rumque
299 1744 459 1809 malorum
483 1745 613 1810 uberem
636 1744 771 1823 fontem,
796 1766 835 1810 ac
851 1745 955 1829 proin,
980 1750 1018 1810 ut
1040 1745 1073 1810 iu
1097 1745 1318 1828 singularibus
1342 1747 1473 1813 casibus

139 1832 230 1899 licita
258 1833 419 1912 evadant,
451 1855 515 1898 nou
544 1834 696 1899 sufficere
726 1837 764 1900 ut
793 1833 962 1900 cautiones
991 1834 1217 1919 praescriptae
1247 1835 1383 1915 dentur,
1415 1836 1473 1903 sed

140 1921 261 2004 requiri
293 1926 331 1987 ut
360 1928 534 2006 praeterea
565 1944 684 1988 causae
714 1943 835 2004 graves
866 1923 1031 1989 exsistant
1060 1926 1101 1988 ob
1132 1945 1214 2006 quas
1242 1928 1295 1991 tot
1325 1925 1473 2009 pericula

141 2016 182 2165 ᾖ
186 2012 434 2167 3Ἒ31ῗ4ξὲεείηῒ
457 2011 612 2095 permitti.
645 2011 692 2077 Of.
712 2012 832 2080 Collect.
849 2014 883 2078 S.
906 2014 1018 2099 Conqr.
1044 2015 1083 2078 de
1098 2015 1195 2098 Prop.
1212 2014 1296 2080 Fida
1318 2036 1351 2082 u.
1373 2018 1471 2080 1433.

78 2234 131 2291 883
229 2227 282 2290 Au
306 2245 497 2301 oonasrruu
523 2228 562 2290 2m
584 2225 624 2291 It.
652 2228 679 2291 1.
733 2223 846 2301 Quoad
878 2225 1013 2290 Galatiae
1042 2225 1302 2303 matrimonium,
1337 2225 1365 2291 si
1397 2228 1473 2292 abs·

140 2312 283 2379 trahitur
306 2315 347 2379 ab
371 2314 427 2379 illo
450 2314 516 2380 ritu
533 2315 716 2380 acatholico
742 2315 966 2393 subsecuturo,
991 2335 1049 2379 seu
1069 2314 1096 2379 si
1112 2315 1168 2380 ille
1183 2315 1267 2381 ritus
1283 2316 1473 2382 exsularet:

140 2424 263 2467 morem
294 2403 521 2468 dioecesanum
550 2404 584 2468 in
615 2403 846 2469 contrahendis
878 2403 1094 2468 matrimoniis
1124 2404 1236 2469 mixtis
1267 2425 1326 2469 seu
1350 2403 1385 2469 in
1409 2406 1473 2471 illis

140 2491 204 2557 ritu
228 2513 322 2557 sacro
347 2492 598 2558 cohonestandis
621 2492 792 2576 luniperus
815 2492 977 2576 parochus
1000 2491 1092 2574 sequi
1114 2493 1231 2577 potuit.

228 2598 268 2664 R.
293 2601 323 2664 2.
376 2599 472 2663 Nune
502 2603 613 2664 autem
643 2598 761 2682 respici
792 2599 889 2664 debet
921 2598 978 2663 illa
1009 2599 1164 2664 voluutas
1195 2598 1336 2664 adeundi
1370 2599 1471 2666 etiarn

139 2686 323 2753 ministrum
347 2688 572 2753 acatholicum.
622 2687 821 2771 Supponitur
847 2687 880 2752 iu
911 2687 1050 2753 ecclesia
1078 2687 1261 2754 acatholica
1284 2686 1472 2754 ministrum

139 2781 349 2861 peracturum
379 2798 451 2842 esse
474 2777 572 2843 ritum
596 2798 742 2855 sacrum,
774 2782 873 2859 atque
902 2775 992 2841 illam
1019 2776 1268 2842 matrimonialis
1292 2798 1472 2843 consensus

139 2866 385 2931 renovationem
418 2865 535 2931 ritibus
568 2865 780 2948 quasi-sacris
813 2865 1046 2930 circumdatam
1087 2886 1160 2930 esse
1199 2865 1375 2932 acatholici
1414 2888 1470 2932 sau

138 2954 294 3021 haeretici
318 2955 401 3020 ritus
425 2956 748 3022 communicationem
775 2954 828 3019 vel
851 2954 1097 3038 professionem.
1144 2953 1231 3020 Nam
1261 2954 1289 3019 si
1321 2955 1471 3021 minister

139 3045 340 3111 acatholicus
370 3046 597 3111 tantummodo
628 3049 664 3110 ut
694 3044 843 3109 minister
873 3042 977 3108 civilis
1008 3048 1042 3110 et
1067 3043 1218 3127 politicus
1248 3048 1383 3126 ageret,
1418 3045 1469 3128 qui

139 3135 180 3198 ad
211 3134 322 3199 civiles
352 3134 551 3199 matrimonii
583 3135 719 3199 effectus
748 3132 930 3198 reddendos
960 3133 1143 3198 securiores
1168 3133 1385 3198 adiretur-
1409 3134 1468 3199 etsi

138 3222 226 3288 forte
249 3227 284 3287 ia
307 3224 430 3306 templo
454 3223 630 3300 haeretico,
655 3227 692 3288 ut
715 3222 748 3286 iu
771 3223 842 3286 loco
859 3221 948 3286 civili
971 3223 1044 3304 lege
1068 3243 1127 3305 pro
1150 3221 1371 3288 matrimoniis
1395 3245 1469 3288 con·

138 3311 307 3376 trahendis
337 3311 532 3389 constituto,
563 3332 756 3376 consensum
779 3310 947 3394 politicum
971 3311 1109 3395 recipiat
1132 3335 1192 3376 -ε
1223 3332 1277 3377 res
1309 3333 1374 3376 uon
1399 3316 1469 3378 erat

139 3400 262 3477 illicita,
285 3404 323 3465 ut
343 3401 538 3483 compluries
559 3405 591 3468 S.
612 3401 760 3483 Officium
784 3399 974 3466 declaravit.
1011 3401 1039 3465 E
1061 3399 1226 3466 contrario
1249 3404 1361 3466 autern
1385 3401 1466 3466 idem

140 3492 172 3555 S.
188 3490 250 3572 Off.
267 3489 366 3556 toties
383 3490 480 3554 etiam
498 3489 681 3555 declaravit
697 3489 845 3554 illicitum
864 3511 935 3554 esse
952 3489 1043 3554 adire
1059 3489 1243 3556 ministrum
1255 3490 1466 3568 haereticum,

140 3579 269 3659 quando
293 3579 348 3642 ille
371 3588 405 3643 ct
429 3578 577 3645 minister
592 3582 695 3644 sacris
712 3579 860 3644 addictus
876 3579 955 3662 agit,
980 3581 1034 3643 vel
1057 3580 1187 3660 quando
1210 3578 1268 3644 illa
1292 3600 1467 3645 consensus

140 3667 318 3733 declaratio
349 3689 407 3732 seu
436 3669 607 3734 renovatio
637 3672 805 3750 tamquam
836 3667 1010 3733 acatholici
1037 3668 1121 3733 ritus
1144 3667 1306 3751 professio
1329 3668 1468 3734 habetur

140 3757 192 3821 vel
225 3757 302 3823 talis
336 3757 496 3840 professio
531 3758 606 3822 inde
641 3758 824 3838 colligitur:
861 3757 901 3822 cf.
937 3759 1056 3822 Collect.
1086 3759 1119 3823 S.
1150 3757 1263 3840 Conpr.
1300 3759 1339 3823 dc
1373 3760 1466 3843 Prop.

140 3847 223 3911 Fide
246 3867 276 3912 n.
304 3849 399 3912 1431.
428 3848 523 3912 1444.
570 3846 705 3922 Quando
728 3847 831 3929 igitur
859 3846 927 3911 tale
958 3845 1034 3928 quid
1059 3867 1079 3910 a
1102 3846 1253 3930 nupturis
1280 3850 1395 3911 actum
1419 3846 1467 3911 vel

138 3936 341 4019 propositum
370 3936 486 4010 fuerit,
517 3936 679 4018 parochus
709 3935 889 4000 catholicus
920 3956 975 4000 eos
1007 3936 1191 4016 generatim
1215 3956 1349 4001 mouere
1376 3936 1468 4000 debet

139 4026 179 4090 de
209 4025 305 4108 gravi
335 4032 471 4109 peccato
502 4030 602 4106 atque
634 4046 773 4090 censura
804 4028 974 4090 contracta
1004 4025 1058 4089 vel
1091 4023 1331 4101 contrahenda,
1366 4045 1467 4107 neque

138 4114 208 4199 ipse
233 4117 334 4180 ullum
351 4115 449 4180 ritum
466 4135 595 4179 sacrum
612 4114 782 4191 adhibeat;
807 4113 906 4179 immo
930 4135 1042 4178 eorum
1066 4114 1121 4195 qui
1144 4113 1344 4178 haereticum
1371 4114 1466 4180 ritum

139 4208 260 4269 notorie
282 4205 347 4268 iam
371 4203 571 4286 perfecerint
586 4205 639 4268 vel
665 4225 700 4268 se
723 4203 901 4287 perfecisse
924 4203 1066 4286 parocho
1086 4207 1201 4286 aperte
1218 4201 1467 4278 declaraverint,

140 4314 316 4358 consensus
339 4294 546 4358 renovationi
570 4316 610 4358 ne
634 4294 765 4377 passive
789 4292 917 4375 quidem
934 4292 1094 4358 interesse
1110 4312 1168 4375 per
1183 4312 1219 4356 se
1236 4296 1270 4357 et
1285 4293 1467 4374 generatim

139 4381 267 4457 licebit,
301 4380 363 4445 nisi
396 4403 472 4464 pars
504 4382 664 4447 catholica
694 4381 774 4447 facti
805 4380 978 4465 paenitens
1007 4380 1182 4465 resipuerit
1212 4383 1247 4445 et
1276 4400 1297 4445 a
1325 4381 1468 4448 censuris

140 4470 239 4535 fuerit
263 4471 423 4536 absoluta.
472 4471 518 4536 Cf.
544 4472 578 4537 S.
605 4471 665 4554 Off.
691 4471 711 4536 l.
737 4492 763 4536 c.

79 4595 132 4651 884
231 4577 268 4641 lt.
295 4581 324 4641 3.
372 4577 601 4655 Nihilominus,
626 4577 652 4641 si
677 4576 810 4660 nupturi
834 4598 989 4660 expresse
1013 4576 1092 4641 nihil
1120 4576 1247 4651 dicunt,
1281 4598 1390 4659 neque
1419 4597 1468 4642 res

141 4668 219 4730 nota
242 4666 428 4749 parochove
451 4667 548 4751 plane
565 4671 656 4732 certa
672 4665 725 4744 sit,
751 4666 913 4750 parochus
929 4671 1039 4732 autem
1056 4687 1125 4730 rem
1140 4664 1345 4748 suspicatur:
1371 4667 1468 4751 ipsius
