3044 5174
472 241 513 297 De
530 259 567 298 se.
587 243 752 299 eucharistia
770 273 807 284 ·-
824 248 856 300 ut
873 250 1073 302 sacramentum
1093 251 1143 302 est

350 458 564 527 CIBORIUM
586 461 736 527 EXTRA
760 461 1019 531 CORPORALE
1042 465 1276 534 RELIO'I'UM.

755 628 865 695 Casus.
875 637 933 706 (37)

238 762 310 822 Cum
331 765 362 823 in
383 764 524 826 missione
544 785 653 842 magrra
667 788 737 845 pars
758 769 859 848 populi
874 771 1107 832 communionem
1128 777 1295 850 exspectat,
1313 773 1474 833 deficienti·

145 844 201 902 hus
222 843 328 903 hostiis
350 847 534 906 consecratis
555 847 677 908 Publius
701 850 786 908 modo
808 851 1010 911 celebraturus
1034 857 1169 912 monetur
1189 858 1222 912 ut
1237 853 1380 913 ciborium
1395 856 1472 931 quod

146 924 281 983 minister
302 925 447 985 allaturus
469 926 508 986 sit
529 934 697 988 consecret:
719 930 795 1005 quod
816 931 929 990 annuit.

234 1004 477 1080 Aderangelium
487 1007 622 1067 minister
636 998 750 1085 quidem
760 1011 847 1070 affert
862 1010 1012 1084 ciborium,
1028 1012 1080 1071 sed
1091 1011 1213 1074 Publius
1227 1012 1390 1073 distractus
1400 1014 1473 1072 nihil

146 1083 227 1143 videt
240 1103 335 1161 neque
350 1086 463 1161 cogitat
483 1087 519 1146 de
534 1087 654 1159 ciborio,
676 1087 742 1148 dum
764 1095 834 1167 post
847 1095 999 1168 peractam
1013 1092 1266 1153 consecrationem
1280 1093 1368 1170 panis
1383 1094 1473 1152 auim-

147 1164 276 1224 advertit
296 1165 438 1225 ciborium
457 1186 550 1244 prope
571 1170 724 1246 corporale
748 1171 930 1231 collocatum.
961 1205 1000 1213 —
1029 1172 1237 1232 Missionarius
1255 1179 1371 1246 autem,
1394 1179 1472 1234 utra-

146 1263 202 1320 que
222 1246 446 1306 consecrationc
467 1247 519 1306 vix
540 1248 639 1319 finita,
671 1249 815 1309 ciborium
841 1252 918 1327 quod
938 1271 992 1328 pro
1014 1258 1189 1312 consecrato
1219 1253 1310 1312 habet
1337 1255 1473 1327 assumit,

146 1331 368 1402 exspectantem
388 1327 528 1404 populum
550 1330 826 1391 communicaturus.

147 1437 323 1509 Qusurrrun
346 1443 374 1499 1⁰
395 1441 494 1501 sintne
515 1443 679 1519 particulae
699 1444 731 1503 in
753 1445 864 1504 ciborio
887 1451 1045 1506 contentae
1068 1452 1271 1508 consecratae.

346 1539 376 1597 2ο
396 1539 475 1615 quid,
497 1540 524 1598 si
544 1540 679 1601 minister
701 1543 843 1602 ciborium
864 1543 896 1603 in
917 1543 984 1621 ipso
1008 1545 1156 1622 corporali
1175 1545 1318 1622 posuerit.

345 1638 376 1696 8θ
395 1637 558 1714 particulas
578 1645 769 1701 consecratas
790 1642 918 1701 liceatne
939 1642 1041 1702 statim
1058 1648 1126 1719 post
1147 1643 1404 1704 consecrationem
1423 1664 1473 1722 po·

393 1718 461 1795 pulc
483 1718 666 1782 distribuere.

739 1918 875 1987 Solutio.

88 2073 138 2128 128
233 2062 287 2128 Au
310 2082 503 2138 ouausrruu
529 2065 566 2127 1m
589 2061 628 2128 R.
657 2064 684 2128 1.
731 2061 798 2126 Res
821 2061 943 2128 acriter
965 2061 1234 2140 controvertitur,
1266 2083 1339 2128 cnm
1363 2063 1474 2129 omnia

145 2151 309 2237 pendeant
339 2151 380 2216 ab
410 2150 683 2235 interpretatione
711 2149 902 2217 intentionis
932 2150 1111 2217 sacerdotis
1139 2151 1345 2220 celebrantis.
1393 2152 1472 2218 Cum

146 2241 232 2307 enim
264 2260 422 2324 expressa
453 2244 488 2307 et
520 2239 676 2324 explicita
707 2239 846 2306 intentio
877 2238 912 2305 in
944 2239 1188 2307 consecratione
1220 2262 1285 2307 non
1317 2240 1471 2321 adfuerit,

146 2329 293 2413 cogimur
308 2328 456 2394 conicere
480 2348 647 2412 quousque
669 2326 826 2412 implicite
841 2333 875 2395 et
891 2327 1077 2396 virtualiter
1092 2330 1245 2396 voluntas
1261 2330 1474 2398 consecrandi

145 2440 181 2485 se
205 2416 400 2484 extenderit.

234 2505 346 2590 Aliqui
368 2505 470 2590 igitur
493 2505 620 2572 dicum:
644 2506 797 2572 voluntas
815 2509 894 2572 ante
908 2505 1042 2572 missam
1058 2509 1218 2591 concepta
1232 2507 1386 2575 absoluta
1401 2512 1474 2575 erat

146 2617 249 2679 eaque
282 2595 470 2662 virtualiter
502 2594 694 2680 perduravit
727 2593 761 2658 in
793 2614 831 2661 eo
867 2594 921 2677 qui
953 2594 1067 2662 statim
1100 2595 1140 2660 ad
1174 2596 1405 2662 celebrandum
1437 2618 1473 2663 se

147 2685 341 2762 accinxerit;
371 2684 473 2751 laesio
504 2689 615 2751 autem
643 2683 846 2750 rubricarum
875 2683 1125 2751 accidentalium
1154 2684 1238 2751 hanc
1267 2687 1472 2753 voluntatem

146 2797 210 2842 non
232 2773 430 2852 immutavit,
454 2773 511 2839 sed
536 2771 759 2839 concomitans
782 2777 881 2855 etque
904 2773 1125 2840 involuntaria
1146 2773 1219 2842 fuit.

235 2863 301 2929 Alii
324 2863 437 2929 dicunt
452 2861 656 2928 voluntatem
672 2861 762 2927 illam
779 2867 857 2928 ente
868 2862 1002 2928 missam
1015 2866 1206 2946 conceptam
1216 2862 1326 2928 'fuisse
1341 2863 1472 2946 quidem

145 2953 347 3038 propositum
363 2951 576 3018 consecrandi
596 2972 654 3017 seu
671 2950 866 3033 adiungendi
883 2952 924 3016 ad
940 2951 1111 3018 materiam
1128 2951 1248 3017 missae
1263 2952 1470 3019 essentialem

146 3042 244 3109 aliam
267 3041 519 3119 accidentalem
550 3040 608 3106 sed
637 3040 796 3125 propositi
827 3040 1087 3118 exsecutionem,
1120 3061 1317 3124 quamquam
1341 3062 1385 3107 ex
1415 3043 1471 3108 ob·

145 3132 282 3210 livione,
313 3131 467 3196 defuisse.
519 3129 773 3195 Exsecutionem
802 3129 960 3213 propositi
991 3129 1139 3195 debuisse
1169 3129 1287 3196 saltem
1319 3151 1393 3197 esse
1422 3130 1472 3196 in-

146 3221 297 3286 choatam
320 3240 379 3304 per
394 3219 614 3285 voluntariam
630 3218 886 3303 assumptionem
901 3218 1031 3284 illarum
1051 3218 1285 3303 particularum
1301 3221 1470 3303 tamquam

144 3309 304 3376 materiae
320 3308 491 3391 liturgicus
508 3307 660 3384 actionis;
677 3329 775 3390 quam
791 3307 1045 3392 assumptionem
1057 3307 1174 3374 adesse
1190 3309 1298 3390 quoad
1314 3309 1471 3375 maiorem

146 3398 286 3465 hostiam
319 3420 361 3463 ex
393 3398 466 3481 ipsa
497 3396 662 3463 oblatione
693 3396 892 3479 reliquisque
924 3396 1122 3475 actionibus,
1158 3398 1266 3479 quoad
1298 3399 1469 3464 materiam

145 3487 380 3555 accidentalem
397 3486 516 3551 debere
528 3486 636 3569 aliquo
653 3485 781 3551 demum
795 3491 871 3552 actu
886 3486 973 3552 intra
989 3486 1093 3570 ipsam
1107 3487 1269 3553 actionem
1284 3487 1470 3570 liturgicam

146 3575 399 3660 assumptionem
424 3574 504 3642 fieri.

234 3683 273 3750 R.
299 3686 329 3749 2.
375 3673 535 3758 Quoniam
557 3680 659 3763 igitur
681 3702 735 3747 res
762 3686 855 3747 certa
877 3685 1031 3759 nonest,
1056 3680 1200 3764 practice
1229 3681 1263 3746 in
1286 3702 1385 3758 casu,
1410 3702 1470 3764 quo

146 3773 302 3838 ciborium
318 3771 469 3837 relictum
485 3775 537 3836 est
559 3774 657 3836 extra
672 3771 842 3854 corporale
863 3791 968 3852 neque
983 3791 1004 3836 a
1019 3771 1191 3837 sacerdote
1207 3770 1471 3837 animadversum

146 3866 234 3929 iutro
256 3862 361 3945 ipsam
385 3860 537 3938 missam,
561 3859 744 3943 particulae
767 3881 825 3943 pro
850 3859 945 3925 dubie
969 3859 1169 3926 consecratis
1192 3860 1363 3926 habendae
1387 3864 1471 3927 sunt.

87 3982 136 4038 129
234 3967 273 4034 R.
299 3969 329 4033 3.
365 3965 400 4032 Si
422 3969 533 4031 autern
557 3969 644 4031 int-ra
661 3966 797 4030 Missum
820 3965 973 4031 sacerdos
998 3965 1174 4030 advertens
1194 3964 1351 4030 ciborium
1369 3966 1472 4032 voluit

146 4076 355 4133 consecrare,
390 4054 453 4120 etsi
488 4055 563 4119 dein
596 4058 692 4120 extra
726 4054 896 4137 corporale
931 4075 974 4119 ex
1006 4054 1168 4119 oblivione
1199 4053 1333 4135 reliquit
1368 4076 1471 4138 neque

146 4146 322 4228 quidquam
352 4144 393 4209 de
416 4165 455 4208 eo
485 4143 517 4208 in
545 4143 617 4227 ipsa
641 4143 886 4210 consecratione
910 4142 1084 4224 cogitavit,
1115 4143 1310 4208 rationabile
1341 4142 1472 4210 dubium

147 4238 186 4302 de
216 4233 462 4302 consecratione
491 4232 554 4297 rite
577 4237 712 4315 peracte
735 4254 800 4297 non
824 4232 964 4298 exsistit.
990 4268 1033 4277 —
1057 4232 1229 4308 Similiter,
1259 4230 1287 4296 si
1318 4234 1472 4299 sacerdos

147 4328 223 4390 ante
258 4324 410 4399 nussam,
447 4342 519 4387 cnm
554 4326 742 4387 moneretur
777 4343 797 4387 a
830 4321 1031 4397 sacristano,
1067 4322 1253 4386 absolutam
1288 4324 1473 4408 conceperit

146 4415 351 4480 voluntatem
375 4411 604 4487 consecrandi,
635 4411 828 4492 ubicumque
851 4411 884 4475 in
906 4410 1004 4476 altari
1028 4409 1183 4475 ciborium
1208 4409 1308 4475 fuerit
1331 4413 1473 4495 positum

147 4508 245 4585 atque
260 4501 421 4578 relictum,
446 4501 545 4566 etiam
566 4504 662 4565 extra
677 4500 856 4583 corporale.
892 4501 938 4565 At
961 4499 1045 4564 hanc
1061 4520 1250 4582 expressam
1267 4499 1473 4570 voluntatem

147 4613 218 4656 eum
243 4591 394 4657 habuisse
418 4590 501 4654 sumi
524 4590 647 4671 nequit,
672 4590 730 4654 sed
753 4590 851 4655 debet
873 4588 1014 4671 probari.
