3044 5174
144 318 208 382 428
640 314 846 370 Sacramentum
865 312 976 368 ordinis.

144 492 255 550 Verum
275 495 382 568 postea
402 491 433 550 in
456 491 580 551 civitate
601 511 657 551 sua
678 491 779 550 debuit
799 490 945 550 interesse
973 490 1063 550 alicui
1085 509 1195 550 causae
1217 489 1381 564 criminali;
1410 498 1475 552 erat

143 571 428 711 ilrptplplppursatpptqui
449 572 493 630 rei
515 571 626 631 cn'men
648 570 888 643 affirmaverunt3
913 575 1001 648 atque
1022 571 1066 630 ita
1088 591 1106 630 a
1126 571 1272 632 iudicibus
1292 571 1345 632 ille
1367 571 1475 650 capitis

144 766 321 838 Qusnmrua
343 768 372 827 1⁰
393 785 469 843 quae
491 766 531 825 sit
551 766 757 842 irregularitas
778 786 815 827 ox
838 767 953 829 delectu
975 765 1118 827 lenitatis.

343 865 375 923 2⁰
395 864 512 924 adsitne
532 864 608 924 haec
628 864 660 925 in
681 884 754 924 casu
774 865 900 937 Bartoli,
922 869 953 924 et
973 864 1120 942 quodnam
1140 862 1182 924 sit
1200 863 1373 926 remedium.

739 1074 875 1142 Salutio.

81 1243 132 1296 747
233 1225 286 1289 An
309 1226 564 1299 oosnsrnonar
587 1223 627 1290 R.
655 1227 683 1290 1.
715 1222 826 1305 Aliqui
849 1223 934 1289 hanc
957 1221 1235 1306 irregularitatem
1259 1245 1302 1290 ex
1325 1224 1473 1292 lenitatis
1516 1182 1520 1309 l

143 1312 274 1378 defectu
297 1317 445 1379 tractant
430 1312 563 1378 tsimul
588 1333 661 1378 cum
683 1311 911 1396 irregularitat
912 1333 931 1377 e
954 1333 996 1379 ex
1012 1311 1185 1379 homicidio
1208 1316 1242 1381 et
1264 1313 1520 1414 mutilatione*

144 1422 281 1484 eamque
304 1423 379 1468 cum
400 1401 459 1469 illa
482 1401 694 1468 confundunt.
741 1402 789 1468 At
817 1422 883 1467 non
905 1404 1005 1470 reete.
1052 1401 1221 1470 Posterior
1242 1401 1330 1468 enim
1354 1405 1471 1469 crimen

143 1491 291 1574 postulat
314 1495 414 1574 atque
437 1490 643 1558 contrahitur
666 1511 709 1558 ex
732 1489 868 1556 crimine
891 1490 989 1558 etiarn
1010 1492 1139 1557 occulto
1120 1512 1150 1559 ο.
1193 1490 1288 1558 Prior
1309 1490 1403 1558 illa'
1393 1513 1472 1559 1rre·

143 1579 305 1663 gularitas
329 1578 451 1645 crimen
475 1579 664 1646 nullatenus
694 1579 865 1665 supponit,
896 1579 955 1646 sed
986 1601 1057 1646 cum
1089 1579 1220 1647 actione
1249 1581 1352 1648 etiam
1375 1581 1472 1665 plane

142 1669 254 1823 delpilpa
283 1669 508 1752 coniungitur,
538 1690 653 1734 verum
683 1690 725 1735 ex
754 1673 874 1735 natura
905 1690 966 1734 sua
995 1669 1144 1753 postulat
1172 1669 1336 1736 actionem
1370 1692 1414 1735 ex
1438 1691 1472 1735 se

142 1778 186 1842 pu
233 1780 315 1825 cam.

231 1865 389 1931 Attamen
411 1863 639 1947 irregularitas
662 1885 704 1930 ex
734 1864 865 1930 defectu
897 1863 1059 1941 lenitatis,
1090 1886 1163 1931 cum
1194 1885 1300 1948 poena
1329 1865 1472 1945 nonsit,
1518 1850 1520 1895 ²

143 1975 207 2019 non
236 1957 348 2038 potest
376 1953 544 2038 requirere
573 1974 697 2037 poenae
729 1953 966 2036 cognitionem
999 1952 1058 2018 sed
1090 1953 1191 2021 etiam
1223 1954 1265 2020 ab
1297 1953 1472 2037 ignorante

143 2043 364 2120 contrahitur;
395 2042 546 2109 similiter
576 2046 686 2108 autem
717 2040 818 2109 etiam
847 2041 1055 2107 homicidium
1085 2043 1138 2108 vel
1168 2043 1331 2110 mutilatio
1362 2044 1472 2127 aliquo

141 2133 238 2199 modo
261 2132 392 2217 publica
415 2131 541 2198 inducit
564 2130 663 2198 etiam
693 2130 726 2195 in
749 2129 956 2214 ignorantem
986 2130 1266 2215 irregularitatem
1295 2153 1339 2198 ex
1361 2131 1473 2199 famae

141 2220 283 2289 defectu.

231 2329 270 2394 R.
295 2331 325 2393 2.
357 2327 515 2393 Defectus
537 2325 684 2392 lenitatis
701 2345 744 2391 ex
759 2326 892 2393 notione
915 2346 976 2392 sua
999 2325 1032 2392 in
1049 2346 1088 2392 eo
1104 2326 1255 2393 consistit
1278 2326 1365 2409 quod
1390 2328 1473 2411 quis,

142 2418 242 2483 etiam
257 2416 509 2500 inculpabiliter,
534 2415 725 2498 sanguinem
742 2416 917 2481 humanum
934 2414 1057 2481 fuderit
1076 2417 1129 2481 vel
1152 2415 1352 2482 fundendum
1378 2439 1475 2483 cura·

143 2506 228 2571 verit
251 2511 348 2573 extra
371 2526 483 2571 casum
506 2505 712 2571 necessariae
736 2503 944 2571 defensionis.

231 2611 464 2695 Irregularitas
487 2610 692 2677 contrahitur
715 2611 757 2676 ab
781 2632 820 2676 eo
844 2610 899 2693 qui
928 2614 1005 2695 post
1032 2610 1230 2696 baptismum
1258 2613 1291 2695 1)
1314 2611 1348 2677 in
1373 2634 1475 2678 causa

142 2701 301 2767 criminali
325 2700 413 2767 iusta
436 2699 479 2766 ad
502 2721 639 2784 poenam
664 2699 779 2767 mortis
795 2701 848 2766 vel
863 2700 1080 2766 mutilationis
1095 2699 1305 2783 infligendam
1323 2703 1474 2785 proxime

142 2795 178 2858 et
200 2790 380 2858 efficaciter
395 2788 615 2855 concurrerit:
640 2789 710 2855 scil.
736 2789 930 2855 aiudicibus
951 2789 1135 2870 (dubitatur
1150 2790 1190 2854 de
1206 2792 1351 2874 iurata),
1376 2812 1474 2857 accu-

142 2880 316 2957 satoribus,
340 2878 609 2963 procuratoribus
631 2899 690 2943 seu
707 2878 877 2945 advocatis
900 2878 955 2960 qui
970 2880 1141 2962 postulant
1155 2900 1305 2963 poenam,
1330 2881 1474 2948 testibus

142 2968 342 3054 spontaneis.
389 2968 436 3035 ef.
461 2967 717 3035 Laurentius
741 2968 762 3032 l.
788 2989 815 3032 c.
839 2989 870 3033 n.
897 2970 955 3039 67:
981 2968 1187 3051 Gasparri
1211 2991 1242 3036 n.
1267 2971 1333 3034 453
1350 2991 1400 3053 sq.

232 3076 266 3159 2)
290 3075 344 3159 qui
367 3075 401 3139 in
425 3075 510 3140 bello
533 3074 621 3142 iusto
644 3075 794 3158 offensioo
817 3078 935 3157 sponte
958 3073 1142 3140 militarunt
1166 3080 1200 3143 et
1215 3076 1350 3161 propria
1373 3099 1473 3143 manu

142 3166 283 3247 aliquem
308 3165 498 3230 occiderunt
521 3166 575 3230 vel
598 3164 844 3231 mutilaverunt.

232 3273 266 3354 3)
291 3271 398 3337 clerici
422 3292 511 3349 vero,
536 3271 591 3353 qui
615 3280 721 3357 sponte
744 3270 894 3337 militiam
917 3274 1107 3352 sequuntur,
1133 3271 1232 3337 etiam
1248 3270 1280 3335 in
1305 3272 1392 3337 bello
1417 3274 1474 3339 de-

142 3362 270 3426 fensivo
301 3361 385 3426 hanc
415 3360 694 3442 irregularitatem
725 3359 933 3426 contrahunt.
980 3359 1237 3426 Laurentius
1260 3361 1282 3426 l.
1308 3382 1334 3426 c.
1360 3383 1392 3428 n.
1419 3367 1471 3429 66.

232 3468 323 3544 Quod
347 3470 458 3532 autem
489 3467 529 3532 de
558 3467 804 3549 irregularitate
835 3466 972 3545 dicitur,
1003 3488 1101 3549 quam
1133 3466 1242 3532 clerici
1273 3469 1474 3536 contrahant

143 3578 201 3641 per
231 3556 425 3622 exercitium
456 3556 539 3622 artis
568 3556 713 3621 medicae
747 3576 819 3620 cum
849 3555 1006 3621 incisione
1036 3556 1090 3621 vel
1122 3556 1310 3635 adustione,
1343 3559 1371 3623 si
1400 3560 1474 3642 quis

143 3647 243 3712 etiam
268 3645 338 3711 sine
362 3666 473 3711 eorum
498 3645 595 3728 culpa
617 3645 693 3710 inde
716 3644 876 3711 moriatur
899 3645 951 3709 vel
976 3645 1141 3728 amputari
1165 3646 1299 3712 debeat:
1331 3669 1396 3713 non
1422 3656 1474 3714 est

143 3734 289 3801 certain
313 3735 387 3817 lege
411 3735 568 3800 canonica
592 3735 877 3818 comprehensum,
909 3736 944 3798 et
973 3734 1186 3817 probabiliter
1215 3734 1257 3799 ad
1280 3735 1474 3819 irregulari-

143 3828 248 3890 tatem
282 3845 324 3888 ex
358 3823 476 3890 delicto
510 3823 697 3903 (homicidio
730 3822 869 3905 casuali)
902 3822 1078 3889 reducitur.
1130 3823 1177 3889 Cf.
1211 3823 1354 3889 Wernz
1388 3826 1410 3893 l.
1445 3849 1472 3893 c.

143 3936 174 3980 n.
203 3915 276 3989 123,
300 3917 368 3978 not.
395 3915 477 3989 234,
502 3933 700 3994 quamquam
723 3911 794 3995 ipse
817 3912 849 3976 in
874 3932 947 3976 eam
969 3911 1248 3994 irregularitatem
1273 3934 1316 3979 ex
1340 3914 1473 3982 defectu

142 4002 288 4069 lenitatis
310 4002 486 4068 tenendam
508 4002 661 4076 inclinat,
693 4004 809 4085 utpote
839 4021 922 4082 quae
953 4001 1113 4068 innitatur
1142 4001 1175 4066 in
1206 4002 1355 4068 doctrina
1386 4004 1474 4072 forte

143 4092 249 4174 magis
272 4094 406 4175 recepta
429 4091 461 4155 in
487 4091 518 4158 S.
544 4091 576 4158 Ο.
601 4091 635 4157 C.

82 4245 133 4298 748
232 4224 285 4288 An
309 4244 501 4299 qunnsrnuu
525 4226 564 4287 2¹¹³
587 4223 626 4289 R.
654 4224 682 4287 1.
715 4221 747 4286 Si
772 4221 892 4286 bellum
916 4221 980 4288 fuit
1004 4226 1132 4307 iau-stum,
1156 4223 1385 4306 irregularitas
1408 4248 1474 4292 non

144 4313 254 4390 adest,
287 4312 357 4377 sive
380 4312 499 4377 bellum
531 4311 734 4376 defensivum
765 4310 835 4376 sive
866 4311 965 4377 etiam
997 4312 1189 4377 offensivum
1221 4312 1301 4391 fuit,
1332 4315 1475 4396 quiade

144 4402 303 4482 sanguine
326 4402 459 4485 propria
482 4400 677 4465 mauuiuso
702 4422 766 4464 non
792 4404 923 4466 constat
946 4400 1007 4464 nisi
1030 4401 1064 4465 in
1081 4423 1144 4465 uno
1162 4423 1240 4467 casu
1257 4402 1474 4471 defensionis:

144 4511 258 4555 verum
280 4495 416 4574 propter
439 4490 543 4554 solam
559 4489 778 4554 defensionem
795 4489 1015 4554 necessariam
1032 4495 1147 4556 contra
1163 4490 1319 4557 iniustum
1336 4513 1475 4575 aggres-

145 4599 251 4643 sorem
284 4579 512 4660 irregularitas
547 4600 611 4643 non
647 4577 860 4643 contrahitur.
914 4577 1122 4662 Quapropter
1156 4581 1376 4647 necessarium
1410 4605 1476 4649 non

145 4666 209 4732 erit
223 4668 387 4750 inquirere
402 4673 511 4733 utrum
528 4671 645 4752 sponte
660 4689 703 4733 au
719 4671 853 4733 coactus
869 4667 1024 4733 Bartolus
1040 4667 1189 4734 militiam
1206 4669 1307 4737 fuerit
1330 4678 1475 4741 secutus.
