3044 5174
173 264 237 328 276
624 257 829 313 Sacramentum
848 257 1039 328 paenitentiae.

171 435 334 519 episcopi,
370 439 404 500 et
438 433 646 499 nihilominus
680 433 798 516 aliquis
831 435 943 501 studet
972 433 1005 498 id
1036 433 1200 500 declinare
1227 430 1513 517 voluntatemque

171 525 221 589 sui
246 523 423 607 superioris
443 523 592 589 eludere:
616 523 668 588 hic
684 523 755 605 agit
776 523 809 587 in
826 523 973 589 fraudem
992 523 1083 605 legis.
1114 523 1171 589 Cui
1188 545 1334 589 summus
1350 525 1492 609 pontifex

172 614 277 679 noluit
307 617 344 679 ut
374 612 554 677 communis
585 613 784 679 consuetudo
808 613 1049 697 patrocinetur,
1080 632 1144 695 qua
1172 612 1339 696 peregrini
1370 613 1490 679 facilius

173 701 379 769 absolutione
403 701 576 768 donantur.

262 791 300 857 11.
325 793 355 858 2.
401 790 439 854 111
462 790 612 855 fraudem
635 790 719 873 legis
742 812 806 855 non
830 789 901 872 agit
930 789 985 855 ille
1009 788 1064 873 qui
1096 791 1271 874 peregrino
1295 790 1489 857 confessario

172 879 301 945 facilius
326 878 461 944 crimina
485 900 545 944 sua
569 878 696 963 pandit,
721 881 879 944 maiorem
902 883 936 945 et
959 880 1125 945 meliorem
1149 885 1262 964 sperat
1285 880 1489 946 directionem

172 990 208 1035 se
232 969 429 1045 habitururn,
453 969 506 1033 vel
530 969 584 1050 qui
609 990 651 1033 ex
674 967 832 1034 similibus
855 967 962 1034 causis
985 968 1066 1052 agit.

108 1101 161 1154 485
261 1084 314 1148 Ab
338 1102 529 1158 ouaasrrnu
553 1085 592 1145 4¹²²
616 1082 654 1149 lt.
674 1084 702 1150 1.
735 1081 876 1147 Terillus
899 1081 1045 1147 studiose
1069 1081 1247 1149 declinavit
1270 1081 1424 1148 iudicium
1447 1082 1487 1148 sui

172 1170 316 1256 parochi.
349 1171 413 1237 Sed
435 1171 599 1254 parochus
622 1193 686 1235 non
704 1175 755 1236 est
771 1171 826 1236 ille
853 1174 1003 1255 ,pastor¹‘
1032 1171 1086 1255 qui
1108 1171 1216 1253 legem
1238 1172 1326 1248 tulit,
1351 1172 1386 1236 in
1409 1173 1487 1236 cuius

171 1262 320 1328 fraudem
344 1263 474 1342 agatur.
506 1261 565 1324 Ille
589 1264 641 1326 est
664 1261 852 1343 episcopus:
876 1260 940 1325 nisi
961 1259 1064 1343 igitur
1086 1261 1233 1327 studiose
1249 1261 1394 1327 declinet
1417 1261 1488 1326 iudi·

172 1351 258 1416 cium
282 1349 441 1433 episcopi,
475 1372 505 1414 v.
531 1371 562 1431 g.
588 1350 614 1414 si
638 1349 767 1431 quando
791 1350 846 1414 ille
869 1349 1073 1433 prohibuerit
1102 1349 1273 1433 quominus
1296 1350 1349 1416 sui
1372 1350 1488 1415 dioecc»

173 1440 246 1505 sani
270 1438 335 1504 alio
359 1438 532 1504 tenderent
555 1437 597 1502 ad
620 1437 802 1504 habendam
827 1439 1065 1505 absolutionem
1081 1460 1101 1504 a
1116 1438 1177 1505 teli
1192 1439 1246 1505 vel
1268 1438 1331 1506 1311
1355 1438 1487 1515 crimine,

173 1551 239 1594 non
263 1531 315 1592 est
339 1529 423 1609 quod
448 1527 589 1592 Terillus
612 1527 657 1593 sit
679 1527 919 1610 inquietandus.

262 1617 301 1684 R.
327 1619 357 1683 2.
404 1616 510 1681 Aliter
538 1616 745 1682 iudicandum
775 1622 826 1683 est
856 1617 896 1682 de
926 1616 1061 1683 Iuliano.
1106 1615 1154 1683 Ut
1183 1638 1225 1682 ex
1255 1637 1335 1682 casu
1365 1620 1488 1683 narrato

173 1706 305 1772 videtur
327 1711 458 1789 patere,
484 1704 655 1789 episcopus
678 1706 759 1783 loci,
791 1706 844 1771 cui
866 1706 1015 1771 subiacet
1037 1704 1201 1785 Iulianus,
1227 1726 1362 1772 causam
1385 1705 1488 1772 matri·

173 1794 273 1862 monii
295 1795 391 1861 mixti
415 1794 596 1860 acatholico
621 1794 686 1861 ritu
709 1794 781 1861 initi
804 1795 853 1862 ita
883 1795 1036 1861 evocavit
1064 1795 1139 1877 lege
1162 1795 1310 1878 generali
1339 1794 1384 1860 ad
1406 1815 1488 1860 suun

172 1883 336 1962 iudicium,
360 1888 398 1950 ut
421 1886 461 1948 de
484 1884 621 1966 singulis
645 1883 773 1949 casibus
789 1883 870 1950 velit
888 1884 1006 1950 instrui
1029 1889 1129 1968 atque
1152 1883 1345 1951 absolvendi
1368 1884 1489 1950 niodum

173 1974 396 2058 praescribere
427 1973 480 2038 vel
509 1972 702 2039 facultatem
734 1973 821 2040 dare.
869 1974 933 2039 Sed
962 1974 995 2038 id
1025 1975 1131 2057 ipsum
1161 1978 1213 2041 est
1243 1972 1330 2055 quod
1354 1973 1489 2039 Iulianus

173 2065 246 2129 vult
270 2062 419 2145 effugere
448 2065 484 2128 et
513 2062 686 2128 declinare.
733 2062 939 2146 Quapropter
962 2084 1041 2129 vere
1071 2062 1142 2145 agit
1164 2062 1198 2127 in
1230 2061 1382 2128 fraudem
1407 2061 1489 2144 legis.

263 2151 497 2228 Nihilominus,
528 2151 556 2216 si
580 2151 724 2216 lulianus
747 2151 886 2218 nescivit
909 2151 970 2217 sibi
992 2151 1041 2218 ita
1065 2173 1164 2234 agere
1188 2173 1254 2217 non
1276 2150 1378 2217 licere
1402 2151 1489 2217 adeo·

174 2263 237 2324 quo
260 2242 346 2307 bona
369 2240 433 2305 lide
458 2239 567 2305 omisit
590 2240 733 2305 indicare
757 2261 792 2305 se
816 2262 888 2305 esse
911 2240 1120 2324 peregrinum
1144 2262 1186 2307 ex
1209 2240 1353 2307 dioecesi
1377 2240 1425 2319 A,
1448 2244 1490 2306 31·

173 2353 236 2413 que
260 2329 480 2396 confessarius
503 2329 581 2394 nihil
606 2329 777 2413 suspicans
800 2350 905 2412 neque
920 2330 1129 2413 interrogans
1149 2329 1311 2396 absolvit:
1335 2329 1488 2396 absolutio

173 2421 274 2487 valet.
320 2419 422 2500 ldque
447 2423 572 2484 certum
595 2423 662 2496 est,
688 2423 849 2501 quatenus
873 2419 971 2484 etiam
995 2419 1074 2484 illud
1098 2423 1269 2503 peccatum
1292 2423 1488 2485 reservatum

172 2508 333 2575 indirecte
355 2508 399 2573 sit
422 2508 597 2574 sublatum.
643 2508 746 2573 Immo
771 2513 848 2592 puto
873 2508 971 2575 etiam
995 2507 1090 2574 huius
1119 2507 1246 2592 peccati
1273 2512 1404 2576 reatum
1429 2527 1490 2573 esse

174 2597 297 2662 directe
321 2598 515 2668 absolutum.
539 2597 587 2662 ita
610 2602 647 2662 111
670 2596 769 2663 etiam
794 2617 931 2662 censura
954 2598 1062 2665 soluta
1084 2597 1138 2674 sit,
1162 2599 1190 2663 si
1214 2597 1309 2662 modo
1334 2597 1491 2663 confessa·

174 2686 243 2752 rius
266 2687 297 2751 in
322 2707 382 2751 sua
406 2686 544 2751 dioecesi
574 2686 659 2751 hanc
690 2707 870 2752 acensura
901 2687 1090 2752 absolvendi
1121 2686 1315 2753 facultatem
1338 2684 1489 2752 habuerit.

174 2777 211 2841 ld
239 2798 303 2840 non
326 2780 455 2841 tanturn
478 2797 520 2840 ex
544 2797 582 2839 eo
605 2775 710 2840 infero
741 2776 827 2856 quod
857 2796 993 2841 censura
1023 2777 1079 2841 illa
1108 2775 1152 2842 sit
1175 2775 1319 2860 papalis,
1354 2776 1491 2857 adeoque

172 2886 238 2930 non
255 2886 297 2930 ex
312 2885 348 2929 se
363 2870 534 2930 reservata
551 2863 680 2947 proprio
697 2864 864 2948 episcopo:
889 2865 946 2929 scd
963 2864 1064 2930 etiam
1080 2886 1122 2930 ex
1147 2886 1185 2930 eo
1202 2864 1288 2946 quod
1304 2864 1454 2930 Clemens
1468 2863 1490 2929 X

175 2955 255 3021 dicit
279 2954 319 3018 de
347 2953 480 3031 ,fraude
504 2953 619 3035 legis“.
651 2954 737 3019 Nam
761 2974 817 3018 eos
842 2957 972 3019 tantum
993 2953 1154 3038 prohibet,
1178 2953 1351 3036 quominus
1375 2952 1491 3019 absolsi

174 3043 310 3127 possint,
335 3064 415 3125 quos
432 3043 651 3108 confessarius
669 3046 810 3126 ,coemit
824 3043 857 3107 in
874 3042 1022 3108 fraudem
1042 3043 1275 3109 reservationis
1298 3042 1342 3108 ad
1358 3043 1491 3109 alienam

174 3132 349 3198 dioecesim
381 3154 439 3216 pro
472 3132 675 3198 absolutione
708 3132 884 3198 obtinenda
916 3132 1112 3215 migrasse“;
1146 3138 1182 3198 at
1215 3131 1437 3198 confessarius
1465 3130 1492 3196 id

175 3245 237 3287 11311
262 3224 346 3286 coeit
368 3221 400 3285 in
425 3241 502 3285 casu
526 3221 652 3287 Iuliani.

266 3311 387 3375 Verum
405 3311 437 3374 in
454 3310 526 3375 foro
543 3316 679 3376 externo
695 3310 753 3374 1113
769 3308 930 3374 absolutio
946 3309 1106 3376 Iulianum
1130 3309 1209 3374 nihil
1224 3308 1363 3376 iuvabit.
1395 3309 1494 3388 Quare

175 3399 203 3463 si
228 3399 270 3464 ad
301 3400 407 3464 forum
440 3399 603 3482 publicum
634 3420 733 3464 causa
766 3420 917 3480 umquam
948 3399 1132 3478 devenerit,
1164 3420 1263 3482 agere
1296 3403 1332 3466 et
1363 3398 1494 3467 tractari

176 3488 283 3566 debet,
307 3509 347 3554 ac
370 3489 397 3553 si
421 3510 559 3554 censura
582 3489 687 3554 adhuc
711 3492 799 3553 esset
821 3488 953 3570 ligatus.

615 3679 753 3746 DUBIA
777 3678 1066 3746 RESERVATIO.

738 3820 847 3885 Casus,
867 3827 943 3894 (139)

265 3943 383 4009 Festus,
405 3943 453 4017 qui
475 3962 540 4000 cunr
562 3943 660 4019 puella
681 3948 868 4018 peccaverat,
890 3943 998 4001 timens
1020 3963 1057 4000 ne
1073 3944 1251 4019 conceperit,
1274 3945 1357 4004 dedit
1376 3947 1404 4006 31
1418 3947 1494 4023 phar·

176 4042 299 4094 macum,
322 4043 380 4098 quo
400 4023 508 4092 foetus,
531 4022 556 4080 si
578 4023 618 4081 sit
639 4029 808 4098 conceptus,
830 4029 987 4081 necaretur
1008 4028 1038 4081 31
1059 4023 1213 4083 eiceretur.
1247 4025 1318 4084 Alia
1338 4025 1406 4086 vice
1426 4027 1495 4086 idem

176 4104 248 4163 lecit
268 4123 334 4162 cunr
362 4103 460 4178 puella
480 4104 539 4161 iam
560 4103 663 4178 quinto
685 4123 785 4162 mense
813 4103 951 4178 gravida3
981 4104 1034 4161 scd
1062 4104 1197 4179 quoniam
1226 4105 1278 4163 illa
1306 4107 1411 4166 statim
1437 4128 1495 4185 pro·

176 4186 256 4242 fecta
277 4185 331 4254 sit,
363 4183 460 4241 nescit
480 4189 578 4241 utrum
599 4185 723 4242 effectus
752 4184 791 4241 sit
819 4189 939 4242 secutus
968 4203 1069 4242 necne.
1111 4185 1146 4242 In
1167 4191 1292 4261 utroque
1315 4206 1389 4248 casu
1410 4188 1495 4248 absol·

176 4265 256 4323 vitur
278 4284 295 4322 a
316 4263 498 4322 confessario
520 4284 579 4322 non
600 4264 804 4338 privilegiat03
828 4264 878 4322 sed
901 4269 1006 4340 postea
1027 4265 1169 4342 comparit
1189 4265 1221 4323 in
1242 4266 1348 4327 ultimo
1371 4287 1441 4328 casu
1461 4268 1495 4327 ef·

176 4346 286 4403 fectum
309 4351 390 4402 certo
412 4349 544 4403 secutum
567 4364 641 4402 esse.

176 4451 353 4523 Quasnrrua
377 4454 404 4508 1⁰
426 4451 455 4509 in
478 4450 564 4509 dubio
586 4470 655 4509 num
676 4451 844 4510 incurratur
864 4451 1037 4510 reservatio.

376 4542 406 4597 ‘2⁰
427 4541 594 4616 potueritne
609 4541 716 4599 Festus
732 4541 854 4611 absolvi,
871 4560 909 4597 an
925 4541 1064 4615 indigeat,
1080 4541 1199 4615 cognita
1214 4541 1257 4601 131
1272 4544 1412 4617 13111313,
1427 4562 1495 4603 11313

432 4621 626 4680 absolutione.
