3044 5174
153 297 218 360 412
651 296 856 352 Sacramentum
874 297 985 352 ordinis.

154 581 237 642 quae
261 560 462 626 solummodo
487 563 718 627 commendant
741 563 895 629 clericum
918 584 1055 648 peregre
1078 565 1316 648 profecturum,
1340 565 1373 632 S.
1397 567 1428 632 C.
1442 567 1468 632 C.

153 670 218 714 non
241 650 357 716 habuit
379 649 524 728 idoneas,
550 650 665 732 quibus
688 652 785 717 nixus
808 653 979 736 episcopus
995 653 1168 720 ulteriores
1184 654 1317 720 ordines
1332 655 1469 720 conferre

153 743 275 822 posset.
323 738 496 823 Proposita
525 739 627 822 igitur
656 741 863 823 quaestione:
895 743 947 807 An
978 744 1084 824 quoad
1107 743 1156 808 III
1186 743 1235 825 (et
1256 743 1320 826 IV)
1351 744 1467 809 dubium

153 829 198 930 sit
220 828 374 982 stangum
398 829 452 893 vel
474 829 691 896 recedendum
715 851 736 895 a
759 830 877 896 decisis
900 831 952 897 die
977 834 1018 897 18
1041 832 1115 897 Iulii
1136 833 1288 916 proxime
1310 833 1469 917 praeteriti

152 939 186 982 rn
210 939 288 982 casu

243 1024 282 1091 R.
307 1024 414 1106 quoad
429 1024 501 1089 lIl¹¹¹
528 1027 754 1103 ,recedendum
778 1050 799 1092 o
821 1027 954 1091 decisis“
965 1050 979 1108 ;
1002 1027 1108 1109 quoad
1124 1027 1171 1092 IV
1188 1025 1258 1112 [An
1275 1080 1283 1095 .
1301 1080 1337 1097 ..
1360 1028 1468 1095 incide-
1506 1052 1509 1059 ·

154 1113 221 1180 rint
243 1113 276 1177 in
300 1134 423 1196 poenas
445 1118 593 1180 statutas
616 1137 637 1180 a
661 1115 693 1181 S.
717 1116 750 1181 (l.
776 1115 864 1181 Trid.
895 1118 931 1181 et
952 1116 1050 1182 Bulla
1073 1115 1310 1203 Speculatores]
1347 1139 1468 1197 ,oonsu-

154 1203 224 1268 lant
249 1203 468 1269 conscientiae
490 1206 602 1272 suaa‘.

176 1393 352 1460 TEMPUS
375 1394 704 1463 ORDINATIONIS.
728 1435 772 1443 —
796 1395 1039 1462 ORDINATIO
1063 1397 1213 1463 EXTRA
1237 1397 1451 1468 TEMPORA.

723 1561 834 1629 (lasus.
853 1568 929 1639 (209)

243 1702 421 1778 Peregrinus
436 1702 593 1778 episcopus
612 1703 796 1776 ,missionis“
819 1723 874 1780 pro
888 1702 1018 1762 utilitate
1033 1723 1106 1762 suae
1121 1703 1267 1764 ecclesiae
1287 1704 1381 1764 habet
1394 1703 1468 1782 priri-

153 1783 262 1858 legium
284 1782 457 1841 conferendi
477 1782 596 1842 ordines
617 1783 707 1842 etiam
735 1803 838 1842 sacros
866 1790 953 1842 extra
973 1789 1108 1860 tempora
1139 1784 1243 1843 diebus
1274 1785 1428 1844 dominicis
1445 1792 1470 1842 et

143 1863 248 1922 ¹lestis.
289 1863 325 1922 In
347 1863 453 1922 itinere
474 1863 603 1922 devertit
623 1864 701 1940 apud
722 1864 866 1922 familiam
887 1865 1071 1939 religiosam,
1092 1863 1143 1923 ubi
1164 1864 1301 1940 superior
1322 1865 1469 1924 occasione

154 1945 211 2003 hac
231 1942 276 2002 uti
297 1944 370 2012 vult,
393 1949 426 2002 ut
446 1944 581 2003 alumnos
602 1964 673 2004 suos
695 1945 801 2003 offerat
821 1944 859 2002 ad
880 1944 998 2003 ordines
1019 1963 1132 2003 sacros.
1167 1944 1360 2020 Peregrinus,
1381 1946 1470 2022 quiin

155 2043 263 2100 genere
285 2025 402 2101 accepit
422 2026 460 2082 ab
480 2024 619 2100 episcopo
640 2025 698 2084 loci
720 2025 893 2084 facultatem
908 2025 1067 2083 exercendi
1087 2024 1291 2100 pontificalia,
1312 2027 1418 2085 annuit
1436 2031 1470 2084 at·

154 2124 210 2180 qne
231 2105 327 2162 tribus
348 2104 451 2163 diebus
473 2104 623 2163 continuis
651 2104 726 2163 ritus
749 2104 875 2181 duplicis
903 2105 1031 2163 alumnis
1052 2105 1155 2164 decem
1180 2105 1297 2164 confert
1317 2106 1413 2183 primo
1432 2105 1470 2163 die

154 2185 414 2252 subdiaconatum,
444 2185 573 2243 secundo
594 2184 797 2256 diaconatum,
827 2185 916 2245 tertio
944 2187 1191 2262 presbyteratum.
1232 2186 1376 2246 Admittit
1396 2186 1471 2246 simul

154 2266 227 2323 duos
249 2264 374 2324 clericos
395 2285 432 2323 ex
453 2265 552 2323 vicina
573 2264 703 2325 dioecesi
723 2285 790 2325 cum
810 2265 920 2324 litteris
941 2264 1117 2325 dimissoriis
1138 2265 1176 2324 ad
1197 2286 1230 2324 se
1250 2266 1371 2326 missos.

246 471 351 549 ,Hinc
366 470 497 538 litteras
512 471 751 539 testimoniales
767 473 823 539 illo
838 474 985 558 generali
1000 475 1097 541 modo
1113 479 1301 560 conceptas,
1318 479 1467 561 utsupra
1499 478 1512 1025 4

155 2379 332 2449 Quanmrua
355 2382 384 2437 1ο
405 2399 480 2455 quae
502 2379 563 2439 sint
576 2386 709 2456 tempora
730 2380 794 2439 iuro
816 2379 962 2438 communi
976 2379 1129 2441 ordinibus
1144 2380 1332 2440 conferendis
1354 2381 1472 2459 propria.

355 2480 385 2537 2ο
406 2479 548 2554 quomodo
570 2477 760 2553 intellegatur
781 2479 909 2537 facultas
931 2477 1087 2537 ordinandi
1111 2483 1215 2550 ,extra
1235 2483 1401 2557 tempora‘.

356 2577 386 2634 3⁰
406 2574 475 2650 quid
497 2575 532 2633 de
553 2575 660 2651 agendi
682 2576 798 2635 ratione
819 2575 986 2651 Peregrini,
1008 2575 1138 2651 etquid,
1160 2575 1187 2634 si
1207 2576 1322 2636 familia
1342 2578 1396 2636 illa
1415 2578 1474 2637 reli·

407 2655 491 2730 gioaa
505 2656 611 2715 habuit
624 2655 810 2732 privilegium
825 2659 981 2733 recipimdi
991 2656 1109 2715 ordines
1124 2674 1227 2716 sacros
1241 2663 1330 2717 extra
1338 2663 1474 2736 tempora.

748 2840 882 2907 Solutio.

93 2998 144 3053 720
240 2980 294 3046 Ao
317 3002 508 3058 Quaasrron
534 2984 571 3046 1m
594 2981 632 3047 R.
662 2985 689 3048 1.
729 2981 838 3046 Prima
867 2985 1004 3046 tonsura
1034 2980 1163 3063 quidem
1194 2980 1264 3047 dari
1296 2985 1411 3065 potest
1439 3003 1474 3047 ex

152 3073 239 3137 rubr.
264 3071 464 3137 Pontificalis
488 3076 585 3136 extra
608 3070 758 3148 missam,
784 3091 985 3153 quocumque
1009 3069 1077 3148 die,
1109 3069 1190 3136 hora
1213 3075 1248 3136 et
1269 3071 1353 3137 loco.
1378 3071 1474 3137 -In

152 3161 299 3244 generali
322 3166 432 3227 autem
456 3160 661 3226 ordinatione
685 3160 782 3225 datur
805 3160 892 3226 iutra
915 3159 1049 3224 missam
1072 3164 1148 3243 post
1171 3159 1285 3245 Kyrie.
1511 3191 1514 3259 4

241 3268 280 3334 R.
306 3269 335 3334 2.
376 3267 485 3333 Etiam
516 3267 658 3331 minores
688 3266 818 3331 ordines
848 3264 920 3331 dari
945 3274 1080 3351 possunt
1109 3270 1206 3331 extra
1235 3266 1389 3345 missam,
1424 3266 1475 3333 sed

151 3378 247 3421 mane
270 3360 416 3433 tantum,
447 3356 545 3437 idque
575 3356 688 3420 diebus
713 3355 881 3420 dominicis
910 3356 965 3420 vel
993 3354 1123 3421 festivis
1154 3354 1194 3419 de
1224 3360 1415 3439 praecepte.
1440 3393 1476 3403 -

152 3446 264 3522 Quoad
287 3445 428 3511 minores
452 3445 582 3510 ordines
605 3445 734 3510 facilius
758 3450 868 3510 tamen
891 3445 1054 3526 toleratur
1084 3444 1285 3510 consuetudo
1316 3466 1375 3510 eos
1406 3467 1476 3511 oon-

152 3533 278 3599 serendi
301 3534 373 3600 Fer.
399 3534 446 3599 Vl
469 3539 626 3616 quattuor
649 3539 849 3617 temporum,
881 3533 978 3614 idque
1001 3533 1101 3599 etiam
1131 3537 1207 3617 post
1236 3533 1424 3612 meridiem,
1452 3532 1477 3598 si

152 3624 238 3688 circa
273 3624 334 3688 hoc
367 3623 632 3689 immemorabilis
667 3623 867 3689 consuetudo
903 3622 1086 3689 exstiterit:
1123 3623 1328 3705 (iasparri
1363 3647 1395 3690 n.
1429 3627 1476 3688 53.

153 3712 393 3777 Convenienter
413 3716 524 3777 tamen
541 3713 662 3777 dantur
677 3712 764 3778 intra
780 3713 923 3789 missam,
948 3713 1045 3793 idque
1061 3715 1137 3795 post
1152 3712 1255 3795 Kyrie
1272 3710 1321 3792 (et
1337 3712 1476 3793 Glorial:

152 3802 185 3866 in
209 3800 355 3885 generali
372 3802 576 3866 ordinatione
600 3803 695 3866 sabb⁰
712 3807 869 3884 quattuor
884 3806 1067 3884 temporum
1084 3801 1154 3866 loco
1171 3822 1231 3866 suo
1246 3800 1280 3866 in
1297 3799 1478 3870 Pontificali

151 3895 276 3970 notato,
301 3890 427 3970 scilicet
450 3890 569 3972 singuli
594 3891 722 3955 ordines
746 3896 822 3973 post
844 3890 991 3971 singulas
1015 3892 1167 3956 lectiones.

240 3999 279 4064 ll.
305 4001 335 4066 3.
374 3999 516 4081 Tempus
540 3996 753 4062 ordinationis
777 3997 958 4078 generalis,
983 3997 1024 4061 ad
1049 3997 1134 4078 quod
1158 4017 1200 4061 ex
1223 3995 1295 4061 iure
1318 3996 1478 4064 communi

151 4089 283 4153 collatio
307 4110 472 4152 sacrorum
496 4087 644 4152 ordinum
668 4086 903 4167 adstringitur,
928 4090 1020 4150 sunt:
1052 4086 1192 4151 sabbata
1216 4089 1377 4167 quattuor
1399 4092 1478 4153 tem·

151 4199 283 4260 porum,
323 4177 497 4242 sabbatum
530 4181 607 4241 ente
632 4175 825 4240 dominicam
856 4175 1018 4258 passionis
1048 4179 1082 4241 et
1114 4175 1288 4240 sabbatum
1319 4182 1477 4253 sanctum,

151 4268 248 4348 idque
270 4267 358 4332 iutra
381 4267 513 4331 missam
538 4268 677 4331 tanturn.
725 4265 772 4330 Cf.
798 4265 944 4329 Wernz
967 4264 989 4330 l.
1014 4285 1041 4330 o.
1066 4286 1097 4330 n.
1124 4266 1266 4330 66-75.

90 4402 139 4455 721
239 4391 292 4455 Ao
313 4411 504 4467 QUAESITUM
521 4393 560 4453 2Ῑιι
576 4390 615 4455 R.
635 4393 662 4455 1.
696 4389 882 4472 Privilegia,
908 4389 977 4454 siva
1002 4389 1190 4454 conferendi
1214 4389 1345 4455 ordines
1370 4412 1478 4456 sacros

151 4480 221 4544 sive
245 4480 439 4563 suscipiendi
465 4500 521 4544 eos
545 4485 641 4544 extra
665 4484 830 4562 tempora,
863 4500 922 4561 per
945 4500 980 4543 se
1003 4501 1068 4544 non
1092 4480 1166 4561 plus
1189 4478 1318 4557 dieunt,
1353 4480 1417 4546 nisi
1446 4483 1479 4546 ut

150 4569 250 4634 liceat
274 4570 510 4635 ordinationem
536 4568 607 4633 fieri
623 4568 793 4633 dominicis
810 4569 923 4633 diebus
940 4568 992 4632 val
1008 4567 1114 4644 festis,
1139 4568 1209 4633 sive
1226 4568 1352 4650 reipsa
1368 4570 1479 4653 vigen-

150 4659 238 4722 tibus
262 4659 332 4723 sive
356 4659 431 4724 olim
456 4658 640 4742 praeceptis
664 4679 749 4722 nuno
773 4658 970 4741 suppressis
1002 4657 1179 4722 secundum
1203 4657 1394 4740 catalogum
1419 4660 1480 4726 Ur-
