3044 5174
449 301 539 358 Onera
557 318 680 359 annexa:
698 331 735 341 -
752 301 822 358 Ludi
840 301 975 373 prohibiti.
1312 305 1375 367 441

64 482 89 546 el
118 481 199 547 aliis
222 479 370 547 honestis
392 480 518 547 lusibus
540 481 700 559 recreari,
731 481 764 547 id
794 501 835 547 ea
865 481 970 545 solum
1001 479 1076 562 lege
1105 478 1186 563 ipsis
1215 479 1310 556 licet,
1341 483 1378 543 ut

64 592 150 654 >que
175 570 258 636 lucri
282 569 455 654 cupiditati
477 569 680 652 indulgeant,
709 590 814 653 neque
838 569 905 635 ulla
929 568 1058 635 ratione
1080 567 1315 634 moderationis
1338 567 1377 633 li-

64 661 142 726 ites
167 658 435 726 transcendant.“

134 767 232 831 Coae.
251 767 337 851 men.
354 765 441 831 Ball.
459 765 502 830 II
519 784 604 830 anno
630 767 727 843 1866,
752 786 785 832 n.
811 767 893 831 154:
922 763 1097 842 „Nonnulli
1120 767 1198 830 sunt
1220 763 1287 828 ludi
1311 763 1376 846 qui,

64 858 119 920 ret
143 854 304 938 privatim
327 858 362 920 et
385 853 471 919 domi
494 855 592 930 fient,
625 854 778 920 clericum
801 856 913 920 tamen
938 853 1106 919 dedecent.
1153 851 1220 918 Alii
1243 853 1377 918 suntin

64 944 165 1009 ribus
190 943 284 1009 aleae
307 947 342 1009 et
364 944 493 1008 chamae
517 964 599 1025 quas
622 947 746 1010 vocant
767 942 876 1027 pictae
899 942 1114 1020 adhibentem
1140 963 1271 1020 verum,
1297 962 1377 1024 qua·

64 1054 141 1098 nus
167 1030 310 1098 animum
334 1030 472 1098 honeste
495 1052 645 1096 recreare
668 1037 702 1098 et
726 1031 892 1098 oblectare
915 1032 1052 1115 possint,
1078 1031 1221 1097 asaeris
1245 1031 1378 1096 canoni·

64 1144 98 1186 rs
134 1142 205 1186 non
234 1125 401 1188 vetentur.
447 1120 557 1186 Ludos
588 1120 692 1203 igitur
720 1121 858 1188 clericus
887 1119 995 1202 fugiat
1024 1119 1173 1198 illicitos;
1203 1120 1302 1186 licitis
1332 1120 1378 1186 sic

64 1216 163 1277 vatur
186 1214 224 1276 ut
246 1230 287 1275 ne
310 1230 370 1294 per
393 1228 564 1275 excessum
588 1215 647 1276 aut
670 1210 860 1276 scandalum
884 1209 990 1276 illiciti
1012 1211 1122 1275 fiant.¹‘

133 1317 250 1394 Quoad
274 1318 404 1382 choreus
433 1320 545 1382 autem
568 1314 623 1381 vel
651 1316 793 1403 publicos
816 1318 910 1383 ludos
933 1319 1071 1382 scenicos
1094 1315 1152 1380 vix
1182 1337 1247 1381 non
1271 1316 1379 1382 omnia

64 1406 188 1472 incilia
210 1426 348 1489 gravem
372 1405 503 1471 omnino
525 1405 776 1490 prohibitionem
800 1405 974 1472 inculcant.

134 1529 193 1594 An
214 1548 406 1605 commun
431 1531 470 1593 2¹²
492 1528 533 1595 R.
560 1532 588 1595 l.
630 1528 719 1595 Sumi
742 1528 821 1597 licet
843 1528 899 1610 agi
922 1528 975 1593 hic
999 1529 1039 1594 de
1061 1528 1138 1593 ludo
1162 1532 1281 1609 mirto;
1303 1534 1441 1595 namtvo

64 1638 94 1686 lo
123 1618 224 1684 ludus
246 1618 436 1685 chartarum
460 1617 511 1684 cui
535 1618 690 1683 cultiores
713 1617 862 1683 homines
876 1616 1047 1700 indulgere
1069 1617 1245 1700 aliquando
1260 1617 1378 1693 solent,

64 1728 107 1775 >n
135 1712 324 1774 estmorae
347 1707 462 1784 sortis,
494 1706 646 1773 sedtum
677 1710 767 1774 sorte
796 1712 868 1774 tum
897 1706 1058 1772 industria
1088 1707 1224 1789 regitur.
1272 1706 1379 1785 Quare

64 1820 108 1864 on
136 1797 179 1861 de
201 1817 238 1862 re
260 1796 294 1861 iu
317 1817 354 1863 se
377 1800 529 1881 spectata
552 1796 610 1862 sed
634 1796 674 1862 de
697 1798 801 1862 abusu
825 1796 1048 1878 quaerendum
1071 1799 1131 1862 est.

136 1902 178 1968 R.
196 1905 227 1968 2.
254 1903 337 1969 Fere
353 1902 472 1970 cotidie
487 1923 547 1987 per
562 1902 661 1969 horas
677 1902 754 1968 ludo
770 1902 922 1986 occupari
936 1901 1126 1968 sacerdotes
1141 1923 1221 1968 saue
1236 1922 1379 1967 summo-

64 2014 125 2059 ere
150 1990 298 2059 dedecet.
345 1992 468 2058 Verum
492 1995 624 2058 mortale
647 1998 819 2076 peccatum
851 2012 929 2057 num
958 1991 1062 2069 adsit,
1092 1992 1306 2074 repetendum
1329 1991 1379 2054 vi-

64 2087 146 2148 etur
163 2102 206 2147 ex
221 2081 382 2164 neglectis
398 2078 515 2146 officiis
530 2081 801 2158 sacerdotalibus,
819 2081 872 2145 vel
889 2080 989 2147 etiarn
1006 2102 1047 2145 ex
1063 2080 1230 2156 seandalo,
1248 2079 1378 2160 siquod

64 2178 134 2237 »rte
159 2169 378 2255 peculiaribus
402 2169 658 2238 circumstantiis
680 2191 786 2252 grave
809 2170 1001 2236 scandalum
1016 2169 1175 2235 laicorum
1198 2168 1377 2235 timendum

65 2266 95 2328 t.
149 2258 185 2325 Si
206 2257 309 2343 igitur
331 2279 437 2342 neque
459 2258 650 2325 scandalum
681 2258 862 2325 occurrerit
894 2279 1000 2340 neque
1029 2257 1138 2324 officie
1161 2255 1379 2324 sacerdotalia

64 2349 203 2431 eglecta
225 2347 365 2414 fuerint:
389 2346 540 2416 mortalis
561 2348 690 2432 peccati
705 2347 909 2414 Amalarium
933 2347 1046 2412 eiusve
1068 2346 1199 2413 sodales
1222 2367 1378 2412 accusare

64 2461 108 2504 on
144 2459 244 2503 ausus
274 2436 345 2503 sim.
392 2434 480 2503 Nam
510 2436 595 2520 quod
627 2438 765 2503 decursu
797 2437 873 2503 anni
904 2436 1044 2520 pecunia
1073 2457 1137 2501 non
1168 2436 1290 2519 exigua
1319 2457 1378 2500 ex·

64 2533 192 2593 onatur
214 2530 315 2609 atque
338 2526 447 2592 amitti
469 2526 590 2610 possit:
621 2526 654 2592 id
684 2548 727 2592 ex
751 2546 789 2591 eo
820 2547 959 2608 gravem
988 2525 1268 2592 deordinationem
1292 2525 1379 2590 diffi-

64 2619 156 2682 ulter
186 2637 297 2681 secum
320 2614 422 2692 ieret,
456 2615 542 2697 quod
574 2615 655 2681 haec
687 2614 847 2699 pecuniae
880 2614 1051 2681 distractio
1081 2615 1203 2680 evadat
1227 2614 1379 2696 elargitio

64 2731 72 2771 ι
100 2725 276 2790 pauperes.

137 2810 178 2876 R.
204 2813 234 2877 3.
281 2809 373 2888 Quod
396 2809 498 2893 igitur
521 2809 742 2876 confessarius
772 2809 843 2874 sine
876 2808 1062 2874 discrimine
1087 2812 1121 2874 et
1150 2808 1305 2874 ulteriore
1329 2808 1379 2872 in·

64 2900 226 2968 uisitione
254 2899 367 2965 ludum
397 2899 489 2964 illum
522 2919 625 2980 grave
648 2904 819 2982 peccatum
844 2919 917 2964 esse
946 2897 1229 2982 pronuntiaverit,
1260 2897 1293 2961 in
1317 2897 1379 2962 hoc

64 2989 199 3057 everius
221 2988 388 3055 iudicavit.
436 2988 559 3054 Debuit
580 2988 695 3053 videre
718 3009 795 3053 num
819 3008 857 3053 re
879 3006 960 3052 vera
989 2986 1085 3052 ludus
1108 2986 1153 3053 sit
1175 3007 1264 3051 mere
1289 2987 1379 3051 alea·

64 3080 172 3153 rrius3
203 3077 276 3144 dein
301 3077 571 3143 circumstantiae
592 3098 694 3161 supra
716 3077 840 3143 allatae
864 3075 1065 3141 considerari
1090 3075 1270 3150 debebant,
1301 3096 1377 3139 num

64 3190 109 3236 ae
135 3168 226 3233 forte
248 3188 317 3233 rem
342 3166 611 3248 aggravaverint.
642 3165 797 3249 Alioquin
820 3166 991 3231 retrahere
1014 3164 1144 3246 quidem
1167 3163 1279 3229 debuit
1303 3184 1379 3228 con-

64 3255 209 3325 essarius
232 3257 274 3322 ab
296 3255 348 3321 his
370 3256 457 3321 ludis
479 3255 534 3338 qui
564 3255 683 3321 saltem
714 3255 818 3321 multe
847 3259 985 3338 peccata
1016 3274 1058 3318 ex
1088 3253 1271 3318 venialibus
1301 3273 1379 3335 gra-

64 3348 143 3413 iora
159 3345 211 3411 vel
237 3345 439 3412 constituant
453 3345 507 3410 vel
530 3349 683 3416 causent:
709 3344 802 3409 seda
825 3343 1065 3427 pronuntiando
1087 3346 1224 3426 peccato
1247 3342 1379 3408 mortali

64 3436 194 3504 abebat
216 3433 392 3501 abstinere.

139 3566 195 3632 An
218 3585 409 3643 econamum
433 3569 472 3631 3¹²
496 3562 535 3631 li.
573 3563 715 3631 Difficile
739 3568 791 3631 est
812 3565 874 3630 hac
896 3563 931 3629 in
953 3584 989 3630 re
1015 3563 1137 3647 aliquid
1161 3568 1287 3630 certum
1311 3568 1439 3631 sta-771

64 3676 154 3734 rere,
180 3660 357 3738 antequem
381 3654 530 3721 exactius
554 3655 745 3738 exploretur
767 3674 859 3719 mens
883 3657 917 3720 et
941 3654 1114 3720 conventio
1137 3653 1329 3720 ludentium.

140 3761 229 3828 Nam
252 3761 279 3828 ei
295 3782 376 3828 vera
398 3760 463 3828 fuit
485 3759 653 3845 reciproca
675 3759 847 3844 promissio
864 3781 922 3825 seu
945 3760 1117 3828 conventio
1135 3759 1176 3826 de
1192 3760 1380 3826 condicione

64 3853 219 3928 nicrum,
250 3872 367 3916 censeo
389 3850 503 3932 utique
526 3872 599 3915 cum
630 3848 830 3915 confessario
853 3847 1056 3915 Amalarium
1087 3871 1145 3934 per
1166 3849 1249 3915 lucri
1272 3853 1379 3914 reten-

64 3944 176 4009 ionem
199 3939 359 4007 iustitiam
382 3940 514 4005 laedere
538 3939 727 4023 occupando
750 3939 836 4004 bona
851 3960 1042 4022 pauperum.
1075 3935 1277 4021 Quamquam
1294 3938 1378 4003 enim

64 4030 131 4098 icti
156 4029 229 4112 cogi
252 4050 318 4095 non
340 4028 467 4113 possint
491 4050 532 4094 ex
555 4028 683 4094 iustitia
699 4031 736 4094 ut
751 4026 893 4105 solvent,
918 4032 1029 4093 tamen
1045 4027 1239 4093 solutionem
1256 4027 1380 4092 factam

66 4142 115 4188 on
146 4121 284 4203 possunt
314 4118 398 4184 clam
428 4121 594 4202 repetere;
626 4117 772 4199 adeoque
799 4115 988 4182 Amalarius
1018 4116 1067 4181 ius
1096 4138 1162 4181 non
1191 4116 1291 4181 habet
1321 4115 1375 4180 ad·

65 4207 214 4275 ibendae
235 4228 321 4273 nunc
345 4205 618 4291 compensationis
641 4210 778 4290 propter
800 4205 978 4272 solutiones
1003 4209 1101 4270 antea
1124 4205 1241 4270 factas.
1289 4204 1380 4280 Quod

67 4299 113 4366 isi
138 4297 270 4375 habeat,
294 4297 419 4362 luorum
444 4317 529 4361 nunc
545 4296 669 4361 factum
694 4317 751 4360 seu
775 4300 954 4378 receptum,
980 4315 1053 4359 cum
1070 4294 1111 4359 ab
1128 4293 1200 4358 aliis
1217 4293 1379 4358 lusoribus

64 4386 150 4455 ictis
175 4387 288 4453 datum
311 4387 356 4451 sit
383 4406 459 4469 ,pro
483 4385 714 4469 pauperibus“,
738 4384 799 4449 sibi
823 4383 986 4450 retinendi
1009 4404 1073 4448 non
1096 4381 1271 4448 hebetius.
1304 4382 1379 4447 Non

64 4501 97 4546 ;a
123 4481 250 4542 certum
273 4480 335 4553 est,
359 4474 387 4539 si
404 4474 583 4540 ludentium
601 4474 736 4556 quisque
759 4494 818 4557 pro
835 4495 871 4538 se
894 4472 926 4538 id
950 4473 1012 4537 sibi
1027 4476 1156 4537 tantum
1173 4471 1380 4555 proposuerit

64 4573 85 4636 t
110 4566 238 4631 lucrum
262 4565 349 4629 forte
378 4563 526 4630 habitum
557 4564 651 4628 daret
674 4561 881 4646 pauperibus.
929 4559 1069 4626 Etiamsi
1098 4559 1185 4625 enim
1213 4560 1281 4625 tale
1305 4581 1380 4642 pro-

67 4657 205 4732 ositum,
228 4657 344 4721 mutuo
367 4658 490 4729 notum,
515 4652 656 4720 moverit
679 4651 761 4717 alios
777 4655 814 4717 ut
829 4649 984 4717 libentius
999 4650 1054 4716 vel
1069 4648 1193 4732 largius
1209 4649 1379 4733 pecuniam
