3044 5174
278 272 280 277 ’
367 275 469 330 Missae
487 274 641 329 celebratio.
661 303 696 312 —
715 272 878 327 Parameuta
898 279 926 328 st
944 271 1078 344 supellex.
1319 278 1380 341 151

147 453 242 518 Color
264 453 394 535 quidem
418 451 584 518 arubrioa
607 449 795 532 assignatus
817 450 917 517 etiam
940 450 1170 535 praeceptivus
1186 454 1246 527 est,
1272 455 1307 516 at
1323 452 1383 516 sub

48 540 178 606 veniali
202 545 343 610 tantum.
383 541 536 607 Severius
560 540 691 622 quidam
714 539 860 606 iudicant
882 539 923 605 de
945 544 1212 623 paramentorum
1234 544 1381 623 rnatema,

50 630 100 695 ita
127 634 176 707 ut,
200 632 228 695 si
252 652 336 714 quae
359 651 401 696 ex
425 630 601 714 reprobata
624 628 764 696 materia
786 628 937 694 confecta
959 629 1035 706 sint,
1060 649 1101 694 ne
1122 628 1230 694 valide
1253 629 1382 711 quidem

51 720 294 787 benedicantur
322 720 502 807 (Epheraer.
534 723 641 804 liturq.
673 717 751 796 VII,
784 720 846 784 717
870 717 974 800 sqq.):
1004 739 1068 800 quo
1098 717 1168 783 lieri
1198 723 1316 801 putant
1345 723 1383 785 ut

53 829 171 873 eorum
194 830 273 875 usus
296 809 341 876 sit
360 813 502 892 praviter
524 807 800 892 peccaminosus1.
846 806 968 872 Verum
994 806 1074 872 haec
1097 806 1176 872 mihi
1198 828 1264 872 non
1285 808 1383 891 plane

55 898 250 979 probantur,
275 919 347 962 cum
371 919 414 964 ex
437 919 502 964 una
523 901 619 982 parte
642 896 722 962 nihil
744 895 789 963 sit
810 916 870 980 pro
893 900 1070 980 praecepto
1093 896 1153 961 sub
1169 897 1300 962 mortali
1323 896 1383 962 ha·

56 986 211 1064 bendum,
236 987 298 1052 nisi
321 987 361 1052 de
385 1008 423 1052 eo
447 991 586 1068 constet,
610 1007 652 1052 ex
676 985 784 1053 altera
806 988 902 1069 parte
926 989 1055 1051 constet
1078 1006 1181 1067 usque
1205 985 1247 1051 ad
1270 1006 1384 1052 recen·

56 1075 153 1140 tiaris
183 1076 305 1143 aetatis
334 1076 477 1142 decreta·
499 1097 611 1142 omnes
633 1074 779 1140 tenuisse
807 1073 981 1141 materiam
1012 1074 1143 1140 casulae
1167 1074 1385 1157 similiumque

56 1169 326 1248 paramentorum
342 1165 465 1231 unllam
488 1185 562 1231 esse
577 1185 620 1231 ex
635 1184 715 1230 vero
731 1166 909 1248 praecepto
926 1163 1189 1230 determinatam.
1221 1164 1269 1230 Cf.
1286 1165 1385 1230 Sua·

55 1274 146 1332 rez,
172 1255 222 1320 De
245 1255 387 1321 Euchar.
412 1253 494 1338 disp.
520 1257 572 1332 82,
597 1255 679 1320 seat.
705 1255 735 1330 2,
760 1274 791 1318 n.
817 1255 848 1319 5.

147 1374 202 1440 Αι)
226 1396 417 1451 ouassmuu
440 1377 480 1439 2m
502 1375 542 1443 R.
561 1378 590 1443 1.
626 1374 660 1441 si
684 1395 749 1457 qua
772 1395 826 1439 res
849 1375 909 1440 sub
932 1373 1053 1441 veniali
1076 1378 1206 1442 tantum
1230 1374 1383 1459 exigitur,

55 1464 305 1548 impossibilitas
327 1465 381 1530 vel
404 1463 538 1547 gravior
560 1464 720 1547 quaedam
744 1463 922 1531 difficultas
945 1484 1018 1529 eam
1041 1464 1181 1530 habendi
1205 1485 1225 1530 a
1247 1468 1384 1549 peccato

56 1558 211 1631 excusat,
242 1553 290 1621 ita
320 1558 359 1620 ut
387 1574 521 1620 necesse
550 1575 615 1619 non
645 1553 689 1620 sit
710 1556 887 1636 propterea
910 1552 1044 1619 missam
1072 1553 1224 1621 omittere
1248 1575 1289 1620 ex
1313 1556 1385 1621 sola

57 1644 160 1711 etiam
184 1641 360 1710 devotione
383 1642 623 1709 celebrandam.

147 1749 188 1816 R.
214 1752 244 1816 2.
291 1749 325 1816 si
348 1770 414 1831 qua
435 1770 489 1816 res
512 1748 657 1833 exigitur
685 1748 746 1814 suh
769 1747 863 1831 gravi
892 1748 1039 1830 quidem,
1069 1747 1118 1814 ita
1146 1752 1258 1814 tamen
1282 1753 1319 1815 ut
1342 1763 1446 1819 extol

57 1839 128 1905 eius
152 1837 285 1905 defectu
308 1837 388 1903 nihil
411 1842 572 1922 appareat
597 1841 717 1905 contra
745 1840 965 1903 reverentiam
995 1859 1039 1904 ss.
1063 1842 1270 1905 sacramento
1295 1839 1385 1905 dehi-

56 1933 138 2004 tam,
163 1948 264 1993 causa
287 1947 371 2009 quae
394 1949 414 1993 a
438 1928 534 2011 culpa
557 1930 694 1993 excuset
709 1926 807 1993 dehet
823 1947 895 1992 esse
910 1927 1023 2009 gravis
1038 1926 1256 2006 necessitatis,
1280 1948 1385 2010 eaque

57 2021 154 2084 tanto
178 2016 314 2099 gravior
336 2020 459 2100 quanto
482 2016 645 2099 gravioris
675 2015 831 2082 momenti
854 2015 898 2081 sit
927 2016 997 2100 ipse
1020 2015 1184 2093 defectus,
1215 2037 1246 2084 v.
1270 2037 1302 2099 g.
1327 2038 1385 2082 ne·

57 2106 199 2172 cessitas
223 2105 425 2184 celebrandi,
459 2126 500 2171 ne
524 2105 663 2189 populus
686 2104 800 2170 diebus
830 2104 924 2171 festis
948 2109 1061 2171 careat
1083 2104 1200 2182 missa,
1231 2126 1272 2170 ne
1295 2106 1385 2172 exai-

57 2200 150 2262 tetur
173 2195 374 2274 scandalum,
398 2214 439 2260 ne
462 2194 674 2260 moribundus
697 2194 835 2260 decedat
858 2194 928 2258 sine
951 2193 1083 2260 viatico.

149 2301 190 2368 R.
214 2305 245 2370 3.
293 2301 326 2367 Si
351 2300 500 2366 defectus
522 2300 569 2366 rei
593 2299 743 2384 graviter
765 2303 964 2383 praeceptae
987 2298 1084 2365 simul
1107 2320 1243 2383 gravem
1266 2301 1385 2385 prodat

56 2389 310 2456 irreverentiam
332 2389 387 2455 vel
410 2389 599 2455 scandalum
624 2389 758 2465 excitet,
783 2410 847 2454 non
872 2389 949 2456 licet
965 2410 1038 2454 oum
1061 2389 1121 2456 tali
1145 2389 1276 2455 defectu
1299 2389 1385 2456 osle-

58 2482 167 2557 brare,
191 2479 254 2544 nisi
277 2480 363 2545 forte
385 2478 420 2543 in
436 2499 514 2544 casu
528 2481 738 2564 pravissimae
760 2478 968 2545 necessitatis
992 2478 1171 2544 declaratio
1195 2478 1265 2544 dari
1281 2479 1385 2563 possit

55 2569 313 2650 scandalumque
337 2571 555 2634 removeatur.

148 2692 202 2757 An
225 2712 417 2767 qasnsrruu
441 2695 481 2756 3¹⁸
503 2690 542 2756 R.
570 2693 598 2759 1.
630 2689 721 2767 Quod
739 2689 892 2756 Claudius
916 2693 1030 2757 utatur
1052 2690 1141 2756 flava
1164 2691 1286 2770 casula,
1312 2706 1447 2759 oum262

57 2783 169 2849 albam
193 2802 259 2846 non
281 2780 419 2859 habeat,
444 2779 473 2845 ei
497 2800 562 2845 non
586 2779 649 2844 erit
671 2783 859 2862 peccatum;
884 2799 989 2860 neque
1012 2778 1098 2862 quod
1121 2800 1194 2845 oum
1218 2782 1306 2846 flava
1330 2801 1385 2845 oa·

55 2872 132 2936 sula
163 2870 280 2953 iungat
310 2869 512 2953 manipulum
542 2868 749 2937 subrubeum.
802 2868 895 2934 Licet
925 2868 1010 2934 enim
1040 2867 1122 2934 haec
1152 2889 1194 2934 ex
1224 2869 1385 2934 industria

56 2961 213 3026 faceres
238 2957 377 3024 venialis
404 2958 532 3042 peccati
556 2960 651 3023 reatu
674 2978 739 3023 non
762 2956 915 3023 videatur
943 2957 1102 3035 immune,
1132 2961 1244 3024 tamen
1268 2957 1384 3024 melius

56 3054 110 3116 est
134 3069 208 3115 cum
231 3048 293 3114 tali
316 3047 447 3114 defectu
471 3047 638 3114 celebrare
662 3067 760 3128 quam
783 3046 916 3112 missam
940 3047 1037 3130 plane
1060 3045 1222 3112 omittere.

148 3154 189 3222 R.
214 3157 245 3221 2.
275 3154 367 3219 Idem
390 3153 543 3219 existimo
563 3152 670 3235 quoad
688 3151 851 3218 delectum
868 3152 997 3219 debitae
1014 3152 1181 3218 materiae.
1214 3153 1385 3236 Responsa

57 3244 189 3328 quidem
213 3242 246 3309 S.
270 3242 309 3307 R.
335 3242 368 3308 C.
392 3243 585 3319 noluerunt,
610 3263 651 3307 ne
674 3241 811 3325 pauperi
835 3241 965 3323 quidem
989 3241 1162 3319 ecclesiae,
1193 3242 1383 3325 permittere

57 3339 95 3401 ut
119 3333 280 3399 abutatur
301 3331 504 3416 paramentis
526 3331 592 3396 iam
616 3330 840 3407 exstantibus;
865 3352 980 3396 verum
995 3332 1102 3414 legem
1119 3352 1212 3396 suam
1235 3329 1312 3398 tulit
1335 3331 1384 3396 di·

56 3427 148 3489 recte
172 3421 205 3486 in
229 3421 399 3505 episcopos
423 3441 480 3486 seu
496 3419 694 3486 ordinarios:
718 3419 833 3502 quodsi
849 3419 882 3485 hi
898 3419 931 3485 in
948 3440 1090 3504 paupere
1106 3418 1245 3486 ecclesia
1261 3421 1384 3486 tolere-

56 3515 180 3578 verunt
195 3532 288 3576 usum
305 3509 455 3574 viliorum
471 3512 746 3593 paramentorum,
772 3509 874 3574 donec
890 3513 1134 3586 consumantur,
1158 3529 1263 3591 neque
1279 3509 1384 3575 elimi-

57 3601 169 3667 nanda
192 3603 408 3676 curaverunt,
439 3620 504 3664 non
533 3599 719 3682 putaverim
749 3598 987 3674 celebrantem,
1019 3596 1071 3663 oui
1094 3597 1159 3665 ista
1189 3602 1384 3682 paramenta

57 3693 256 3767 offerantur,
287 3687 392 3754 teuen'
416 3687 476 3752 suh
499 3688 594 3770 gravi
620 3708 659 3753 ea
682 3708 835 3752 recusare
858 3686 912 3752 vel
935 3709 955 3753 a
979 3687 1174 3753 celebranda
1196 3687 1297 3754 missa
1326 3710 1383 3772 po·

55 3781 124 3848 tius
148 3778 267 3845 dehere
291 3776 449 3844 desistere
473 3798 570 3859 quam
593 3776 634 3841 iis
657 3775 803 3842 vestibus
827 3775 884 3842 uti.

151 3933 232 3988 ¹Sed
258 3951 321 3988 ecce
345 3935 471 3986 movetur
497 3932 658 3987 difficultas:
686 3933 843 3988 Benedictio
868 3950 961 3987 secum
987 3933 1041 3987 fert
1066 3935 1250 4004 precationem
1276 3933 1383 3988 nomine

56 4005 209 4072 Ecclesiae,
228 4022 282 4074 qua
301 4003 375 4059 Deus
394 4009 506 4073 rogatur
524 4009 555 4057 ut
574 4022 620 4058 eas
639 4005 685 4073 qui
705 4004 766 4059 istis
785 4006 866 4059 rebus
879 4008 992 4058 utantur
1005 4005 1103 4071 gratiis
1122 4006 1180 4060 suis
1193 4011 1382 4074 prosequatur.

55 4079 161 4133 Verum
187 4095 236 4148 pro
261 4094 314 4131 usn
339 4076 398 4130 eina
418 4076 457 4129 rei
483 4076 560 4130 cuius
581 4093 659 4129 usum
679 4074 803 4130 Ecclesia
829 4076 952 4146 prohihet
973 4076 1067 4130 eadem
1087 4076 1210 4130 Ecclesia
1238 4082 1311 4130 certe
1330 4095 1381 4130 non

55 4153 139 4218 rogat
158 4148 303 4204 caelestem
323 4147 536 4201 benedictionem
562 4151 590 4201 et
608 4147 658 4201 Dei
683 4148 809 4213 gratiam.
848 4148 920 4215 Ergo
939 4148 965 4201 id
992 4148 1099 4202 nemine
1119 4147 1258 4202 Ecclesiae
1277 4149 1383 4217 precari

55 4239 107 4276 seu
126 4238 184 4275 rem
203 4219 363 4274 benedicere
381 4218 461 4289 plane
480 4219 647 4288 impossibile
666 4224 716 4272 est.

158 4291 189 4346 R.
209 4293 249 4345 ita
267 4308 333 4344 sane
352 4290 424 4355 fore,
451 4290 474 4344 ei
494 4289 616 4344 Ecclesia
642 4289 764 4343 absolute
783 4294 810 4343 et
830 4290 856 4343 in
876 4291 948 4343 omui
967 4288 1112 4360 hypothesi
1138 4289 1219 4343 istius
1244 4289 1283 4342 rei
1303 4305 1380 4342 usum

74 4363 208 4418 rohibeat.
245 4363 284 4417 Aa
307 4379 361 4416 non
385 4361 425 4415 ita
443 4378 503 4416 esse
522 4379 618 4415 censeo
638 4361 723 4415 relate
742 4362 777 4415 ad
801 4361 848 4415 illa
876 4366 1035 4431 paramenta
1054 4361 1209 4429 ceteroquin
1229 4360 1382 4430 reprobata.

55 4383 183 4490 Ecclesia
201 4433 249 4488 illa
267 4452 320 4487 non
339 4432 378 4487 ita
397 4433 523 4503 reprobat
549 4436 579 4485 ut
605 4450 639 4486 ne
665 4433 691 4485 in
717 4433 881 4487 necessitate
905 4433 1014 4501 quidem
1035 4433 1067 4485 iis
1094 4433 1133 4485 uti
1152 4431 1242 4484 liceat.
1281 4430 1381 4497 Quodsi

56 4525 110 4562 uon
129 4507 169 4561 ita
188 4506 331 4577 reprobat,
351 4505 433 4558 etiam
453 4504 576 4558 Ecclesia
595 4522 642 4557 seu
662 4505 824 4557 benedicens
844 4505 950 4558 nomine
971 4503 1108 4558 Ecclesiae
1127 4501 1271 4572 implorare
1291 4506 1383 4573 potest

55 4579 179 4633 divinam
198 4576 394 4648 protectionem
413 4593 461 4644 pro
480 4576 513 4628 iis
533 4575 579 4643 qui
598 4576 625 4628 in
645 4575 775 4628 eiusmodi
789 4575 1001 4630 circumstantiis
1022 4574 1068 4627 illa
1081 4592 1110 4627 re
1123 4573 1198 4627 usuri
1211 4575 1274 4628 sint.
1305 4574 1381 4639 Quod

54 4651 162 4705 sufficit
179 4653 211 4704 ut
229 4665 275 4702 res
294 4647 346 4702 rite
365 4647 453 4718 possit
470 4647 601 4700 benedici.
