3044 5174
146 262 209 326 552
610 258 816 314 Sacramentum
834 259 1008 316 matrimonii.

144 437 164 505 i.
194 458 221 504 e.
253 435 368 502 iisdem
397 436 661 520 progenitoribus
691 436 903 504 descendunt.
950 437 1073 504 Verum
1102 459 1167 504 non
1197 444 1410 524 computatur
1438 440 1471 506 in

143 526 356 603 indefinitum,
381 525 443 590 nisi
466 547 577 591 sumas
601 526 794 591 descensum
817 526 978 592 directum
996 527 1084 593 inter
1099 529 1328 611 progenitores
1347 534 1382 596 et
1398 552 1470 614 pro

144 616 341 699 genitos-
364 635 447 697 quae
478 614 596 680 dicitur
625 617 711 681 lineo
741 623 848 697 recta,·
872 614 907 680 in
930 615 1016 681 linea
1040 616 1238 695 collaterali,
1263 617 1283 685 i.
1309 639 1338 684 e.
1363 620 1471 702 quoad

143 727 200 772 eos
223 725 358 788 quorum
384 724 466 768 unus
489 704 531 768 ab
554 704 659 769 altero
682 725 748 769 non
771 705 954 782 descendit,
986 705 1041 788 qui
1063 705 1126 789 ipsi
1152 712 1265 772 tamen
1288 708 1331 772 ab
1354 707 1469 774 iisdem

142 792 407 879 progenitoribus
428 797 537 859 ortum
553 793 684 868 ducant,
708 793 975 876 consanguinitas
991 798 1201 879 computatur
1217 796 1259 861 ad
1275 817 1332 862 eos
1348 797 1471 880 gradus

142 882 301 967 usquein
325 882 441 964 quibus
465 881 721 950 ecclesiasticum
744 882 1011 966 impedimentum
1035 883 1190 950 dirimens
1214 885 1357 953 exsistit.

232 971 271 1038 R.
290 974 319 1037 2.
353 970 624 1055 Impedimentum
649 970 906 1038 ecclesiasticum
931 973 1130 1039 matrimonii
1148 973 1303 1040 dirimens
1320 974 1469 1042 exsistit:

145 1062 178 1143 1)
208 1060 241 1125 in
271 1060 360 1125 linea
391 1063 484 1125 recta
512 1060 546 1124 in
575 1060 796 1131 indefinitumz
831 1061 865 1144 2)
895 1060 928 1125 in
958 1062 1046 1128 linea
1075 1063 1259 1128 collaterali
1290 1085 1395 1147 usque
1429 1066 1471 1130 ad

142 1151 279 1235 gradum
304 1157 455 1235 quartam
477 1149 654 1215 secundum
678 1149 954 1233 computationem
979 1151 1245 1229 ecclesiasticam,
1269 1151 1290 1218 i.
1313 1174 1341 1219 e.
1366 1175 1470 1236 usque

143 1240 184 1307 ad
214 1237 458 1320 generationem
490 1243 641 1321 quartam
671 1241 822 1304 inclusive
828 1263 841 1322 ,·
870 1238 968 1322 idque
999 1239 1070 1305 sive
1100 1244 1192 1306 ortus
1221 1240 1400 1308 reducatur
1429 1243 1470 1308 ad

142 1328 278 1395 eundem
310 1331 439 1411 patrem
469 1337 497 1394 et
527 1334 665 1394 matrem
696 1348 915 1406 communem,
949 1328 1020 1394 sive
1045 1328 1246 1395 adeundam
1271 1334 1401 1414 patrem
1425 1335 1471 1399 oet

142 1422 281 1491 matrem
298 1437 511 1494 communem,
536 1417 662 1483 seilicet
684 1416 755 1482 sive
778 1416 862 1482 duae
878 1438 1038 1501 personae
1061 1418 1101 1483 de
1117 1440 1255 1502 quarum
1272 1420 1470 1502 cognatione

142 1506 270 1589 agitur,
301 1504 476 1571 habuerint
506 1506 644 1572 eundem
673 1509 802 1589 patrem
831 1506 899 1586 (vel
929 1527 1027 1571 avum
1055 1508 1109 1572 vel
1139 1528 1300 1591 proavum
1327 1510 1380 1574 vel
1412 1510 1468 1574 ab·

142 1593 254 1676 avum)
280 1603 307 1659 et
330 1594 466 1660 eandem
490 1600 629 1660 matrem
654 1594 722 1676 (vel
738 1595 847 1660 aviam
871 1595 924 1659 vel
939 1595 1109 1679 proaviam
1125 1597 1179 1662 vel
1195 1595 1373 1699 abaviam),
1399 1598 1468 1664 sive

141 1683 343 1749 solummodo
368 1683 581 1750 eundemt
522 1690 581 1767 pat
583 1706 650 1749 rem
668 1685 772 1749 veltet
773 1705 800 1750 c.
818 1693 874 1748 out
897 1684 1034 1749 eandem
1053 1689 1192 1751 matrem
1208 1686 1261 1750 vel
1279 1687 1389 1752 aviam
1406 1691 1467 1752 etc.

143 1773 261 1840 Similit
247 1777 298 1838 ter
327 1773 413 1838 idem
444 1779 511 1848 est,
543 1777 651 1838 utrum
676 1778 768 1839 ortus
791 1772 892 1838 fuerit
914 1772 1081 1855 legitimus
1104 1794 1147 1839 an
1171 1774 1372 1857 illegitimus.
1420 1776 1467 1841 of.

142 1862 451 1953 oap.8X2,14;
480 1823 869 1937 Tl.m11,754.755

79 1959 133 2015 964
230 1951 269 2016 R.
302 1954 331 2017 3.
387 1911 512 2017 Nobt
497 1954 609 2016 tamen
643 1954 750 2017 totum
785 1950 1081 2033 consanguinitatis
1113 1950 1381 2036 impedimentum
1418 1957 1468 2019 est

141 2039 354 2107 ecclesiastici
378 2040 457 2105 iuris
473 2044 612 2107 tantum.
644 2040 732 2106 Nam
748 2040 780 2105 in
797 2039 884 2105 linea
899 2043 992 2105 recta
1013 2040 1195 2106 certissime
1209 2041 1290 2106 iuris
1306 2043 1468 2109 naturalis

139 2129 407 2213 impedimentum
431 2129 585 2195 dirimens
604 2133 656 2195 est
676 2128 763 2194 inter
779 2133 934 2212 parentes
957 2133 992 2196 et
1006 2129 1100 2208 lilios,
1124 2129 1222 2196 immo
1238 2130 1371 2198 videtur
1395 2153 1468 2198 esse

140 2219 174 2284 in
198 2219 285 2284 linea
301 2224 392 2285 recta
407 2219 439 2283 in
456 2219 676 2295 indefinitum3
702 2217 913 2302 probabiliter
929 2217 1029 2284 etiam
1047 2217 1134 2284 inter
1149 2219 1272 2285 fratres
1288 2225 1322 2287 et
1338 2243 1468 2287 sorores

142 2328 200 2374 seu
216 2308 249 2372 in
264 2307 370 2391 primo
384 2308 489 2389 gradu
504 2307 610 2373 lineae
631 2307 780 2374 lateralis
804 2307 844 2372 de
867 2306 937 2372 iure
953 2307 1096 2374 naturali
1110 2313 1171 2388 est,
1195 2308 1267 2389 nisi,
1293 2315 1330 2376 ut
1345 2317 1420 2377 erat
1435 2311 1468 2376 in

140 2396 243 2464 initiis
272 2396 401 2478 generis
425 2396 573 2474 humani,
598 2398 640 2463 ad
663 2396 924 2498 procreationem
946 2417 1004 2461 seu
1029 2397 1311 2464 conservationem
1335 2399 1467 2480 generis

141 2486 219 2552 talis
242 2485 425 2550 coniunctio
449 2486 494 2550 sit
508 2486 703 2551 necessaria.
742 2486 780 2550 In
804 2506 842 2550 eo
866 2506 945 2550 vero
970 2485 1142 2552 discrimen
1159 2486 1400 2552 observandum
1417 2493 1469 2556 est

141 2574 446 2663 impedimentorum
469 2574 548 2639 iuris
573 2574 733 2641 naturalis
756 2574 822 2639 et
814 2574 893 2639 ruris
917 2574 1131 2641 ecclesiastici
1150 2579 1289 2655 tantum,
1313 2577 1375 2643 ut
1366 2598 1400 2641 ιιι
1417 2578 1468 2643 his

142 2663 290 2729 Ecclesia
307 2647 439 2744 (saltem
455 2685 601 2728 summus
617 2663 780 2747 pontifex)
797 2663 987 2746 dispensare
1002 2664 1117 2748 possit,
1142 2664 1175 2728 in
1190 2665 1255 2729 illis
1271 2685 1336 2730 non
1351 2666 1467 2750 possit.

79 2767 131 2822 965
231 2769 284 2834 An
300 2772 547 2845 cnansmnn2¹¹¹
563 2770 650 2835 lt..l
690 2768 761 2835 Pet
764 2769 810 2834 tro
834 2769 965 2834 minime
988 2773 1078 2835 reete
1102 2769 1192 2836 facta
1216 2775 1284 2846 est;
1309 2792 1386 2836 narn
1403 2794 1469 2837 non

141 2859 281 2925 habetur
304 2880 347 2923 ex
369 2880 434 2923 una
458 2864 586 2925 tantum
611 2879 710 2924 causa
733 2858 1011 2940 consanguinitas,
1036 2879 1120 2941 quae
1136 2859 1204 2925 sit
1195 2881 1228 2923 ιιι
1246 2860 1344 2926 tertio
1361 2863 1469 2943 gradu

142 2948 328 3031 attingente
351 2947 538 3025 secundum,
563 2949 619 3013 sed
637 2946 904 3029 consanguinitas
921 2947 1052 3031 duplex,
1077 2969 1150 3013 oum
1167 2970 1208 3013 ex
1225 2954 1320 3032 parte
1335 2954 1469 3034 patrum

142 3038 272 3104 Samuel
298 3042 332 3103 et
354 3037 503 3102 Susanna
526 3037 592 3102 sint
616 3035 800 3102 consobrini
823 3057 882 3101 seu
905 3035 1038 3119 cognati
1060 3035 1094 3100 in
1117 3040 1258 3103 secundo
1283 3040 1399 3121 gradu,
1426 3061 1467 3105 ex

142 3131 238 3211 parte
267 3134 410 3192 matrum
440 3132 566 3202 autem,
592 3148 675 3209 quae
697 3125 837 3191 invicem
862 3124 1075 3190 consobrinae
1099 3132 1185 3204 sunt,
1210 3127 1305 3194 adest
1329 3149 1469 3195 consan-

142 3216 286 3297 guinitas
309 3215 343 3280 in
366 3215 469 3296 gradu
494 3215 603 3281 tertio.

232 3305 438 3388 Quapropter
478 3304 540 3369 dici
579 3304 690 3370 debuit
725 3302 886 3369 exsistere
922 3302 1009 3368 inter
1044 3324 1181 3386 sponsos
1217 3306 1356 3390 duplicis
1392 3327 1470 3371 oon-

142 3392 681 3476 sanguinitatisimpedimentum:
710 3393 833 3474 gradus
856 3391 1014 3474 simplicis
1037 3393 1170 3457 secundi
1194 3399 1228 3459 et
1251 3395 1375 3475 gradus
1391 3395 1470 3460 sim·

141 3483 236 3568 plicis
252 3483 360 3558 tertii;
385 3482 482 3546 immo
500 3489 653 3548 accurate
670 3481 797 3547 edoceri
814 3481 913 3546 debet
928 3481 1197 3563 consanguinitas
1214 3482 1349 3566 eiusque
1366 3483 1469 3567 origo,

142 3573 203 3638 hoc
226 3571 296 3636 fere
318 3570 431 3634 modo:

347 3657 455 3712 Samuel
1118 3656 1242 3710 Susanna

384 3747 538 3923 l&

151 3928 229 3985 Anna
248 3927 343 3983 Ruben
363 3949 424 3987 oum
444 3934 514 3988 Frid.
534 3933 656 3987 Sommsr
888 3928 1001 3982 Camillo
1021 3927 1143 3985 Sommer
1161 3949 1223 3986 cum
1243 3931 1371 3987 Carolina
1391 3934 1472 3989 Prinz

287 4013 302 4103 j
572 4018 1030 4161 Ns

264 4160 280 4259 l!
661 4196 695 4231 ex
714 4178 829 4246 Aegidio
849 4177 971 4234 Sommer
1054 4017 1363 4336 f

144 4367 351 4498 Stepmebuben
372 4434 400 4483 et
419 4429 563 4483 Francisca
582 4429 663 4482 Prinz
925 4368 1158 4486 Herbertberinz
1177 4438 1206 4488 et
1223 4435 1334 4491 Amalia
1354 4439 1416 4493 Hirt

526 4508 1036 4633 N--xf

670 4671 705 4708 ex
723 4654 841 4708 Roberto
860 4654 941 4708 Prinz
