3044 5174
160 251 223 316 164
603 243 808 301 Sacramentum
826 245 1018 316 paenitentiae.

156 424 277 490 cotidie
299 422 440 489 recitare
464 444 529 487 non
552 427 629 488 sunt
652 443 706 487 res
721 443 806 505 quoe
822 444 900 488 vere
916 422 1170 508 praecipiantur,
1195 422 1258 491 etsi
1273 442 1482 509 summopere

57 526 61 535 “
157 511 356 578 consulenda
379 515 466 577 sunt.
498 510 582 577 Dein
605 511 710 577 Deum
733 532 775 578 ex
798 515 869 578 toto
893 512 991 578 corde
1014 512 1150 596 diligere
1171 517 1386 599 praeceptum
1410 513 1482 596 qui·

157 602 231 668 dem
255 606 306 668 est
322 605 468 678 eatenus,
493 603 655 682 quatenus
670 621 735 665 non
751 600 849 667 liceat
865 601 895 666 ei
911 601 1086 684 quidquam
1102 602 1281 687 praeferre,
1306 602 1347 668 de
1372 606 1481 668 cetero

156 691 264 756 nullus
287 692 384 757 homo
399 691 505 755 Deum
521 688 590 754 fere
612 689 660 755 ita
685 689 800 772 diligit,
824 695 942 756 utnon
965 691 1070 774 possit
1088 690 1189 758 etiam
1204 691 1311 775 magis
1326 690 1480 775 diligere;

156 781 307 846 similiter
329 779 363 844 in
386 778 524 860 singulis
547 778 729 845 actionibus
752 799 795 844 ex
818 800 853 844 se
876 779 1136 846 indifferentibus
1159 801 1351 863 expressam
1374 780 1481 847 inten-

156 870 281 936 tionem
304 869 423 933 bonam
446 868 556 933 fecere
580 870 681 949 auget
704 867 833 951 quidem
857 868 1019 945 meritum,
1043 868 1102 934 sed
1125 868 1167 934 ad
1191 869 1382 936 evitandum
1406 891 1481 953 pec·

156 963 267 1025 catum
297 958 420 1023 sufficit
449 961 486 1023 ut
516 978 581 1021 non
611 956 716 1023 subsit
744 957 883 1023 intentio
913 957 1054 1041 positive
1077 958 1182 1023 mala:
1212 963 1351 1043 possunt
1380 958 1482 1042 igitur

155 1048 238 1114 haec
262 1047 370 1112 omnia
394 1045 542 1112 defectus
565 1046 707 1111 morales
730 1066 819 1122 esse,
852 1051 991 1130 peccata
1019 1068 1084 1112 non
1114 1051 1192 1114 sunt
1221 1068 1261 1113 ao
1291 1047 1387 1133 proin
1419 1070 1481 1114 non

157 1138 326 1221 praebent,
350 1139 450 1219 prout
472 1138 660 1213 narrantur,
685 1134 858 1201 materiam
881 1135 1106 1202 absolutionis.

246 1244 285 1309 R.
311 1245 341 1309 2.
387 1241 605 1307 Nihilominus
635 1262 700 1307 non
729 1262 805 1307 raro
834 1240 868 1306 in
892 1241 1050 1308 eiusmodi
1080 1241 1261 1309 defectibus
1285 1243 1400 1309 subest
1424 1243 1481 1309 ali·

156 1332 243 1415 quod
267 1331 396 1397 veniale
418 1333 599 1414 peceatum,
624 1331 749 1397 scilicet
771 1330 958 1397 inordinata
974 1331 1085 1414 aliqua
1100 1331 1230 1398 affectio
1253 1353 1337 1414 quae
1352 1332 1482 1399 induxit

157 1422 200 1487 ad
223 1420 429 1504 neglegenda
450 1418 658 1503 perfectiora.
705 1420 911 1503 Quapropter
933 1420 1029 1486 valdo
1052 1421 1220 1505 probabile
1243 1426 1296 1487 est
1318 1421 1481 1488 Amaliam

156 1511 279 1576 habere
306 1508 434 1592 quidem
459 1508 632 1574 materiam
656 1529 698 1573 ex
721 1529 757 1574 se
780 1512 893 1591 aptam
917 1509 959 1574 ad
982 1515 1224 1576 sacramentum
1247 1510 1480 1593 paenitentiae.

158 1602 282 1665 Verum
305 1603 342 1665 ut
365 1598 565 1676 absolvatur,
591 1598 687 1665 debet
713 1597 746 1680 1)
770 1601 921 1663 constare
945 1598 985 1663 de
1002 1598 1157 1664 eiusmodi
1181 1599 1368 1666 inordinata
1385 1601 1482 1666 affec·

157 1689 247 1756 tione
270 1687 434 1753 sincerum
457 1707 530 1752 esse
545 1691 739 1770 conceptum
763 1686 917 1764 dolorem,
942 1686 976 1769 2)
993 1692 1151 1771 quantum
1166 1687 1237 1754 fieri
1252 1693 1374 1772 potest,
1399 1689 1481 1756 haec

157 1798 264 1862 prava
287 1775 418 1843 affectio
442 1775 641 1842 declaranda
664 1781 725 1843 est.

247 1884 286 1952 R.
318 1887 348 1950 3.
395 1883 429 1949 Si
459 1883 527 1950 tale
557 1883 635 1965 quid
664 1884 706 1948 ab
729 1882 862 1948 Amalia
890 1883 1029 1949 obtineri
1059 1883 1191 1966 nequit,
1225 1884 1375 1966 quaestio
1408 1906 1483 1950 num

156 1974 270 2128 iiosgtilii
295 1972 571 2127 iiiigiesinnon
609 1972 731 2056 pendet
767 1992 787 2037 a
822 1972 985 2039 solutione
1020 1992 1105 2055 quse
1142 1972 1177 2038 in
1213 1974 1365 2056 sequenti
1405 1995 1481 2040 casu

94 2199 148 2254 283
201 2185 255 2251 Aa
278 2184 580 2260 solesmenses
600 2185 629 2250 1.
661 2184 725 2249 Per
748 2204 784 2249 ss
808 2183 937 2266 quidem
962 2184 1181 2251 confessarius
1204 2185 1291 2251 mele
1314 2206 1380 2251 non
1405 2186 1481 2269 egit,

157 2275 304 2340 modeste
327 2273 560 2355 interrogando
585 2272 625 2338 de
649 2273 830 2340 defectibus
853 2294 874 2340 a
896 2273 1012 2357 quibus
1035 2273 1080 2358 pii
1103 2273 1202 2340 etiam
1225 2273 1374 2340 homines
1399 2274 1483 2340 diffi-

157 2363 263 2430 culter
287 2363 417 2428 omnino
441 2383 476 2428 se
500 2362 661 2429 cohibent.
693 2361 899 2446 Quapropter
914 2362 956 2428 od
979 2384 1049 2428 rem
1072 2385 1136 2429 non
1160 2367 1212 2429 est
1232 2364 1367 2446 querela
1383 2362 1483 2429 Ama·

158 2452 239 2529 lise,
270 2452 357 2535 quod
380 2451 552 2518 adstantes
574 2451 701 2535 possint
724 2451 883 2535 suspicari
907 2451 947 2518 de
970 2452 1128 2534 gravibus
1151 2452 1349 2518 criminibus.
1397 2453 1483 2518 Nam

158 2540 305 2606 homines
328 2540 475 2607 timorati
498 2562 561 2605 non
586 2560 661 2606 raro
685 2561 759 2605 cum
782 2540 982 2608 confessario
1007 2545 1111 2624 egunt
1134 2541 1287 2607 derebus
1311 2540 1414 2607 etiarn
1436 2543 1482 2608 le·

158 2631 303 2697 vioribus
327 2634 362 2696 et
385 2631 425 2695 de
447 2629 488 2694 iis
512 2650 595 2712 quae
625 2650 690 2696 non
713 2635 852 2713 peccata
874 2629 956 2708 sint,
990 2631 1048 2697 sed
1071 2630 1307 2714 perfectionem
1331 2631 1483 2697 christia·

158 2741 234 2785 nam
259 2718 445 2803 respicient.

247 2827 286 2894 R.
312 2829 342 2892 2.
389 2825 512 2890 Verum
536 2825 564 2890 si
594 2823 812 2890 confessarius
835 2825 955 2892 viderit
985 2847 1021 2891 se
1050 2826 1284 2908 interrogando
1317 2826 1427 2891 oleum
1451 2832 1484 2893 et

158 2936 292 2998 operam
315 2915 461 2999 perdere,
486 2914 600 2981 statim
623 2921 785 2997 proponat
800 2935 864 2979 non
880 2915 1113 2996 interrogando
1134 2915 1191 2981 sed
1207 2915 1403 2981 affirmando
1427 2936 1484 2981 seu

158 3004 298 3088 positive
327 3004 506 3070 hortando:
541 3003 597 3081 ,In
625 3003 688 3068 hac
717 3024 813 3068 sacra
842 3003 1046 3069 confessione
1075 3003 1200 3070 inclusa
1230 3025 1302 3070 esse
1332 3005 1484 3070 volumus

158 3094 277 3160 iterum
308 3093 417 3159 omnia
446 3096 584 3176 peccata
613 3092 730 3175 prioris
754 3092 860 3169 vitae,
890 3093 1064 3176 praecipue
1097 3113 1136 3158 ea
1167 3092 1283 3175 quibus
1313 3094 1484 3178 proximus

158 3203 311 3264 umquam
328 3184 471 3247 offensus
483 3181 536 3246 vel
552 3181 681 3246 divinus
697 3181 804 3247 cultus
820 3182 1047 3263 neglegentius
1059 3186 1212 3265 peractus
1228 3187 1290 3249 est.
1318 3182 1351 3247 N
1353 3187 1480 3249 onne?“

158 3272 279 3349 Quodsi
294 3271 466 3355 paenitens
481 3269 642 3348 annuerit,
665 3270 952 3337 subministrentur
967 3291 1049 3336 vera
1064 3271 1189 3337 motiva
1205 3270 1326 3338 doloris
1350 3278 1385 3340 et
1409 3295 1483 3357 pro·

158 3361 267 3444 posite
290 3360 376 3425 circe
399 3363 538 3443 peccata
561 3359 660 3426 etiarn
684 3359 841 3432 venialia;
874 3359 983 3426 acite
1007 3361 1136 3425 demum
1159 3361 1349 3444 paenitens,
1374 3362 1403 3427 si
1426 3383 1483 3427 no·

158 3448 251 3515 tabili
276 3449 384 3531 aliquo
408 3453 555 3531 tempore
578 3470 643 3513 non
666 3452 717 3514 est
741 3448 926 3526 absolutus,
958 3450 1150 3515 absolvatur
1176 3450 1295 3517 saltem
1320 3451 1483 3517 condicio·

157 3543 244 3605 nate.
293 3538 339 3604 Cf.
371 3539 424 3604 Tb.
449 3561 490 3604 m.
514 3538 556 3615 II,
582 3540 645 3604 267
670 3542 704 3604 et
727 3539 781 3602 boc
804 3541 868 3604 loro
892 3537 979 3603 infra
1003 3560 1034 3604 n.
1060 3541 1136 3605 286.

468 3740 677 3807 MATERIA.
724 3741 825 3807 EIUS
848 3742 1075 3809 DEFECTUS
1099 3743 1169 3826 (ΙΙ).

359 3908 580 3968 PAENITENS
602 3908 673 3967 Vll(
695 3908 914 3968 CUIUSPIAM
937 3909 1103 3970 PEGCATI
1126 3910 1280 3971 MEMOR.

721 4065 832 4131 Casus.
851 4074 909 4141 (84)

246 4207 456 4283 Gundolphus,
479 4206 526 4265 vir
546 4225 648 4277 senex,
672 4208 708 4264 ab
730 4226 808 4264 anno
831 4226 889 4264 non
912 4207 1067 4266 confessus
1088 4206 1178 4266 dicit:
1206 4208 1378 4277 ,Neminem
1400 4211 1481 4278 laesi,

157 4309 215 4347 non
237 4288 279 4346 fui
302 4288 409 4358 ebrius
431 4307 548 4346 sacrum
569 4308 628 4346 non
650 4287 766 4362 neglexi
783 4287 886 4346 diebus
901 4286 1064 4345 Dominicis
1086 4287 1144 4346 nisi
1165 4288 1315 4360 infirmus3
1339 4293 1402 4352 scio
1423 4293 1482 4369 qui·

157 4369 222 4425 <lem
243 4388 298 4426 nos
320 4388 421 4426 omnes
443 4388 509 4426 esse
531 4375 718 4443 peccatores;
743 4368 794 4425 sed
810 4368 913 4426 debilis
934 4388 997 4426 sum
1019 4367 1131 4442 ingenii
1146 4373 1175 4427 et
1190 4370 1358 4432 memoriae.
1391 4374 1481 4432 Doleo

156 4449 346 4524 depereatis
376 4448 450 4506 meis
472 4455 501 4506 et
522 4454 590 4524 peto
618 4449 859 4506 absolutionem.“
890 4481 928 4487 —
958 4449 1161 4522 Interrogatus
1191 4449 1226 4508 de
1255 4451 1323 4509 aliis
1351 4453 1481 4529 peccatis

157 4530 330 4604 respondet:
358 4528 440 4596 ,Non
461 4529 628 4596 record0r“,
651 4528 685 4584 de
700 4528 863 4603 praeterita
878 4528 955 4585 vita:
981 4527 1105 4594 „Omnia
1128 4530 1283 4589 confessus
1306 4551 1387 4603 sum;
1409 4533 1481 4592 nihil

157 4610 284 4685 amplius
306 4609 430 4678 bube0“,
453 4608 488 4665 de
508 4608 678 4666 iuventute:
704 4608 799 4677 ,Puer
814 4608 923 4683 aliquid
938 4614 1023 4684 turpe
1039 4609 1112 4679 feci;
1134 4610 1191 4669 hoc
1212 4611 1315 4687 utique
1336 4633 1398 4673 non
1419 4633 1482 4673 sum
