3044 5174
329 268 447 322 Materia
466 266 603 338 proxima:
623 267 757 322 confessio
776 294 811 306 -
830 267 889 321 eius
907 266 1059 336 integritas.
1293 272 1357 336 211

72 461 209 502 semron
232 443 262 500 1ο
282 441 416 533 possitne
438 441 502 500 fieri
523 441 672 500 confessio
694 440 771 517 apud
793 441 1009 502 confessarium
1036 442 1156 518 linguae
1177 444 1359 520 paenitentis

280 541 425 596 ignarum.

232 621 263 678 2⁰
283 620 506 679 adhibendusne
527 619 567 678 sit
587 620 743 697 interpres.

234 720 264 778 3⁰
284 717 352 795 quid
373 718 411 777 ad
432 738 521 777 casus
542 718 708 796 propositos
730 718 884 777 dicendum
905 718 953 779 sit.

627 918 763 986 Salutio.

119 1063 174 1128 An
199 1082 391 1138 ansnsmnu
416 1065 454 1127 1m
484 1061 522 1128 R.
551 1065 578 1127 l.
625 1060 760 1137 Quando
791 1060 1011 1126 confessarius
1041 1067 1074 1128 et
1104 1063 1277 1146 paenitens
1309 1063 1356 1128 di·
1368 1075 1421 1131 361

72 1173 128 1218 rsa
153 1156 292 1217 utuntur
314 1151 428 1232 lingua
459 1171 559 1233 seque
582 1149 721 1215 invicem
753 1171 818 1214 non
847 1149 1060 1232 intellegant,
1091 1151 1162 1216 fieri
1194 1174 1291 1236 posse
1321 1161 1357 1220 ut

72 1243 97 1307 lo
122 1240 294 1307 intellecto
317 1245 452 1324 peccato
476 1238 509 1305 in
532 1260 653 1322 genere
676 1238 838 1304 absolutio
862 1239 967 1317 detur,
992 1238 1079 1323 apud
1095 1261 1207 1307 omnes
1223 1242 1256 1308 in
1281 1264 1358 1309 ooa-

72 1351 117 1396 so
143 1334 206 1396 est.
243 1330 407 1406 Quantam
431 1331 542 1394 tamen
566 1328 636 1394 fieri
660 1331 779 1411 potest,
804 1327 912 1393 curari
935 1327 1042 1406 debet,
1067 1333 1105 1396 ut
1127 1329 1260 1413 aliquod
1282 1353 1358 1416 pec-

72 1424 142 1486 tam
168 1423 202 1483 iu
225 1422 326 1505 specie
347 1418 570 1501 intellegatur.
603 1419 754 1484 Ceteram
778 1417 909 1482 dubium
933 1419 973 1483 de
997 1418 1110 1483 valore
1133 1420 1357 1498 absolutionis,

73 1509 134 1586 od,
167 1508 231 1573 aiei
253 1511 424 1592 peccatum
448 1507 481 1571 in
504 1506 613 1591 specie
635 1506 865 1589 intellegatur,
897 1506 1043 1571 nonnulli
1065 1515 1216 1589 movent,
1240 1511 1358 1577 merito

72 1597 214 1674 eruitur,
245 1597 274 1662 ei
297 1597 441 1663 attendis
471 1616 630 1680 responsa
652 1598 685 1662 S.
713 1596 820 1679 Officii
849 1617 926 1661 mox
958 1597 1125 1662 afferenda
1147 1599 1188 1664 ad
1213 1602 1261 1666 2¹²².
1309 1600 1356 1666 cf.

85 1687 288 1771 Alphoas.
313 1686 334 1752 l.
359 1708 386 1752 o.
411 1707 442 1752 n.
467 1687 549 1762 4793
574 1685 881 1753 Baiter-Palm.
905 1685 927 1751 l.
952 1706 980 1752 o.
1004 1708 1036 1752 n.
1061 1688 1137 1753 393.

119 1793 161 1859 ll.
187 1795 218 1858 2.
264 1792 312 1858 Ut
335 1795 445 1857 autem
469 1794 516 1857 sic
540 1792 715 1875 procedere
739 1791 848 1870 liceat,
872 1792 971 1858 debet
994 1796 1029 1858 et
1051 1793 1168 1860 abesse
1190 1794 1358 1861 confessa·

72 1902 98 1948 rs
122 1881 256 1963 linguae
279 1902 412 1964 gnarus,
437 1881 523 1965 apud
546 1901 641 1964 quem
666 1881 828 1946 confessio
851 1881 983 1963 integra
1005 1881 1076 1946 fieri
1098 1882 1216 1966 possit,
1242 1887 1277 1950 et
1300 1885 1358 1949 ad-

72 1991 104 2037 se
129 1971 229 2037 debet
252 1970 362 2053 aliqaa
385 1971 566 2036 necessitas
590 1970 781 2048 confitendi,
805 1991 837 2037 v.
862 1992 893 2053 g.
918 1971 973 2036 lex
997 1970 1221 2039 ecclesiastica
1243 1973 1359 2039 iubens

72 2060 291 2126 mmnnionem
322 2059 528 2143 paschalem,
561 2061 741 2126 necessitas
772 2059 1045 2125 reconciliationis
1075 2060 1274 2144 paenitentis
1305 2063 1358 2127 vel

72 2150 164 2300 biurp
197 2149 238 2215 de
267 2153 359 2215 stata
390 2149 519 2215 animae
549 2170 746 2232 magnamve
778 2148 977 2233 paenitentis
1007 2149 1170 2216 solatiam.
1218 2151 1267 2218 cf.
1293 2173 1358 2217 eos-

72 2263 103 2305 m
129 2242 141 2303 i
165 2240 209 2304 id.

122 2365 176 2428 An
200 2382 392 2437 qnsnsmau
417 2365 456 2426 2¹⁰
479 2362 517 2428 R.
545 2365 573 2429 1.
621 2361 655 2428 Si
679 2361 751 2444 quis
774 2361 945 2445 paenitens
968 2361 1182 2446 interpretem
1205 2363 1421 2439 adhibere362

72 2454 105 2534 lt,
131 2450 245 2533 nequit
268 2451 427 2534 impediri,
452 2451 514 2515 etsi
538 2453 578 2516 ob
603 2453 707 2516 solum
731 2450 831 2516 animi
854 2450 1007 2517 solatium
1030 2450 1080 2517 ita
1096 2452 1185 2518 velit.
1218 2456 1251 2520 S.
1271 2455 1304 2520 0.
1322 2455 1361 2519 de

72 2563 130 2627 op.
156 2542 195 2607 F.
220 2562 328 2605 corum
351 2542 431 2607 88²⁰
454 2541 564 2606 habito
587 2540 617 2606 d.
644 2542 673 2606 6.
699 2541 788 2623 Sept.
816 2542 901 2605 1630
925 2541 1088 2606 decrevit:
1123 2562 1199 2619 ,eos
1222 2541 1277 2624 qui
1300 2563 1359 2608 vo-

72 2637 104 2695 ut
128 2633 246 2713 sponte
268 2650 328 2713 per
349 2628 564 2712 interpretem
588 2629 745 2707 confiteri,
770 2650 830 2694 neo
853 2628 951 2694 aliter
973 2633 1127 2714 possunt,
1152 2652 1217 2696 aon
1241 2630 1359 2697 debere

72 2718 215 2792 ohiberi3
240 2718 382 2784 sufficiet
405 2739 604 2801 praecavere
628 2720 749 2784 abusus
772 2724 807 2785 et
830 2719 996 2798 scandala,
1020 2722 1058 2784 ut
1073 2718 1271 2803 interpretes
1290 2742 1360 2786 mo·

72 2813 189 2983 (ξιὶῐιιὲἲ
207 2808 247 2961 dp
276 2806 478 2962 pplligatione
508 2809 549 2874 ad
579 2806 824 2874 observantiam
854 2808 1003 2875 secreti.“
1043 2809 1163 2875 Collect.
1195 2812 1229 2876 S.
1256 2812 1288 2877 Ο.
1322 2812 1361 2875 de

123 3003 163 3070 R.
188 3005 218 3070 2.
265 3003 387 3068 Veram
419 3003 565 3088 oblipotio
596 3002 770 3069 adhibendi
793 3002 984 3086 interpretis
1007 3025 1072 3068 non
1102 3009 1172 3082 est,
1204 3005 1266 3070 etsi
1290 3004 1360 3070 sine

96 3091 317 3159 confessarius
341 3114 406 3158 non
428 3092 602 3174 intellegat
632 3091 694 3157 nisi
726 3097 864 3177 peccata
893 3093 927 3158 in
956 3113 1087 3174 genere.
1134 3094 1285 3159 Habetur
1307 3115 1359 3158 re·

72 3204 189 3248 oneum
206 3183 239 3247 S.
259 3182 365 3264 Officii
381 3183 411 3248 d.
430 3182 459 3249 d.
478 3183 519 3246 28
532 3183 626 3247 Febr.
646 3185 748 3247 1633:
770 3182 906 3258 ,Utrum
923 3181 956 3245 ia
973 3181 1160 3264 regionibus
1175 3182 1360 3265 longinquis

72 3272 226 3348 thelicus,
250 3272 362 3338 multis
385 3272 479 3337 annis
501 3271 715 3348 inconfessus,
740 3270 842 3353 signis
858 3272 1033 3337 dumtaxat
1056 3272 1097 3336 ob
1115 3270 1280 3337 idiomatis
1304 3273 1359 3337 de·

72 3367 157 3428 ctum
181 3364 297 3444 petens
321 3361 574 3437 absolutionem,
606 3359 711 3444 possit
737 3360 863 3425 absolvi
887 3360 1010 3441 absque
1040 3381 1102 3444 ope
1124 3361 1356 3445 interpretis?“

109 3450 205 3528 ,Non
230 3470 311 3532 opus
335 3470 408 3515 esse
436 3449 618 3533 interprete
647 3450 681 3514 in
711 3470 789 3514 casa
813 3450 998 3533 proposito,
1031 3449 1118 3516 sicut
1140 3451 1240 3516 etiam
1263 3472 1360 3534 posse

92 3540 212 3606 debere
236 3539 472 3604 absolutionem
503 3543 713 3622 peccatorum
743 3538 903 3621 impertiri
934 3538 1102 3605 exhibenti
1132 3539 1243 3621 signa,
1276 3561 1360 3622 quae

72 3634 156 3697 test.
174 3680 208 3695 ..
234 3627 407 3693 dummodo
431 3627 598 3694 sufficiant
628 3629 670 3693 ad
700 3628 946 3710 exprimendum
978 3627 1110 3710 aliquod
1133 3633 1304 3712 peccatum
1328 3630 1360 3693 in

73 3720 154 3785 ecia.
201 3716 238 3781 ln
270 3738 347 3782 cusu
370 3738 449 3782 vero
480 3738 543 3799 quo
575 3717 646 3798 quis
679 3721 832 3794 conatur,
862 3721 1019 3798 qnantum
1049 3722 1177 3800 potest,
1208 3718 1361 3783 exhibere

72 3830 130 3892 gna
153 3810 362 3890 peccatorum
385 3806 419 3871 in
442 3806 561 3890 specie,
586 3811 750 3888 nequeant
774 3810 884 3871 autem
901 3806 1031 3871 omnino
1051 3807 1208 3889 intellegi,
1233 3808 1359 3873 absolvi

72 3919 132 3963 ese
155 3917 215 3981 per
245 3896 349 3960 solam
373 3895 671 3962 manifestationem
695 3900 903 3978 peccatoram
927 3895 958 3960 in
983 3899 1134 3978 genere.“
1182 3897 1361 3964 Baiter-.-

72 3988 159 4053 alm.
185 3985 205 4050 l.
230 4005 257 4051 c.
283 4005 325 4049 ex
348 3984 599 4062 Bucceroni,
625 3985 793 4050 Euchirid.
819 4006 893 4068 pag.
921 3987 994 4053 160.

123 4093 163 4158 R.
189 4095 219 4158 3.
251 4090 469 4157 Nihilominus
485 4095 518 4159 S.
538 4093 610 4175 Off,
636 4114 707 4157 cunr
732 4090 905 4156 adhibendi
921 4090 1111 4175 interpretis
1128 4092 1358 4174 obligationem

72 4187 145 4267 get,
170 4179 341 4246 consilinm
365 4180 438 4246 dat:
466 4181 680 4259 ,Missionarii
705 4202 778 4245 cum
802 4180 1055 4265 paenitentibus
1080 4202 1216 4262 quorum
1240 4181 1360 4245 idioma

72 4276 200 4349 norant,
225 4274 364 4351 agentes
387 4272 552 4335 tortorem·
575 4270 648 4335 illos
672 4271 826 4335 adhibere
842 4270 1066 4354 interpretem,
1090 4291 1149 4354 per
1168 4292 1264 4352 quem
1283 4291 1359 4334 con-

72 4365 193 4430 eantur
222 4358 332 4424 omnia
360 4365 513 4443 peecata:
547 4361 633 4441 qaod
664 4359 692 4424 si
722 4359 783 4425 hoo
816 4359 957 4437 nollent,
990 4360 1108 4424 saltem
1141 4361 1360 4424 confiteantur

72 4457 145 4540 iqua
160 4473 219 4537 per
234 4451 445 4533 interpretem,
470 4455 504 4514 et
520 4448 646 4531 reliqua
661 4470 720 4532 per
734 4451 834 4514 nutus
850 4454 885 4514 et
900 4450 1004 4532 signa,
1030 4452 1187 4529 quantum
1204 4452 1357 4531 possunt:

72 4542 150 4608 odsi
173 4539 266 4605 nulla
288 4537 393 4604 velint
415 4559 473 4621 per
502 4537 714 4621 interpretem
745 4537 910 4616 confiteri,
945 4539 1162 4603 confiteantur
1184 4559 1243 4620 per
1265 4536 1360 4619 signa
1413 4574 1415 4579 =

71 4631 121 4698 ini
138 4630 272 4696 meliore
288 4628 384 4693 modo
401 4648 464 4710 qao
480 4631 645 4711 poterunt,
670 4626 755 4693 sicat
776 4629 814 4693 fit
830 4627 862 4691 in
879 4627 994 4698 matis:
1018 4626 1076 4691 sed
1092 4625 1287 4691 missionarii
1304 4648 1359 4692 ca·

1102 4725 1155 4782 14·
