3044 5174
590 266 759 337 Stipendium
778 267 930 323 binatiouia.
1361 274 1421 337 131

92 441 180 501 nibus
203 442 312 503 diebus
335 443 489 503 dominicis
510 449 541 502 et
561 443 648 503 festis
675 445 706 502 in
734 464 787 504 suo
808 444 875 503 rico
905 444 1026 503 misaam
1055 445 1186 504 celebret
1204 445 1236 504 in
1257 465 1349 522 eaque
1371 467 1424 523 pro

93 542 125 582 se
145 523 215 583 sive
236 524 310 582 rivo
333 524 397 584 sive
418 523 557 583 defuncto
578 525 655 601 apud
677 525 772 584 Deum
794 530 867 584 oret.

182 612 232 672 Ex
253 612 354 672 vicino
376 612 482 689 oppido
503 613 632 673 mittitur
651 633 728 672 unus
749 633 787 672 ex
818 613 1021 673 sacerdotibus
1043 633 1108 672 cum
1130 614 1273 673 facultate
1293 615 1424 686 binaudi,

96 692 141 768 qui
174 692 267 752 modo
299 693 421 752 missam
449 694 649 770 parochialem
676 694 862 770 persolverat
891 692 976 752 modo
1005 693 1080 752 alias
1107 714 1160 770 pro
1189 694 1335 771 stipendio
1365 696 1425 754 iam

98 774 314 845 celebraverat,
338 772 442 832 deinde
462 793 516 850 pro
538 774 707 834 Theobaldo
727 774 759 832 in
780 773 846 833 vico
868 773 988 832 missam
1010 775 1221 834 celebraturus.

99 895 279 966 Qusnmrou
302 899 333 957 1⁰
353 897 481 958 liceatne
502 917 556 975 pro
578 905 701 974 utraque
725 897 819 958 missa
845 917 932 974 quam
954 898 1020 973 quis
1042 918 1108 957 cum
1128 898 1273 959 facultate
1293 897 1426 974 legitima

351 979 485 1038 celebrat
506 978 684 1056 stipendium
705 979 849 1055 accipere.

299 1079 330 1136 2ο
352 1062 420 1152 quid
442 1077 477 1135 de
499 1096 571 1135 casu
585 1081 707 1136 nostro?
735 1077 774 1135 Et
795 1076 873 1151 quid,
895 1076 921 1134 si
943 1095 1002 1136 non
1024 1076 1064 1134 sit
1084 1075 1134 1151 qui
1156 1076 1284 1136 celebret
1304 1077 1426 1136 missam

352 1157 607 1312 pipigaTtllrssobaldo
642 1157 700 1216 nisi
735 1157 883 1235 parochus
915 1156 952 1215 ad
985 1156 1185 1232 parochialem
1214 1158 1337 1217 missam
1366 1157 1426 1217 iam

695 1435 832 1503 Salutio.

186 1586 243 1652 An
267 1607 460 1662 ouassrruu
485 1590 522 1652 1¹²¹
546 1588 585 1656 R.
605 1590 633 1655 1.
666 1587 754 1668 Lege
777 1587 939 1652 communi
963 1587 1130 1670 Ecclesiae
1153 1587 1352 1673 prohibitum
1375 1594 1486 1663 111111

102 1698 137 1741 ne
160 1697 222 1760 pro
248 1676 392 1742 secunda
415 1677 516 1742 missa
539 1678 747 1759 eleemosyna
770 1675 960 1760 accipiatur.
993 1675 1040 1742 uf.
1059 1677 1091 1744 S.
1112 1677 1145 1744 C.
1163 1677 1195 1744 Ο.
1221 1677 1251 1743 d.
1276 1680 1318 1741 25
1335 1677 1425 1762 Sept.

105 1767 186 1830 1858
213 1767 248 1831 11
272 1765 303 1832 d.
321 1768 361 1831 21
379 1765 478 1833 Μ111.
498 1768 583 1832 1863
611 1768 723 1844 ,firma
745 1770 900 1831 manente
923 1764 1141 1848 prohibitione
1164 1765 1343 1849 accipiendi
1367 1766 1427 1833 sti-

101 1854 254 1938 pendium
277 1875 337 1938 pro
360 1855 502 1921 secunda
525 1854 663 1931 missa“;
694 1859 794 1937 atque
818 1853 852 1919 id
875 1855 907 1922 S.
932 1854 965 1920 C.
989 1853 1037 1920 ita
1066 1855 1286 1939 interpretata
1316 1859 1428 1922 estut

102 1964 206 2027 neque
229 1942 427 2028 stipendium
450 1942 583 2029 proprie
606 1943 728 2010 dictum
751 1942 853 2026 accipi
876 1942 997 2028 possit,
1029 1964 1134 2026 neque
1163 1944 1328 2027 quaelihet
1351 1945 1426 2012 obli·

101 2037 184 2117 patio
209 2035 351 2098 1111111101
372 2032 434 2099 hac
457 2033 600 2099 secunda
622 2032 723 2098 missa
749 2033 853 2117 possit
883 2031 1065 2116 exstingui3
1096 2032 1196 2100 liceat
1225 2038 1338 2100 tamen
1368 2055 1427 2118 per

104 2143 172 2187 earn
198 2120 432 2203 obligationem
456 2124 676 2207 impropriam,
700 2143 731 2186 11.
753 2143 785 2204 g.
802 2121 985 2188 decentiam
1009 2121 1158 2188 caritatis
1181 2122 1236 2187 vel
1258 2121 1427 2189 liberalem

56 2270 57 2275 ,
105 2210 360 2293 promissionem,
384 2211 536 2294 implere:
561 2211 592 2276 S.
618 2210 651 2277 C.
676 2210 709 2277 Ο.
735 2210 765 2277 d.
793 2213 832 2275 14
858 2212 945 2295 Sept.
974 2213 1068 2278 1748.
1097 2211 1144 2278 Cf.
1168 2214 1250 2277 Aeto
1274 2213 1307 2278 S.
1333 2214 1426 2278 Sedis

104 2298 126 2378 1,
151 2302 273 2381 9sqq.,
297 2298 354 2377 VI,
379 2303 443 2365 545
460 2321 520 2383 sq,
544 2298 600 2377 XI,
626 2302 707 2375 284;
737 2300 793 2365 Th.
818 2322 858 2365 111.
884 2298 924 2376 ΙΙ,
951 2303 1025 2366 216.

56 2374 58 2511 l
191 2405 231 2472 R.
258 2407 287 2472 2.
334 2406 536 2488 Aliquando,
570 2405 632 2473 etsi
662 2427 754 2483 raro,
786 2406 818 2471 S.
844 2405 944 2471 Sedes
975 2407 1015 2471 ob
1046 2411 1228 2490 egestatem
1255 2407 1428 2472 missione-

105 2493 224 2560 riorum
248 2495 302 2559 vel
325 2494 398 2579 piae
414 2495 550 2562 alicuius
566 2516 686 2561 causae
701 2499 930 2579 paupertatem
947 2500 981 2561 11
1003 2496 1233 2563 necessitatem
1250 2496 1308 2562 dat
1322 2495 1428 2562 facul·

106 2587 207 2650 tatem
232 2583 412 2667 accipiendi
435 2584 588 2668 stipendii
604 2583 704 2651 etiam
720 2605 778 2668 pro
803 2584 945 2650 secunda
961 2583 1077 2651 missa:
1103 2585 1194 2650 cuius
1216 2585 1263 2651 rei
1279 2586 1429 2669 exempla

106 2672 205 2739 habes
234 2673 292 2739 Th.
317 2696 355 2740 111.
380 2673 401 2739 l.
427 2695 454 2741 c.
500 2673 616 2756 Neque
638 2672 700 2738 hoc
724 2678 903 2757 repugnat,
935 2674 1012 2756 quia
1035 2674 1146 2755 agitur
1175 2675 1215 2739 de
1238 2695 1275 2739 re
1297 2695 1363 2739 non
1387 2695 1428 2740 ex

106 2768 224 2829 natura
247 2783 307 2828 sua
330 2762 427 2840 mala,
451 2762 509 2828 sed
531 2767 666 2847 propter
688 2760 867 2846 periculum
890 2763 1012 2829 abusus
1036 2783 1078 2828 ex
1101 2762 1244 2848 positiva
1260 2762 1428 2841 Ecclesiae

56 2894 58 2909 ·
106 2851 175 2936 lege
199 2849 374 2937 prohibita.
624 2925 626 2929 ¹
904 2893 905 2896 =

56 2988 59 3025 ι
192 2958 233 3025 R.
258 2960 289 3027 3.
334 2957 428 3025 Licet
449 2961 562 3024 tomen
592 2978 737 3042 semper,
768 2958 797 3023 si
827 2980 901 3023 cum
931 2957 1074 3023 secunda
1103 2957 1204 3023 missa
1234 2958 1429 3024 celebranda

106 3047 269 3131 fatigatio,
293 3068 325 3114 v.
350 3067 381 3128 g.
406 3046 542 3124 itineris,
567 3046 740 3114 coniuncta
763 3051 824 3126 eat,
848 3047 976 3112 ratione
991 3044 1143 3130 specialis
1166 3046 1372 3112 difficultatis
1395 3051 1430 3113 11

106 3135 300 3203 incommodi
334 3135 478 3219 aliquam
512 3136 846 3219 recompensationem
885 3135 1033 3220 accipere
1071 3136 1248 3201 secundum
1286 3135 1429 3219 prudens

107 3229 241 3313 episcopi
264 3224 433 3290 arbitrium
458 3224 504 3307 (S.
529 3225 621 3292 (1.0.
647 3225 790 3290 2311111
817 3227 900 3291 1861
926 3230 960 3292 et
983 3227 1064 3290 Acte
1089 3228 1121 3292 S.
1147 3227 1240 3292 Sed-is
1264 3225 1284 3291 Ι.
1310 3224 1369 3308 c),
1401 3225 1429 3290 si

106 3316 199 3381 modo
223 3315 258 3381 id
281 3335 340 3399 pro
363 3318 480 3380 missae
502 3314 665 3399 stipendio
689 3335 753 3379 non
777 3314 882 3380 detur.

193 3449 247 3513 An
263 3468 454 3524 ouarsrruu
472 3450 510 3512 2·
527 3446 565 3513 R.
586 3450 613 3513 1.
645 3447 742 3513 Ratio
760 3445 963 3512 difficultatis
979 3445 1157 3511 solvendae
1173 3468 1216 3512 ex
1232 3467 1270 3511 eo
1286 3446 1428 3512 maxime
1438 3462 1490 3516 228

104 3537 263 3622 petenda,
294 3542 404 3602 utrum
426 3536 633 3602 Theobaldus
656 3536 781 3603 reditus
804 3536 890 3600 illius
913 3534 1114 3603 fundationis
1138 3535 1279 3601 voluerit
1308 3536 1429 3600 habere

104 3649 160 3711 pro
185 3625 349 3711 stipendio
373 3626 492 3692 missae
514 3626 547 3692 in
572 3647 664 3691 suam
688 3624 865 3691 utilitatem
889 3624 1114 3707 applicandae,
1138 3646 1181 3691 an
1202 3646 1261 3707 pro
1278 3645 1428 3690 remune-

104 3718 192 3784 tione
223 3716 347 3782 laboris
376 3720 411 3781 11
440 3715 646 3797 fatigationis
669 3713 819 3798 specialis
852 3733 935 3795 quae
959 3734 1031 3778 oum
1054 3715 1156 3780 missa
1178 3714 1320 3779 secundo
1344 3715 1429 3779 eele-

105 3806 231 3871 branda
254 3804 428 3869 coniuncta
450 3805 494 3871 sit
516 3805 550 3869 in
574 3825 662 3881 casu,
687 3824 729 3869 an
752 3823 811 3888 pro
835 3807 975 3883 utroque
998 3823 1043 3869 11.

192 3902 279 3967 Eum
302 3921 367 3965 non
390 3900 484 3966 unice
507 3905 675 3984 spectasse
698 3900 831 3966 missam
855 3899 916 3964 sibi
940 3899 1170 3984 applicandam
1193 3901 1323 3967 videtur
1345 3900 1429 3968 satis

104 3997 193 4058 certo
219 3991 349 4056 elucere
372 4010 414 4054 ex
433 3989 528 4055 modo
552 4010 615 4071 quo
639 3990 707 4072 egit
732 3994 766 4055 11
790 4010 832 4054 ex
855 3989 979 4054 motivo
1004 4011 1067 4071 quo
1092 3991 1208 4054 ductus
1233 3995 1292 4056 est.
1325 3989 1428 4055 Immo

104 4104 175 4148 cum
201 4081 242 4146 de
266 4079 338 4145 sola
361 4079 508 4146 oratione
532 4099 589 4162 pro
614 4100 650 4144 se
672 4079 838 4143 fundenda
855 4078 1018 4161 loquatur,
1043 4100 1107 4144 non
1125 4079 1299 4143 demissae
1323 4078 1427 4161 appli-

104 4172 244 4248 catione,
269 4170 310 4235 de
333 4169 394 4235 hao
417 4190 481 4235 non
498 4168 628 4235 videtur
651 4167 752 4232 fuisse
775 4167 935 4234 sollicitus
952 4188 1089 4249 eamque
1105 4167 1242 4232 liberam
1258 4166 1428 4248 reliquisse

104 4259 294 4327 celebranti.

191 4355 413 4425 Nihilominus
437 4376 509 4420 oum
533 4376 575 4420 ex
599 4376 663 4420 una
686 4360 781 4439 parte
804 4353 925 4436 integri
956 4352 1080 4418 reditus
1111 4373 1168 4434 pro
1193 4351 1293 4415 solius
1317 4372 1428 4416 acces·

104 4448 179 4515 serii
203 4444 327 4513 laboris
351 4443 612 4510 remuneratione
636 4443 809 4510 videantur
833 4443 931 4519 nimii,
957 4464 998 4506 ex
1015 4441 1121 4507 altero
1144 4440 1286 4524 partein
1310 4440 1426 4504 funda-

103 4539 190 4605 tione
214 4537 391 4603 missarum
403 4542 633 4618 praes-amator
647 4533 786 4599 intentio
802 4531 996 4606 fundatoris,
1021 4534 1057 4595 ut
1080 4529 1200 4593 missae
1223 4528 1427 4612 applicentur

102 4650 158 4712 pro
183 4649 220 4694 se
244 4625 300 4692 vel
323 4623 365 4688 ad
396 4645 488 4689 suam
518 4622 749 4701 intentionem,
781 4623 822 4688 ab
853 4622 914 4686 hac
944 4617 1125 4684 voluntatis
1155 4617 1426 4748 interpretatione

1186 4723 1201 4775 9
