3044 5174
157 257 224 322 352
303 272 304 275 ’
615 253 820 309 Sacramentum
839 254 1031 324 paenitentiae.

150 430 282 497 vmilitas
311 431 461 516 probatio
494 433 561 507 est,
595 452 637 496 ex
668 453 733 514 qua
765 453 846 499 vera
875 454 896 499 a
923 433 1011 500 falsa
1041 432 1220 500 sanctitate
1252 432 1481 517 distinguatur.

156 520 266 598 Quare
289 520 318 585 si
340 525 517 606 praetensa
540 520 626 586 dona
640 521 702 587 Dei
719 522 893 588 monialem
916 523 1006 589 illam
1029 522 1171 589 reddant
1193 524 1381 607 superbam,
1405 524 1482 592 satis
1514 594 1516 600 ,

156 613 250 676 certo
280 609 343 675 dici
374 611 471 674 debet
501 609 617 676 adesse
647 610 830 677 illusionem
860 611 930 677 sive
960 611 1136 697 apropria
1165 611 1343 697 phantasia
1373 613 1483 680 sivea

156 699 317 765 daemone
341 699 531 766 excitatam.

228 908 337 975 POST
361 909 630 977 DIUTURNAM
654 909 796 976 VITAM
820 909 1025 977 SANCTAM
1049 910 1213 977 Missas
1236 910 1415 979 LAPSUS.

713 1076 823 1143 (lasus.
842 1083 919 1152 (181)

245 1216 366 1292 Agatha
386 1216 436 1293 pia
456 1215 576 1286 mulier,
606 1215 806 1290 singularibus
827 1216 884 1276 Dei
904 1216 1041 1276 donisel
1028 1220 1129 1291 ttgra
1116 1216 1167 1275 tiis
1189 1216 1311 1281 dotata
1340 1216 1479 1294 paulatim

155 1296 215 1354 sibi
235 1296 323 1355 nimis
343 1296 437 1355 fidens
458 1296 565 1354 misere
586 1296 672 1372 lapsa
700 1296 860 1354 carnaliter
880 1301 1003 1373 peccat,
1033 1301 1122 1372 atque
1149 1296 1247 1354 famae
1276 1295 1480 1356 dettimentnm

155 1377 265 1435 timens
285 1395 339 1453 per
359 1395 476 1435 menses
490 1375 650 1451 sacrilegia
664 1376 830 1451 sacrilegiis
845 1381 951 1451 auget:
974 1341 1042 1434 diun
1055 1377 1175 1435 tandem
1188 1375 1317 1453 publicis
1331 1377 1480 1436 exercitiis

154 1456 289 1515 excitata
303 1461 414 1514 statum
444 1475 529 1515 suum
560 1456 718 1533 deplorans
749 1456 933 1515 confessario
964 1456 1069 1532 aperit.
1112 1454 1168 1526 Qui
1197 1456 1302 1533 lapsus
1332 1457 1478 1550 profundi·

155 1541 249 1595 tatem
270 1556 306 1595 ex
328 1537 457 1613 priorum
472 1536 530 1595 Dei
551 1536 692 1595 donorum
713 1536 917 1628 magnitudine
931 1537 1093 1595 aestimans
1108 1537 1276 1595 confessam
1290 1537 1479 1614 poenitentiis

155 1617 296 1694 opprimit
316 1623 405 1692 atque
425 1616 456 1674 in
477 1635 615 1690 magnam
637 1616 745 1675 conicit
766 1616 857 1674 animi
878 1616 1080 1676 deiectionem

156 1697 335 1769 Qussarrua
356 1701 385 1754 1⁰
405 1696 548 1772 quomodo
569 1696 734 1772 generatim
753 1697 928 1757 tractandus
942 1697 991 1768 sit,
1013 1696 1062 1773 qui
1082 1703 1151 1774 post
1164 1697 1258 1757 vitam
1272 1697 1323 1757 diu
1337 1698 1478 1774 integram

408 1782 560 1853 peractam
581 1777 687 1836 misere
708 1778 834 1837 labatur.
1508 1835 1512 1895 Ι

353 1876 383 1935 2ο
403 1875 471 1952 quid
492 1875 524 1933 in
545 1875 644 1952 specie
665 1876 701 1934 de
722 1876 843 1952 Agatha
864 1876 986 1952 eiusque
1014 1875 1197 1935 confessario
1225 1875 1417 1936 iudicandum
1437 1883 1479 1936 sit·

751 2062 886 2130 Solutio.

92 2224 146 2278 618
245 2204 575 2279 ltnorrsnsrrnnl¹1¹
600 2203 637 2268 R.
666 2206 695 2268 1.
742 2201 945 2268 contendere
969 2203 1098 2284 quidem
1130 2201 1228 2267 debet
1251 2202 1478 2282 confessarius,

87 2354 90 2362 .
155 2291 231 2357 ut
223 2313 267 2365 rs,
299 2292 354 2373 qui
382 2297 459 2377 post
487 2291 651 2357 fervorem
681 2291 816 2376 spiritus
846 2296 881 2357 et
910 2291 1013 2357 vitam
1044 2294 1191 2357 sanctam
1222 2291 1342 2358 misere
1371 2293 1511 2396 lapsus·

154 2380 264 2458 fucrit,
289 2402 354 2446 non
378 2382 483 2447 solum
506 2380 660 2464 simplicit
661 2401 697 2444 er
720 2380 761 2446 ad
785 2383 909 2447 statum
933 2385 1010 2463 grat
1011 2381 1062 2446 iae
1085 2380 1213 2458 redeat,
1238 2381 1359 2447 sedut
1344 2383 1477 2448 tetiam

154 2469 196 2535 ad
220 2469 304 2553 prist
304 2470 393 2534 inum
409 2470 574 2535 fervorem
591 2472 724 2534 revocet
725 2491 773 2535 ιιι.
806 2469 897 2547 Quod
919 2469 1017 2551 longe
1039 2469 1203 2535 difficilius
1225 2474 1278 2536 est
1293 2470 1381 2554 apud
1398 2493 1477 2549 eum,

153 2558 210 2640 qui
231 2561 389 2644 paulatim
412 2564 584 2643 tepescens
608 2557 735 2623 demum
761 2558 802 2623 ad
832 2579 967 2641 gravem
990 2559 1117 2641 lapsum
1147 2559 1354 2643 pervenerit,
1386 2582 1477 2642 quam

153 2648 242 2731 apud
266 2668 339 2712 eum
363 2647 418 2730 qui
440 2649 545 2712 subita
570 2656 596 2712 et
620 2649 789 2712 vehementi
811 2651 981 2712 tentatione
1003 2647 1104 2713 fuerit
1127 2651 1313 2732 superatus,

244 2754 283 2819 R.
309 2756 339 2820 2.
385 2754 548 2839 Imprimis
571 2760 681 2820 autem
705 2753 863 2820 eiusmodi
886 2754 981 2818 homo
1011 2753 1205 2820 animandos
1232 2757 1351 2820 estne
1375 2758 1478 2821 animo

153 2841 281 2908 deiecto
306 2842 439 2910 virtutis
463 2843 620 2909 exercitia
644 2843 803 2909 fastidiat.
836 2843 869 2908 si
893 2846 1004 2908 autem
1019 2843 1081 2908 sibi
1098 2843 1228 2925 quidem
1242 2844 1382 2910 multum
1400 2845 1477 2910 diffi-

154 2932 251 3009 dens,
283 2936 319 2998 at
349 2953 503 3014 magnam
525 2932 559 2996 in
582 2932 643 2997 Dei
667 2932 920 2996 misericordiam
949 2932 1067 2998 fiducia
1090 2937 1220 2998 erectus
1249 2931 1350 2999 fuerit
1374 2935 1478 2999 -ad

152 3021 240 3103 quod
255 3041 336 3088 sane
350 3021 444 3088 iuvat
459 3021 680 3105 perpendisse,
698 3042 796 3103 quam
811 3021 990 3086 liberaliter
1003 3022 1091 3085 Deus
1107 3021 1149 3086 ad
1165 3021 1413 3087 conversionem
1429 3027 1478 3088 ut·

153 3131 292 3192 cumque
303 3110 423 3176 seriam
436 3131 563 3175 ornnem
577 3109 813 3175 sanctificantis
829 3110 958 3191 gratiae
975 3110 1066 3174 habit
1052 3115 1120 3174 tum
1133 3110 1230 3194 plene
1241 3116 1410 3178 restauret
1422 3136 1477 3176 —:

151 3199 316 3264 stimulari
332 3199 444 3281 utique
465 3203 647 3284 potest,ut
669 3220 755 3264 novo
778 3198 968 3263 ferveret
932 3202 968 3263 a
970 3219 1032 3280 que
1054 3199 1231 3265 maioribus
1258 3200 1478 3302 paenitentiae

153 3288 306 3371 operibus
329 3289 482 3354 damnum
498 3289 657 3354 resarciat
671 3292 708 3353 a
709 3309 772 3370 que
787 3309 830 3353 ex
845 3287 939 3370 lapsu
955 3309 1069 3353 ansam
1086 3293 1195 3354 sumat
1209 3289 1343 3354 maioris
1360 3291 1479 3357 sancti-

152 3377 214 3443 tat
190 3382 243 3443 trs,
291 3377 391 3453 Quo
383 3379 444 3460 igit
446 3400 484 3442 ur
430 3377 664 3444 teiusmodi
688 3378 783 3443 homo
811 3376 917 3442 minus
940 3377 1094 3460 proclivis
1125 3382 1176 3444 est
1162 3378 1241 3444 tad
1264 3379 1479 3462 pusillanimi·

153 3470 275 3542 tatem,
307 3488 345 3532 eo
368 3468 475 3533 acrius
506 3467 616 3548 urgeri
645 3471 756 3552 potest
786 3466 827 3532 ad
851 3466 964 3531 vivum
995 3467 1138 3532 dolorem
1169 3467 1418 3550 concipiendum
1448 3473 1480 3534 et

153 3556 424 3639 protrahendum
456 3578 519 3640 quo
543 3557 648 3638 magis
678 3559 789 3621 autem
813 3561 931 3623 natura
954 3556 1180 3639 pusillanimus
1203 3559 1270 3635 est,
1302 3578 1341 3623 eo
1376 3558 1480 3641 magis

154 3646 196 3709 ad
219 3666 372 3727 magnam
395 3667 486 3730 spem
510 3650 545 3711 et
567 3645 718 3711 fiduciam
743 3645 840 3710 debet
825 3644 953 3727 terigi.

89 3805 144 3858 619
243 3787 296 3850 An
326 3791 580 3863 (ιιιιιιειιιιιιι2111
610 3788 648 3853 R.
677 3792 704 3853 1.
752 3787 832 3852 Cum
855 3787 989 3867 Agatha
1020 3787 1143 3869 pudore
1176 3790 1209 3852 et
1239 3785 1359 3853 timore
1390 3788 1479 3854 victa

153 3876 218 3941 iam
243 3876 345 3941 multa
369 3876 541 3958 sacrilegia
564 3877 778 3953 cumulasset,
812 3876 854 3940 ad
877 3896 946 3940 rem
970 3896 1036 3940 non
1058 3880 1130 3941 erat
1154 3896 1225 3940 eam
1249 3876 1357 3958 magis
1381 3878 1480 3944 etiam
1518 3940 1521 3981 Ι

152 3964 351 4067 deprimere;
382 3967 541 4031 sedante
572 3965 679 4031 omnia
703 3965 878 4031 animanda
901 3968 991 4042 erat,
1022 3969 1148 4031 utnon
1173 3965 1382 4031 obstantibus
1405 3988 1481 4049 gra·
1519 3992 1521 3999 ¹

153 4054 296 4119 vissimis
325 4054 470 4138 peccatis
500 4075 653 4135 magnam
682 4054 872 4120 fiduciam
863 4076 897 4118 1n
920 4055 1025 4120 Deum
1056 4058 1090 4118 et
1113 4054 1232 4119 Christi
1260 4053 1381 4122 merita
1404 4077 1480 4121 con-

152 4144 286 4227 ciperet,
312 4163 396 4224 quae
419 4142 574 4209 infinities
597 4143 733 4208 crimina
757 4143 855 4209 etiam
873 4144 971 4225 longe
994 4144 1088 4226 plura
1104 4147 1138 4209 et
1154 4143 1280 4209 maiora
1304 4145 1477 4211 excedunt.

153 4233 260 4309 Quare
291 4232 406 4297 melius
436 4232 560 4313 egisset
589 4232 825 4310 confessarius,
859 4231 887 4296 si
920 4233 1123 4298 moderatam
1152 4232 1390 4316 paenitentiam
1421 4235 1479 4299 im·

152 4322 332 4405 posuisset,
364 4322 488 4386 addens
511 4321 637 4402 reliqua
660 4342 696 4387 se
719 4321 821 4405 ipsius
850 4322 952 4386 libero
977 4321 1111 4387 arbitrio
1142 4326 1242 4404 atque
1270 4343 1352 4405 erga
1376 4325 1478 4390 Deum

151 4411 343 4477 liberalitati
366 4411 550 4492 relinquere
575 4411 668 4476 velle.

242 4518 280 4584 R.
307 4522 336 4584 2.
384 4521 540 4585 Attamen
565 4540 606 4583 ex
630 4518 734 4583 altera
758 4521 853 4601 parte
883 4517 983 4584 etiam
1007 4538 1124 4581 cavere
1148 4517 1289 4584 debebat
1313 4520 1480 4587 confessa-

152 4607 230 4684 rius,
247 4629 287 4671 ne
304 4609 437 4689 Agatha
452 4609 580 4691 lapsum
596 4607 858 4691 parvipenderet,
881 4608 938 4671 sed
955 4606 1084 4671 omnino
1101 4606 1283 4673 inducenda
1300 4630 1343 4675 ne
1359 4610 1481 4676 sineret
