3044 5174
146 248 187 313 70
473 246 513 303 De
531 265 569 304 aa.
588 249 805 305 eucharistia-
823 252 855 304 ut
872 252 1072 304 sacramentum
1091 251 1141 304 est.

83 424 132 479 121
234 412 272 479 R.
298 415 327 480 3.
364 414 398 480 Si
414 435 494 480 vero
517 414 632 482 mixtio
657 437 730 482 cum
753 415 853 482 secali
877 415 930 480 vel
955 415 1062 482 altera
1084 413 1193 500 specie
1208 419 1283 481 erat
1305 413 1471 491 notabilis,

145 502 284 568 materia
307 507 380 569 erat
403 505 457 569 vel
480 503 578 570 dubia
601 505 654 570 vel
679 509 768 572 certo
791 504 952 583 invalida;
977 503 1052 569 hinc
1074 502 1187 588 inepta
1209 504 1252 570 ad
1274 503 1472 570 sacrificium

144 591 276 657 dubium
308 592 551 675 complendum
586 615 688 676 quare
719 594 752 660 in
785 615 824 660 eo
854 614 949 671 casu,
983 593 1046 660 etsi
1078 593 1177 659 dubia
1206 597 1338 660 tautum
1371 592 1472 658 fuerit

143 681 298 758 materia,
322 680 465 748 Ascanio
488 702 554 748 non
576 682 669 750 licuit
692 704 765 750 eam
789 703 971 762 assumere,
1002 682 1070 760 sod,
1094 680 1315 766 melioraque
1339 687 1471 767 poterat

143 770 254 848 modo,
294 791 387 836 suam
422 771 555 838 missam
590 773 762 839 absolvere
796 777 831 839 et
865 770 1060 838 sacrificium
1097 771 1131 837 in
1166 793 1204 837 eo
1238 775 1330 838 statu
1367 792 1470 855 eaque

143 857 331 924 condicione
360 860 544 943 relinquere
575 862 687 928 debuit
717 882 780 944 quo
811 866 893 928 erat.
946 861 980 927 Si
1010 860 1112 942 igitur
1141 860 1303 927 Ascanius
1333 862 1471 926 recaredo

143 948 322 1032 assumpsit
351 949 523 1016 materiam
554 950 685 1016 dubiam
714 956 749 1018 et
778 951 819 1018 ob
848 951 932 1016 hanc
956 948 1117 1016 rationem
1146 950 1362 1017 condicioaotc
1395 971 1470 1014 con·

143 1036 303 1116 sacravit,
335 1038 420 1104 male
448 1039 533 1122 egit,
564 1061 637 1106 cum
668 1040 803 1107 deberet
832 1061 960 1106 omnem
991 1037 1270 1106 consecrationem
1299 1038 1469 1111 omittere;

143 1126 201 1192 sed
225 1126 448 1194 condicionate
471 1149 662 1194 consecrare
686 1129 807 1208 debuit,
831 1149 896 1194 non
920 1128 1083 1207 absolute,
1107 1127 1136 1194 si
1158 1127 1273 1194 hahuit
1295 1126 1469 1193 materiam

144 1219 285 1294 certam,
316 1236 359 1281 ex
388 1216 450 1282 hac
480 1238 581 1283 causa
611 1218 696 1300 quod
727 1218 766 1284 de
796 1218 948 1284 nullitate
978 1217 1095 1301 prioris
1126 1215 1382 1283 consecrationis
1406 1237 1469 1281 non

144 1306 328 1381 constabat,
345 1306 482 1372 secundo
494 1312 606 1374 autem
618 1328 812 1374 consecrare
824 1329 888 1372 non
904 1307 1006 1386 licuit,
1023 1307 1082 1372 sed
1096 1309 1227 1374 tantum
1242 1305 1277 1372 in
1294 1305 1470 1390 hypothesi

143 1395 229 1477 quod
261 1393 367 1478 prima
396 1394 468 1460 vice
498 1397 700 1462 consecratio
732 1396 831 1464 fuerit
859 1395 1004 1462 invalida
1033 1416 1092 1462 sou
1121 1397 1229 1480 nuda,
1261 1394 1355 1462 licuit
1385 1417 1469 1461 nunc

143 1485 272 1550 domum
296 1484 574 1551 consecrationem
596 1506 765 1570 peragere.

231 1581 271 1647 R.
296 1585 326 1648 4.
374 1581 486 1659 Quoad
517 1582 680 1650 defectum
704 1582 772 1648 vini
802 1581 951 1649 similiter
980 1581 1151 1649 dicendum
1178 1585 1239 1649 est.
1285 1581 1325 1647 In
1354 1603 1420 1665 quo
1443 1581 1469 1648 si

143 1670 292 1737 defectus
315 1669 483 1737 oriebatur
505 1694 548 1737 ex
563 1671 631 1737 vini
654 1673 861 1756 corruptione
884 1693 942 1737 seu
961 1671 1156 1748 acescentis,
1180 1691 1244 1737 non
1260 1691 1303 1736 ex
1319 1691 1359 1737 eo
1384 1672 1469 1755 quod

142 1761 215 1825 loco
232 1759 299 1825 vini
322 1759 405 1826 alius
428 1761 525 1845 plane
548 1760 655 1844 liquor
670 1765 858 1846 assumptus
873 1765 955 1839 erat,
979 1761 1076 1827 valde
1100 1759 1212 1827 dubito
1236 1782 1313 1826 num
1337 1759 1468 1826 dubium

143 1848 277 1915 Ascanii
314 1848 362 1928 ita
399 1848 501 1916 fuerit
538 1850 712 1918 fundatum
746 1854 783 1916 ut
821 1850 861 1915 de
895 1850 1008 1915 valore
1043 1849 1297 1917 consecrationis
1336 1850 1470 1936 legitime

144 1938 325 2015 dubitaret3
361 1959 438 2004 nam
470 1942 507 2004 ut
542 1939 669 2007 desinat
703 1961 775 2006 esse
808 1938 936 2018 vinum,
972 1961 1036 2005 non
1069 1938 1191 2005 sufficit
1225 1937 1337 2022 aliqua
1369 1939 1468 2006 etiarn

143 2026 318 2095 notabilior
341 2028 537 2108 arescentia,
561 2029 619 2095 sed
643 2029 772 2095 omnino
796 2049 935 2112 magnus
958 2029 1081 2111 gradus
1104 2027 1290 2112 requiritur.
1308 2065 1353 2076 —
1378 2027 1467 2107 Quod

142 2118 246 2183 multo
269 2115 375 2198 magis
405 2118 582 2184 observare
613 2117 740 2197 debuit,
772 2117 849 2200 quia
871 2117 983 2184 vinum
1006 2139 1048 2182 ex
1079 2137 1227 2202 caupona
1250 2116 1391 2184 allatum
1414 2117 1467 2183 vix

143 2209 216 2272 erat
239 2204 393 2273 securius.

231 2303 270 2369 R.
297 2306 325 2370 5.
362 2305 464 2370 Immo
488 2304 521 2368 in
544 2303 709 2371 hodiernis
724 2304 965 2371 condicionibus
980 2304 1142 2383 existimo,
1166 2303 1228 2369 nisi
1244 2325 1349 2388 caupo
1365 2305 1468 2389 possit

143 2397 233 2458 certo
250 2393 346 2457 fidem
363 2393 441 2459 dare
457 2392 568 2459 vinum
585 2415 679 2459 suurn
695 2415 768 2459 esse
783 2415 862 2459 vere
879 2395 919 2459 de
931 2393 999 2459 vite
1015 2392 1279 2460 substantialiter
1292 2393 1466 2476 integrum,

142 2487 272 2548 tautum
296 2482 609 2548 exsistere'dubium
635 2484 675 2548 de
691 2484 804 2549 valore
827 2483 985 2549 eiusmodi
1007 2481 1085 2560 vini,
1109 2486 1233 2549 utnon
1256 2482 1359 2550 liceat
1382 2483 1417 2549 in
1431 2504 1467 2550 eo

143 2591 344 2648 consecrare,
370 2575 469 2653 atque
491 2570 525 2637 in
542 2594 619 2638 casu
644 2572 731 2638 dubii
755 2572 858 2639 nostri
874 2571 1007 2638 Ascanii
1031 2571 1210 2638 consultius
1233 2570 1347 2651 fuisso,
1372 2572 1466 2639 immo

143 2659 375 2743 obligationem
399 2681 477 2739 rem,
503 2665 644 2739 uteret,
669 2662 862 2744 relinquere,
887 2683 950 2726 non
967 2683 1045 2727 vero
1070 2659 1167 2726 dubio
1191 2660 1324 2727 dubium
1348 2662 1467 2729 addere

142 2771 200 2815 seu
225 2749 501 2816 consecrationem
526 2751 645 2836 duplici
670 2750 766 2816 dubio
789 2750 967 2816 involvere.

505 2941 707 3007 MATERIA
730 2941 778 3007 IN
802 2940 1109 3008 NECESSITATE.

710 3089 821 3156 casua.
841 3096 899 3164 (34)

231 3231 426 3291 Sebastianus
447 3230 594 3306 parochus
616 3249 682 3288 cum
704 3236 751 3288 sat
773 3250 879 3305 magno
894 3249 1015 3289 numero
1037 3230 1283 3306 parochianorum
1298 3232 1466 3308 peregrina·

141 3310 251 3369 tionem
267 3312 303 3369 ad
318 3317 431 3370 certum
446 3310 648 3369 sanctuarium
662 3309 802 3378 instituit,
825 3311 875 3370 ubi
890 3329 991 3370 omnes
1008 3315 1112 3386 optant
1126 3330 1212 3369 sacro
1227 3310 1383 3372 interesse.
1412 3312 1465 3371 Sed

142 3391 225 3450 deest
239 3391 324 3467 panis
340 3397 369 3450 et
379 3391 480 3450 vinum
495 3410 548 3467 pro
563 3389 719 3450 sacrificio.
750 3390 935 3450 Solummodo
950 3390 1142 3449 inveniuntur
1156 3390 1289 3461 orbiculi,
1304 3393 1411 3468 quibus
1425 3393 1465 3451 uti

142 3471 239 3530 solent
260 3472 296 3529 ad
318 3471 492 3547 sigillandas
513 3471 646 3541 litteras,
677 3474 707 3529 et
728 3470 840 3547 aliquot
865 3491 940 3530 uvae
961 3476 1102 3530 maturae.
1145 3470 1340 3531 Sebastianus
1363 3474 1465 3532 statuit

142 3570 299 3610 assumere.
314 3571 402 3610 unam
431 3571 469 3610 ex
496 3551 555 3610 illis
578 3549 734 3621 orbiculis,
764 3557 794 3610 et
821 3551 909 3611 unius
937 3571 1012 3611 rivae
1034 3570 1154 3610 succum
1182 3551 1348 3628 exprimere
1370 3553 1401 3613 in
1422 3573 1466 3613 ca·

141 3631 236 3701 licem,
259 3651 315 3708 quo
335 3631 436 3709 populi
458 3630 608 3690 devotioni
629 3630 805 3691 satisfaciat.

142 3744 319 3816 Quaeramus
342 3746 371 3804 1⁰
392 3764 462 3804 num
482 3749 564 3804 recte
586 3744 781 3804 Sebastianus
804 3746 906 3821 egerit.

342 3836 372 3893 2⁰
393 3835 478 3910 quid,
507 3833 532 3893 si
553 3833 632 3892 inter
653 3833 877 3909 peregrinantes
898 3835 1003 3910 aliquis
1024 3834 1213 3894 succubuerit
1234 3840 1264 3893 et
1283 3835 1316 3893 in
1337 3835 1467 3913 periculo

389 3914 493 3974 mortis
514 3913 656 3972 viaticum
678 3915 778 3990 cupiat
799 3914 938 3991 recipere.

736 4096 870 4163 Salutio.

81 4244 130 4297 122
229 4238 282 4304 Ao
306 4259 497 4315 ouaesrrou
517 4244 553 4303 1ΠΙ
569 4239 608 4305 R.
629 4243 655 4305 1.
693 4238 784 4315 Quod
799 4239 943 4323 pertinet
960 4240 1001 4305 ad
1017 4240 1178 4305 orbiculos
1193 4241 1267 4307 illos
1283 4241 1467 4325 sigillandis

142 4328 261 4394 litteris
294 4327 491 4406 destinatos,
523 4329 551 4393 si
581 4328 704 4394 fuerint
736 4329 844 4394 colore
875 4329 985 4406 tincti,
1018 4333 1113 4395 erant
1142 4330 1202 4395 hoc
1232 4331 1303 4415 ipso
1327 4333 1466 4399 matema

143 4418 239 4482 dubia
272 4439 310 4483 ac
344 4417 437 4500 proin
472 4417 620 4498 graviter
652 4417 775 4485 illicita.
828 4419 918 4483 Idem
955 4419 1019 4494 dic,
1056 4419 1102 4494 si,
1138 4425 1313 4503 utcumque
1346 4421 1467 4489 fuerint

143 4506 298 4583 coniecti,
329 4528 393 4571 non
426 4511 498 4573 erat
530 4511 626 4572 extra
659 4508 790 4572 dubium
820 4507 961 4590 positum
995 4529 1069 4574 num
1098 4507 1219 4575 fuerint
1251 4510 1395 4579 confecti
1427 4533 1465 4578 ex

143 4595 373 4661 farinatritici
398 4617 439 4660 an
463 4616 630 4678 pomorum
656 4596 870 4662 terrestrium.
