3044 5174
311 310 437 365 Minister
455 311 555 382 pasuit.
575 339 609 348 -
628 311 687 364 sius
705 311 864 380 approbatio
883 313 912 364 et
929 309 1088 365 iurisdictio.
1296 312 1364 377 245

70 487 139 553 ssio
163 486 266 553 fuerit
289 486 390 565 iacta,
415 487 569 569 quamdiu
591 487 711 553 notitia
735 487 814 553 data
829 491 971 565 nonest,
995 486 1077 553 baec
1100 486 1266 554 concessio
1283 485 1363 550 nihil

70 580 208 653 eratum
239 579 392 658 essetque
422 576 554 660 reipsa
584 576 684 643 etiarn
707 598 760 642 res
790 577 933 660 periculo
963 577 1077 661 plena,
1108 576 1137 642 si
1159 577 1207 642 ita
1231 574 1365 660 procedi

70 671 166 742 sset,
200 671 238 733 ut
268 666 435 732 sufficeret
467 666 655 732 coniectura
688 666 857 732 moraliter
886 672 978 733 certa
1010 667 1050 732 de
1080 665 1290 732 concessione
1320 684 1365 730 ex

70 759 129 822 ‚rte
153 754 331 838 superioris
355 755 442 821 data.

122 843 344 910 Nihilominus
368 844 539 911 etiamtum
561 844 770 929 probabiliter
792 843 955 912 absolutio
979 844 1107 910 valeret
1131 844 1171 909 ob
1191 841 1362 908 ecclesiam

88 955 204 999 errore
228 934 390 999 communi
413 932 627 1017 probabiliter
649 933 865 1018 supplentem.

398 1123 675 1190 APPROBATIO
700 1123 1004 1191 REGULARIUM.

594 1290 704 1356 Casus.
724 1298 800 1367 (raa)

121 1432 239 1492 Exorta
260 1430 464 1490 controversia
485 1430 564 1489 intur
585 1429 755 1508 episcopum
777 1435 808 1490 et
827 1429 998 1506 regulares,
1025 1430 1075 1489 ille
1096 1429 1146 1507 qui
1166 1434 1257 1490 antea
1277 1449 1365 1505 regu·

70 1513 146 1573 nbus
175 1511 311 1571 omnibus
339 1511 396 1571 sibi
417 1531 435 1569 a
456 1511 607 1588 superiore
636 1512 837 1587 praesentatis
866 1511 930 1570 sins
958 1510 1094 1570 examine
1116 1510 1238 1570 dederat
1259 1529 1364 1587 appro-

70 1593 200 1662 donem,
222 1613 301 1651 nunc
321 1590 588 1669 praetensionibus,
610 1609 683 1667 quas
705 1597 805 1668 putat,
829 1611 929 1651 eorum
950 1591 1121 1667 indignatus
1142 1591 1173 1650 in
1193 1590 1246 1650 illa
1266 1591 1366 1661 domo,

70 1694 120 1732 lam
142 1673 281 1749 opinatur
303 1692 369 1731 esso
383 1672 483 1731 sedem
497 1672 682 1748 querelarum
698 1678 802 1731 contra
824 1691 865 1744 se,
888 1673 1023 1731 omnibus
1038 1670 1243 1731 sacerdotibus
1258 1690 1365 1748 appro-

70 1755 184 1813 .tiouem
206 1753 318 1823 aufert3
341 1752 462 1827 reliquis
482 1752 605 1810 mandat
625 1758 659 1810 ut
673 1752 751 1811 infra
765 1752 894 1811 triduum
909 1751 1039 1811 examini
1060 1772 1092 1811 se
1111 1751 1268 1821 subiciant,
1291 1751 1362 1811 alio·

70 1834 104 1893 liu
130 1835 199 1911 ipso
228 1834 308 1892 iacto
338 1837 521 1891 cessaturam
551 1851 617 1891 esse
646 1832 904 1910 approbationem
933 1832 1024 1908 aliqui
1054 1851 1121 1892 sese
1148 1832 1366 1892 examinandos

70 1915 162 1974 larunt
182 1918 271 1988 atque
293 1913 329 1971 ad
351 1932 461 1971 annum
482 1915 692 1989 approbantur,
715 1919 841 1991 excepta
863 1913 1050 1972 confessione
1070 1912 1301 1989 peregrinorum.

70 2046 214 2087 uararrua
235 2028 264 2085 1⁰
285 2024 390 2102 quibus
405 2025 628 2085 condicionibus
643 2031 673 2086 et
687 2026 829 2086 limitibus
844 2026 1018 2104 approbatio
1040 2025 1243 2085 circumscribi
1256 2025 1362 2103 possit

236 2125 267 2182 2ο
287 2123 431 2199 quomodo
452 2124 608 2200 episcopus
629 2124 813 2198 regularium
831 2123 1073 2201 approbationem
1093 2123 1191 2201 possit
1211 2141 1362 2184 revocare.

236 2222 267 2281 3ο
287 2240 357 2280 num
378 2222 535 2300 episcopus
557 2222 721 2281 excesserit
741 2242 825 2283 suam
846 2227 1034 2300 potestatem.

631 2405 766 2473 Salutio.

121 2546 176 2610 An
207 2564 398 2620 ounnmrun
423 2547 461 2609 1³
490 2544 529 2612 R.
557 2547 585 2611 l.
632 2545 831 2631 Episcopus,
862 2545 890 2610 si
920 2545 990 2611 sine
1021 2545 1172 2612 examino
1200 2544 1426 2630 approbat425

70 2635 178 2717 iquem
202 2634 423 2711 sacerdotem,
454 2654 513 2718 pro
543 2633 679 2700 arbitrio
702 2656 761 2700 suo
792 2639 903 2720 potest
925 2635 1194 2718 approbationem
1218 2634 1362 2700 limitare

70 2723 77 2788 l
97 2729 238 2807 tempus,
264 2723 305 2788 ad
329 2727 454 2789 certum
477 2723 594 2802 locum,
619 2724 660 2788 ad
684 2728 792 2790 certas
815 2745 983 2809 personas.

122 2831 162 2897 R.
186 2833 216 2897 2.
249 2829 292 2907 Si,
318 2829 469 2895 examine
485 2831 584 2908 facto,
608 2831 750 2913 aliquem
766 2831 937 2915 approbat,
953 2830 1096 2897 limitare
1111 2833 1222 2915 potest
1241 2850 1362 2915 appro-

70 3029 81 3075 a
102 3008 278 3092 completa,
302 3012 340 3074 ui
362 3012 530 3074 mereatur·
552 3009 822 3093 approbationem
838 3011 1034 3088 absolutam,
1059 3009 1112 3079 vel
1135 3008 1164 3074 si
1186 3007 1361 3094 prudentia

88 3119 198 3164 moros
221 3119 286 3162 non
309 3097 432 3163 luerint
455 3098 551 3181 plene
574 3099 728 3181 probata;
752 3100 811 3165 sed
834 3099 934 3166 etiam
951 3120 993 3165 ex
1008 3119 1049 3165 ea
1063 3098 1201 3177 ratione,
1225 3119 1266 3163 no
1289 3102 1361 3163 stu·

70 3209 120 3254 um
144 3186 332 3269 theologiae
356 3187 490 3251 moralis
512 3187 718 3270 neglegatur.

120 3295 162 3360 R.
188 3296 218 3360 3.
264 3292 483 3358 Nihilominus
511 3293 617 3359 relate
647 3294 688 3359 ad
718 3294 909 3360 sacerdotes
936 3294 1107 3377 regulares
1136 3314 1200 3359 non
1229 3292 1363 3359 videtur

87 3383 226 3450 arbitrio
251 3382 393 3466 episcopi
417 3403 505 3460 esse,
530 3387 607 3466 post
630 3403 768 3448 examen
791 3383 1060 3467 approbationem
1084 3383 1302 3465 restringere,
1332 3381 1361 3447 si

94 3492 206 3538 mores
236 3472 303 3536 sint
331 3471 452 3553 integri
482 3474 517 3537 et
545 3472 684 3538 scientia
713 3472 863 3539 absolute
893 3473 1059 3538 sufficiens
1088 3472 1189 3538 fuerit
1217 3474 1359 3555 reperta.

70 3584 118 3628 am
144 3561 333 3626 Clemens
356 3561 386 3625 X
409 3561 441 3625 in
474 3566 577 3628 const.
604 3563 791 3646 ,Superna“
819 3582 975 3646 expresse
1006 3565 1132 3628 monet:
1171 3560 1261 3638 ,illos
1284 3561 1361 3627 reli-

70 3673 153 3718 osos.
178 3650 233 3731 qui
256 3650 299 3715 ad
322 3649 544 3716 confessiones
566 3650 745 3717 audiendas
761 3653 869 3717 idonei
881 3653 1073 3737 pecualiter
1087 3650 1210 3735 reperti
1226 3650 1359 3729 fuerint,
1429 3711 1433 3718 .

70 3775 72 3795 ›
96 3739 252 3824 episcopo
276 3739 476 3820 generaliter
492 3760 619 3822 quoque
636 3744 670 3807 et
684 3740 875 3806 indistincte
890 3741 1015 3823 absque
1031 3740 1141 3823 aliqua
1164 3740 1361 3806 limitatione

70 3828 192 3914 mporis
225 3832 453 3910 certorumque
484 3830 629 3894 locorum
662 3833 721 3896 aut
752 3830 883 3913 generis
914 3851 1128 3915 personarum
1160 3830 1194 3895 in
1228 3828 1361 3914 propria

70 3918 173 3986 ascesi
198 3917 447 3984 admittendos.“

120 4007 273 4074 Cet-erum
297 4007 443 4091 practice
465 4005 637 4089 religiosus
661 4010 751 4074 staro
767 4007 864 4073 debet
880 4006 1023 4093 episcopi
1039 4007 1168 4087 iudicio,
1193 4028 1266 4073 cum
1288 4006 1360 4092 ipse

70 4097 169 4174 sciat,
194 4118 270 4160 num
294 4096 493 4180 generaliter
515 4096 651 4176 idoneus
674 4096 718 4163 sit
740 4102 900 4181 repertus.

120 4222 175 4287 An
200 4240 392 4296 Quassrruu
408 4223 446 4284 2¹¹²
463 4221 501 4287 R.
530 4225 558 4288 1.
590 4219 650 4297 Qui
673 4218 744 4284 sino
767 4219 918 4286 examine
945 4221 1005 4299 ,ad
1022 4219 1210 4287 arbitrium“
1239 4239 1357 4302 appro·
1368 4239 1422 4294 426

71 4317 129 4379 tus
155 4313 216 4387 est,
241 4309 311 4375 sine
334 4331 420 4375 nova
444 4331 543 4375 causa
566 4309 608 4374 ad
633 4329 772 4374 examen
788 4309 899 4375 vocari
922 4314 1042 4395 potest,
1067 4309 1210 4392 alioquin
1233 4308 1357 4392 privari

70 4399 280 4486 probatione.
312 4399 401 4465 idem
425 4399 476 4465 dic
506 4399 546 4465 de
569 4419 608 4464 eo
631 4398 686 4481 qui
709 4399 916 4464 examinatus
939 4399 1040 4466 fuerit
1063 4420 1083 4465 a
1106 4399 1358 4483 praedecessore

70 4488 186 4571 iscopi.

119 4578 161 4644 R.
194 4580 224 4642 2.
271 4576 331 4654 Qui
362 4578 403 4643 ab
432 4577 503 4662 ipso
534 4576 686 4661 episcopo
717 4576 924 4644 examinatus
954 4580 989 4643 ei
1018 4576 1210 4661 simpliciter
1238 4597 1358 4661 appro-

70 4676 128 4740 tus
154 4670 222 4745 est,
255 4687 361 4750 neque
384 4667 426 4732 ad
450 4687 588 4732 examen
612 4665 761 4732 revocari
783 4685 889 4748 noque
911 4665 1148 4750 approbatione
1170 4665 1294 4751 privari
1317 4666 1358 4732 li·
