3044 5174
153 278 197 342 80
481 276 521 331 De
539 295 576 332 ss.
595 277 759 334 eucharistia
776 307 814 318 —
831 282 862 334 ut
880 283 1080 334 sacramentum
1098 283 1148 334 est.

154 454 253 520 buere
282 458 433 538 possunt3
465 456 523 520 sed
556 461 593 522 ut
622 458 664 522 ad
694 462 847 539 aegrotos
876 454 1101 523 christifideles
1131 454 1300 535 deferant,
1331 452 1481 537 indigent

154 544 252 610 venia
273 544 407 628 parochi
435 545 487 609 vel
519 544 678 630 episcopi;
708 546 807 611 immo
830 545 859 611 si
887 544 958 611 sine
981 544 1138 610 eiusmodi
1162 544 1260 610 venia
1288 565 1333 614 ss.
1359 542 1479 609 eucha-

153 634 281 700 ristiam
305 655 364 717 pro
388 633 508 700 viatico
533 633 661 700 deferre
684 634 963 719 praesumpserint
985 655 1092 718 neque
1119 632 1300 699 necessitas
1323 631 1478 709 adiuerit,

154 722 522 789 excommunicationem
542 745 678 790 romano
700 724 845 808 pontifici
867 727 1073 790 reservatam
1088 723 1268 789 incurrunt.
1301 721 1350 789 cf.
1367 722 1478 788 Const

155 813 353 897 Apostolicae
375 812 470 879 Sedis
492 832 555 878 ser.
581 814 611 890 2,
636 811 654 894 ἓ
681 816 738 891 14;
768 813 823 879 lb.
848 835 889 879 m.
914 813 955 892 Η,
980 815 1056 881 962.

94 912 146 968 140
244 909 283 976 R.
309 913 339 976 4.
385 909 541 987 Diacono,
565 915 602 976 ut
625 910 724 976 liceat
746 933 789 977 ss.
814 909 1046 976 eucharistiam
1069 908 1274 989 distribuere,
1301 907 1481 991 requiritur

156 997 338 1064 commissio
362 1003 515 1082 exparte
538 1000 719 1066 sacerdotis
741 999 842 1078 facta,
867 1000 958 1064 cuius
979 999 1232 1066 instrumentum
1254 997 1301 1064 sit
1323 997 1480 1063 diaconus

155 1088 189 1152 in
211 1087 273 1152 hac
297 1086 442 1165 actione;
473 1108 574 1169 quara
603 1109 670 1154 non
697 1089 819 1155 sufficit
848 1087 1031 1155 commissio
1060 1091 1274 1173 praesumpta
1304 1107 1392 1170 quae
1415 1107 1480 1151 non

156 1181 208 1243 est
231 1197 311 1242 vera
326 1177 519 1254 commissio,
544 1177 629 1244 sicut
644 1183 756 1262 potest
771 1199 844 1243 esse
859 1177 1002 1257 licentia,
1025 1178 1083 1243 sed
1101 1176 1279 1260 requiritur
1294 1174 1480 1242 commissio

155 1265 273 1331 saltem
305 1265 408 1332 tacite
440 1269 538 1332 dota:
576 1267 719 1349 alioquin
753 1268 893 1333 habetur
926 1266 1096 1351 usurpatio
1130 1265 1253 1331 ordinis
1286 1264 1376 1330 sacri
1410 1263 1479 1332 scil.

155 1355 392 1439 presbyteralis
415 1355 467 1420 cni
490 1355 551 1420 soli
574 1356 730 1441 competit
760 1356 903 1422 facultas
926 1354 1141 1422 distribuendi
1162 1353 1397 1439 principaliter.
1433 1353 1481 1420 Ut

157 1448 268 1510 autern
291 1444 455 1510 sacerdoti
484 1444 582 1510 liceat
612 1445 748 1512 diacono
779 1445 1041 1511 distributionem
1071 1465 1114 1513 ss.
1138 1443 1358 1510 eucharistiae
1391 1463 1480 1508 com·

156 1533 298 1611 mittere,
323 1533 500 1615 requiritur
515 1534 626 1616 aliqua
648 1534 839 1613 necessitas,
863 1555 927 1599 non
950 1538 1062 1600 tamen
1077 1533 1200 1616 gravis.
1233 1532 1321 1599 Nam
1340 1531 1377 1597 iu
1399 1552 1481 1597 vera

157 1627 191 1689 et
213 1627 353 1705 urgente
382 1622 595 1701 necessitate,
627 1645 667 1688 ne
690 1624 764 1706 quis
787 1624 925 1690 decedat
955 1623 1025 1689 sine
1052 1622 1191 1701 viatico,
1223 1642 1263 1687 ne
1293 1621 1480 1689 commissio

157 1712 287 1794 quidem
311 1711 498 1777 necessaria
521 1717 582 1778 est.

246 1810 285 1875 ll.
300 1812 329 1875 5.
355 1808 529 1887 Diaconus,
548 1810 677 1892 quando
695 1809 724 1874 ei
737 1810 910 1875 commissa
927 1812 978 1874 est
989 1830 1032 1875 ss.
1047 1808 1264 1875 eucharistiae
1281 1806 1479 1886 distributio,

157 1898 276 1964 stolam
309 1898 439 1980 quidem
471 1919 561 1964 more
593 1898 803 1964 diaconorum
834 1902 968 1982 gestare
999 1898 1115 1974 debet;
1152 1898 1192 1963 de
1224 1902 1335 1964 cetero
1369 1900 1479 1963 autem

157 1987 256 2053 ritum
280 2008 407 2052 omnem
424 1992 522 2069 atque
539 1987 797 2054 benedictionem
813 2009 886 2053 cum
910 2008 954 2054 ss.
970 1990 1177 2053 sacramento
1192 1987 1351 2071 perficere
1372 1985 1479 2064 debet,

157 2081 194 2143 ut
216 2078 286 2160 ipse
309 2077 472 2154 sacerdos,
496 2078 674 2142 secuudum
690 2076 830 2143 ltitualis
851 2075 1071 2161 praescripta:
1096 2074 1203 2160 excipi
1221 2078 1334 2141 tamen
1350 2073 1480 2142 videtur

156 2165 339 2231 benedictio
363 2186 460 2248 quam
476 2166 630 2231 sacerdos
646 2187 744 2232 manu
765 2165 844 2231 dare
859 2167 954 2243 solet,
979 2164 1107 2247 quando
1124 2165 1157 2230 in
1173 2163 1312 2231 ecclesia
1327 2163 1478 2230 fidelibus

157 2277 200 2321 ss.
232 2255 461 2321 eucharistiam
492 2277 557 2319 non
586 2255 673 2320 infra
701 2254 834 2320 missam
863 2255 1075 2322 distribuerit.
1123 2253 1171 2323 Cf.
1195 2256 1290 2338 Reap.
1315 2254 1350 2319 S.
1377 2254 1412 2320 0.
1437 2253 1479 2319 od

158 2348 214 2409 vic.
238 2367 290 2429 cp.
320 2345 453 2410 Toolcin.
477 2345 648 2426 occident.;
674 2345 730 2411 Po.
754 2367 795 2411 m.
820 2344 861 2422 ΙΙ,
888 2347 962 2411 140.

99 2473 147 2526 141
247 2467 299 2531 Αι)
323 2487 514 2543 ourasrruu
538 2471 586 2533 2⁰³.
634 2467 685 2532 Ad
713 2471 855 2553 primum
886 2488 999 2533 casum
1021 2467 1060 2533 R.
1088 2469 1116 2534 1.
1163 2465 1373 2532 Reccaredus
1396 2464 1478 2531 male

158 2555 322 2621 intellexit
344 2577 438 2621 suam
461 2559 661 2640 potestatem
685 2561 719 2623 et
742 2557 861 2633 timuit,
886 2557 940 2622 ubi
963 2561 1118 2622 nouerat
1140 2555 1248 2623 timor.
1288 2553 1477 2621 Gommissio

158 2645 337 2711 sacerdotis
361 2645 474 2726 utique
497 2645 675 2728 requiritur
697 2645 731 2710 in
754 2645 920 2712 ordinaria
942 2645 1140 2712 necessitate
1164 2643 1216 2711 vel
1235 2643 1269 2709 in
1292 2641 1476 2712 rationabili

158 2734 361 2799 incommodo
385 2755 449 2816 quo
473 2735 625 2800 sacerdos
648 2735 718 2818 ipse
733 2734 944 2818 impediatnr;
969 2734 1026 2800 sed
1047 2735 1081 2799 in
1097 2754 1175 2800 casu
1198 2732 1321 2811 viatici,
1348 2732 1405 2799 ubi
1428 2733 1477 2798 lex

159 2824 268 2889 divina
292 2823 468 2888 sumendae
492 2823 708 2890 eucharistiae
732 2828 842 2906 urget,
874 2824 980 2907 magis
1003 2823 1103 2890 etiam
1127 2822 1257 2906 qnando
1279 2822 1477 2906 impossibile

159 2913 221 2979 erit
244 2912 434 2977 moribundo
458 2912 524 2978 alia
539 2915 747 2978 sacramenta
762 2913 917 2997 recipere,
940 2934 1006 2978 non
1024 2913 1129 2978 solnm
1144 2912 1262 2996 potuit,
1286 2912 1346 2977 sed
1371 2910 1477 2978 debuit
1517 2946 1521 2963 ,

159 3023 202 3068 ss.
227 3001 458 3067 eucharistiam
490 3002 531 3067 ad
561 3001 787 3067 moribundum
819 3002 956 3067 deferre.
1004 3002 1053 3067 Re
1082 3001 1185 3084 igitur
1216 3000 1382 3067 obiective
1404 3021 1476 3066 con·
1521 3043 1522 3046 =

159 3092 304 3157 siderate
326 3090 475 3174 graviter
498 3090 601 3157 defuit
624 3090 731 3156 officio
754 3112 823 3157 suo.
870 3092 926 3160 lb.
948 3114 989 3157 m.
1014 3090 1055 3168 Il,
1079 3112 1110 3156 n.
1137 3093 1217 3168 1353
1241 3089 1358 3156 Marc
1385 3091 1475 3155 1535.

247 3189 285 3255 R.
311 3192 340 3254 2.
388 3187 425 3252 In
449 3209 526 3253 casu
542 3188 720 3272 proposito,
746 3210 809 3270 quo
825 3188 1032 3254 Reccaredns
1053 3187 1178 3254 moveri
1200 3208 1264 3253 non
1288 3191 1423 3271 poterat
1444 3189 1476 3251 ut

160 3279 336 3361 deponeret
359 3277 561 3360 scrupulum,
596 3282 675 3360 puto
698 3278 998 3361 reprehendendum
1021 3298 1085 3342 non
1108 3297 1181 3343 esse
1203 3275 1371 3343 aedituum
1396 3275 1474 3358 quod

159 3368 228 3450 ipse
252 3367 384 3432 meliore
401 3387 464 3448 quo
487 3371 600 3449 posset
615 3367 710 3431 modo
726 3366 917 3433 moribundo
940 3370 1155 3443 succurreret,
1178 3365 1323 3431 maxime
1339 3366 1367 3431 si
1386 3365 1475 3431 Gaius

159 3455 306 3520 sensibus
323 3455 500 3520 destitutus
523 3456 675 3521 adactus
696 3458 854 3541 proprios,
879 3455 1028 3522 caritatis
1045 3460 1078 3522 et
1101 3454 1316 3533 contritionis,
1343 3454 1474 3522 excitari

160 3567 222 3610 non
247 3550 368 3628 posset.
415 3544 508 3609 Alias
532 3545 672 3626 quidem,
696 3546 723 3610 si
747 3567 907 3610 summam
931 3544 1162 3611 necessitatem
1186 3543 1328 3629 excipis,
1352 3545 1475 3611 omnino

160 3639 211 3698 est
234 3638 349 3699 contra
371 3633 561 3699 hodiernam
586 3634 743 3700 ecclesiae
767 3634 981 3718 disciplinam,
1010 3638 1047 3700 ut
1069 3633 1172 3700 laicus
1195 3634 1248 3698 vel
1273 3633 1329 3716 qui
1352 3653 1474 3700 sacrum
1510 3700 1517 3709 ,

161 3724 351 3789 diaconatus
375 3723 520 3788 ordinem
544 3724 687 3789 nondum
710 3724 828 3798 habet,
860 3723 1092 3791 eucharistiam
1122 3723 1307 3790 distribuat.
1361 3724 1417 3789 rb.
1440 3745 1474 3787 m.

160 3812 200 3890 II,
229 3814 308 3888 1363
332 3814 443 3877 Marc
466 3812 487 3878 l.
513 3833 558 3886 c.;
584 3812 786 3896 Gasparri
809 3836 841 3880 n.
868 3816 963 3880 1080.

101 3920 150 3973 142
249 3910 301 3975 Ad
324 3911 496 3975 secundom
520 3931 632 3988 casum
655 3911 693 3976 R.
722 3915 749 3977 1.
796 3910 887 3987 Quod
914 3914 1022 3976 rector
1044 3908 1236 3977 monasterii
1258 3909 1474 3976 testimonium

160 3999 276 4064 medici
300 3999 488 4155 postulavith
503 4000 626 4082 scripto
591 4000 867 4065 texhibendum
890 3999 924 4064 in
940 3999 1103 4065 enarratis
1127 3997 1385 4066 circumstantiis
1407 4019 1476 4084 pru·

160 4089 240 4154 dens
263 4089 392 4170 quidem
416 4094 488 4155 erat
511 4094 588 4155 caut
574 4089 651 4165 tel,a
675 4090 702 4154 si
726 4090 821 4154 modo
836 4089 1016 4174 periculum
1032 4087 1223 4154 moribundo
1242 4108 1307 4153 non
1331 4089 1377 4155 sit
1393 4109 1476 4155 crea·

160 4184 230 4245 turn
262 4177 438 4242 decedendi
472 4177 542 4243 sine
574 4178 704 4245 viatico
751 4179 837 4244 Nam
870 4179 898 4242 si
928 4199 981 4243 res
1013 4178 1060 4243 ita
1090 4181 1178 4255 erat,
1148 4176 1326 4244 tdebuit
1353 4178 1476 4280 ineptas

161 4268 312 4348 querelas
335 4288 504 4368 spernens
536 4267 626 4332 salus
650 4268 734 4333 enim
763 4267 944 4332 moribundi
974 4288 1127 4351 suprema
1150 4225 1204 4331 ldx
1228 4270 1281 4332 est
1303 4287 1391 4349 quae
1412 4267 1475 4333 vin·

161 4379 235 4422 cere
259 4356 387 4422 debet
378 4378 507 4421 manem
531 4357 713 4422 timorem
705 4357 822 4422 rurium
845 4356 1065 4440 personalium
1088 4354 1327 4422 violandorum.

250 4455 287 4520 R.
314 4457 343 4520 2.
391 4454 557 4520 Parochus
581 4477 622 4520 au
624 4460 700 4533 tem,
726 4455 842 4536 quod
834 4476 905 4519 rura
929 4474 989 4519 sua
1005 4455 1096 4520 laesa
1118 4458 1178 4536 put
1164 4451 1250 4519 tavit
1273 4453 1477 4521 administra·

161 4545 249 4609 tione
265 4550 546 4610 sacramentorum
563 4566 643 4625 erga
658 4545 824 4609 alumnum
841 4545 1071 4621 convictorem,
1088 4542 1232 4608 excessit
1252 4541 1286 4607 in
1303 4544 1477 4611 adserendo

162 4634 230 4698 iure
261 4655 330 4701 suo.
377 4633 531 4717 Superior
560 4635 644 4698 enim
677 4633 877 4716 regularium
907 4654 1024 4697 munus
1054 4631 1355 4715 quasi-parochiale
1387 4635 1477 4701 habet
