3044 5174
146 259 188 324 90
661 253 701 308 Dc
720 271 757 309 ss.
777 255 950 311 eucharistia.

145 435 222 498 suut
251 431 649 588 circumstantia03q11tae
678 431 706 496 si
736 433 821 498 tales
850 437 927 499 sunt
957 438 992 500 ut
1022 455 1065 500 ex
1088 435 1207 502 omisso
1229 457 1327 503 sacro
1356 439 1463 521 gravis

145 521 286 605 suspicio
310 521 436 588 oritura
464 521 509 586 sit
539 526 615 588 cont
616 542 654 587 ra
677 522 904 605 Serapionem,
935 525 1061 607 peccati
1092 527 1241 591 accusari
1263 547 1330 592 non
1359 533 1464 613 potest

146 612 232 693 quod
255 609 480 677 celebraverit.

286 808 543 875 CELEBRANS
566 808 674 876 POST
698 808 931 875 PECCATUM
954 810 1049 876 NON
1073 810 1332 880 CONFESSUS.

710 973 821 1040 Casus.
840 981 898 1051 (46)

235 1115 390 1184 Sebaldus,
411 1114 534 1174 laxioris
555 1114 637 1174 vitae
658 1114 807 1184 sacerdos,
828 1115 919 1174 libros
941 1115 1111 1191 specialiter
1131 1116 1192 1177 aS.
1208 1116 1283 1178 Sede
1304 1117 1466 1195 prohibitos

147 1195 211 1254 sine
231 1195 333 1255 licent
311 1201 354 1254 tra
374 1196 456 1271 legit,
479 1215 544 1254 eum
566 1195 675 1254 ancilla
696 1195 833 1272 peccavit
854 1214 976 1271 eamque
991 1196 1159 1266 ιιιοΙιιι,
1150 1216 1272 1275 insuper
1293 1217 1396 1258 casum
1411 1198 1466 1276 epi·

147 1277 296 1352 scopalem
319 1277 469 1335 contraxit
457 1277 556 1335 tlusu
578 1275 770 1334 chartarum
762 1295 793 1332 ιι
816 1293 959 1352 caupona
986 1275 1071 1334 Nunc
1091 1295 1162 1336 vero
1176 1277 1270 1337 instat
1290 1277 1355 1338 dies
1376 1279 1514 1338 festus

121 1375 203 1431 ¹quo
225 1375 324 1415 coram
351 1356 459 1448 populo
488 1357 595 1414 debeat
622 1356 781 1414 celebrare.
823 1355 943 1414 Vicario
971 1375 1055 1448 quem
1084 1375 1182 1416 secum
1210 1358 1304 1419 habet
1333 1340 1514 1418 confiteri

147 1437 268 1510 gravius
291 1442 351 1496 est.
372 1436 493 1513 insuper
515 1455 580 1494 cum
601 1435 651 1494 ille
672 1454 732 1494 uon
753 1435 793 1493 sit
814 1435 948 1527 superior
962 1437 1011 1512 qui
1025 1456 1044 1495 a
1064 1437 1227 1496 reservatis
1247 1437 1315 1497 istis
1337 1439 1467 1516 peccatis

147 1517 302 1576 absolvere
323 1516 433 1594 possit,
466 1521 569 1575 censet
556 1515 653 1574 tsibi
674 1517 777 1574 deesse
800 1516 914 1592 copiam
943 1516 1118 1575 confessarii
1145 1523 1233 1593 atque
1261 1518 1327 1577 sine
1357 1519 1468 1578 conlea-

147 1595 230 1656 sione
251 1598 288 1655 ad
309 1598 352 1656 alt
339 1602 403 1656 tare
425 1596 548 1656 accedit.

147 1710 325 1781 Quanmrna
345 1714 375 1770 1⁰
396 1710 511 1786 quaudo
533 1714 655 1769 censeat
656 1729 691 1768 ur
643 1708 815 1768 tdcesse
839 1709 924 1786 copia
945 1709 1121 1770 confessarii
1142 1710 1186 1770 ita
1207 1716 1241 1771 ut
1268 1711 1335 1771 siue
1356 1714 1467 1772 confes·
1512 1784 1514 1789 Ι

394 1792 479 1850 sione
499 1790 621 1867 praevia
641 1789 732 1849 liceat
753 1790 911 1848 celebrare.

346 1890 377 1947 2ο
397 1889 475 1948 sitne
501 1908 557 1965 par
584 1887 717 1947 condicio
739 1887 803 1947 eius
824 1887 960 1979 quicum
987 1894 1112 1964 peccato
1141 1893 1296 1947 reservato
1317 1888 1384 1949 sine
1405 1909 1467 1949 con·

395 1970 557 2108 ιιῗιίειοιιΙ
548 1966 795 2027 celebraveritt
765 1973 795 2026 et
816 1969 880 2026 eius
901 1968 949 2042 qui
972 1967 1188 2028 confessust
1141 1973 1188 2027 est
1208 1969 1288 2045 apud
1308 1969 1467 2048 simplicem

395 2070 429 2109 co
464 2049 617 2109 essarium.

345 2150 376 2208 8⁰
365 2147 494 2224 οιιιιιι
486 2166 516 2206 ιι
538 2166 609 2206 casu
631 2151 699 2204 nost
700 2166 731 2204 ro
687 2144 879 2204 tSebaldo
901 2145 1027 2207 licuerit
1048 2145 1117 2221 quid
1137 2145 1314 2208 incubuerit
1508 2096 1513 2257 ι

1508 2260 1514 2345 l

715 2326 849 2394 Salutio.

86 2478 136 2532 159
235 2471 288 2536 An
312 2491 502 2547 Quassrrmr
528 2474 564 2534 1m
588 2470 626 2536 ll.
654 2473 682 2535 1.
729 2468 967 2544 Confessarius,
992 2468 1082 2534 cuius
1106 2468 1254 2534 defectus
1278 2475 1417 2537 excusat
1438 2469 1467 2534 ιι

147 2581 224 2625 casu
247 2559 455 2626 necessitatis
479 2581 499 2624 a
521 2558 763 2642 praemittenda
786 2578 880 2623 sacro
902 2557 1115 2634 confessione,
1140 2557 1346 2640 intellegitur
1362 2559 1467 2642 utique
1510 2600 1514 2635 .·

148 2654 337 2733 competens
360 2670 416 2713 seu
446 2647 474 2713 is
505 2648 558 2730 qui
588 2651 687 2734 possit
716 2647 896 2712 absolvere.
944 2647 1064 2711 Verum
1089 2646 1309 2712 necessarium
1333 2669 1400 2714 non
1422 2652 1467 2714 est
1509 2668 1514 2705 -·

147 2743 184 2805 ιι
214 2738 319 2822 possit
351 2738 522 2804 absolvere
551 2737 586 2801 vi
616 2736 759 2801 muneris
791 2735 958 2812 ordinarii,
991 2735 1113 2801 suflicit
1144 2735 1172 2801 si
1204 2736 1309 2820 possit
1341 2738 1377 2802 vi
1407 2738 1468 2821 pri·

147 2828 269 2910 vilegii.
1511 2888 1514 2893 .

236 2935 276 3000 ll.
308 2937 338 3000 2.
385 2933 491 3010 Quare
524 2932 577 3015 qui
608 2932 678 2997 sola
710 2937 846 3015 peccata
811 2934 1048 2997 treservata
1080 2930 1178 2997 habet
1209 2931 1413 3010 confitenda,
1445 2931 1467 2996 si

148 3024 241 3089 deest
264 3023 318 3106 qui
340 3022 553 3088 areservatis
577 3021 729 3087 absolvat
715 3027 858 3103 tneque
882 3041 924 3085 ax
948 3020 1033 3086 decr
1051 3021 1084 3085 S.
1103 3020 1210 3103 Officii
1233 3020 1468 3088 (1.ιι.231ιιιιι

150 3115 235 3178 1886
266 3113 437 3179 absolvere
466 3111 587 3196 possit,
618 3115 728 3193 potest
760 3131 832 3175 curn
856 3110 926 3175 sola
951 3113 1027 3174 cont
1029 3108 1056 3173 ri
1058 3109 1146 3174 tione
1170 3108 1211 3174 ad
1242 3109 1514 3209 celebrandum,

148 3202 318 3268 amissae
341 3200 545 3277 sacrificium,
571 3199 700 3282 quando
724 3219 856 3264 necesse
880 3202 931 3263 est
916 3198 1130 3274 t,celebrare
1155 3198 1322 3265 accedere.

237 3309 276 3375 R
294 3311 324 3375 3.
360 3307 419 3384 Qui
436 3328 515 3372 vero
532 3329 603 3372 cum
620 3305 799 3371 reservatis
821 3304 966 3389 peccatis
982 3304 1048 3369 alia
1070 3308 1207 3387 peccata
1229 3304 1349 3388 gravia
1364 3304 1467 3381 habet

149 3398 279 3465 videtur
302 3397 367 3463 salt
352 3401 419 3463 tem
450 3395 530 3462 haec
560 3417 618 3479 pos
620 3395 744 3462 teriora
766 3393 912 3460 confiteri
944 3395 1118 3459 deberet
1084 3393 1182 3458 etiam
1207 3393 1294 3476 apud
1319 3414 1394 3460 eum
1421 3394 1469 3476 qui

148 3509 184 3643 {111l
186 3486 585 3641 nlurrggnsoelgrtpotestatem
609 3484 718 3551 habet.
754 3484 786 3552 S.
803 3483 919 3567 Alph.
935 3483 992 3561 VI,
1018 3485 1099 3559 265;
1123 3481 1332 3548 nihilominus
1348 3483 1382 3549 id
1405 3504 1469 3548 cer
1504 3436 1514 3565 1

237 3684 276 3749 R.
302 3688 331 3748 4.
379 3681 439 3759 Qui
463 3686 572 3746 autem
596 3678 679 3746 satis
702 3700 836 3745 securus
859 3699 923 3744 non
948 3685 998 3745 est
1029 3678 1068 3743 de
1095 3678 1244 3760 perfecta
1266 3678 1468 3748 contritione,
1508 3718 1514 3727 ·

150 3794 191 3837 ex
210 3774 284 3849 ,hoo
315 3770 423 3855 capite
453 3775 489 3836 ut
519 3769 714 3836 restituatur
743 3773 918 3851 utcumque
950 3769 983 3832 in
1012 3769 1136 3833 statum
1169 3765 1298 3850 gratiae
1328 3767 1470 3835 confiteri

151 3862 264 3938 debet,
294 3860 406 3942 idque,
431 3860 460 3925 si
483 3862 620 3943 peccata
642 3857 759 3940 gravia
782 3862 857 3941 post
880 3857 1028 3924 ultimam
1052 3855 1288 3922 confessionem
1313 3856 1470 3922 commisit

150 3972 214 4016 non
230 3954 411 4027 reservata,
435 3950 517 4014 haec
533 3947 641 4013 omnia
657 3951 691 4013 et
707 3947 852 4028 singula;
877 3946 984 4012 sinon
1001 3945 1173 4022 commisit,
1197 3945 1316 4011 saltem
1334 3946 1469 4012 venialia

150 4040 202 4105 vel
227 4039 344 4123 gravia
366 4037 567 4124 praeteritae
589 4037 691 4103 vitae.
737 4037 769 4102 S.
794 4034 910 4119 Alph.
936 4035 1031 4113 ibid.;
1060 4037 1116 4101 ΤΙι.
1140 4057 1181 4101 ιι.
1206 4034 1248 4109 11,
1275 4037 1350 4102 153.
1504 4056 1514 4129 3

91 4170 140 4224 160
239 4162 293 4227 An
308 4160 600 4238 cnaasrruuPR.
632 4159 848 4241 Nequaquam
865 4159 898 4223 in
915 4158 1003 4224 omni
1021 4179 1099 4224 casu
1114 4157 1230 4222 similis
1248 4161 1300 4224 est
1319 4158 1469 4225 condicio.
1508 4220 1513 4225 .

150 4253 237 4318 Nam
261 4251 316 4334 qui
339 4249 509 4316 confessus
533 4250 719 4315 nullatenus
742 4253 810 4325 est,
841 4269 905 4312 non
928 4253 1038 4332 potest
1068 4248 1172 4312 denuo
1197 4247 1383 4324 celebrare,
1414 4245 1470 4315 eni

151 4342 308 4425 perdurat
343 4340 491 4405 defectus
524 4337 730 4413 confessarii,
767 4337 828 4401 nisi
863 4338 968 4403 denuo
1001 4337 1145 4419 adeoque
1180 4335 1319 4419 singulis
1352 4337 1470 4404 vicibus
1503 4360 1514 4437 j

151 4434 304 4497 occurrat
326 4429 516 4495 necessitas.
541 4462 584 4472 -
607 4427 668 4504 Qui
691 4449 769 4491 vero
794 4427 961 4491 confessus
985 4432 1037 4491 est
1064 4432 1097 4493 et
1121 4427 1396 4493 sacramentalem
1420 4427 1471 4492 ab·
1505 4448 1514 4507 '.

152 4520 345 4586 solutionem
380 4519 521 4602 recepit,
557 4537 754 4599 quamquam
788 4517 875 4581 circa
909 4520 1045 4599 peccata
1082 4519 1253 4581 reservata
1283 4517 1470 4583 indirectam
1507 4594 1511 4599 Ι

152 4619 284 4690 nunctum,
308 4608 438 4673 videtur
461 4629 520 4690 pro
541 4605 676 4672 arbitrio
694 4605 791 4671 etiam
816 4608 931 4688 postea
948 4605 1114 4670 celebrare
1136 4626 1243 4688 posse,
1267 4604 1296 4669 si
1319 4606 1472 4690 perdurat
1507 4682 1511 4741 Ι
