3044 5174
145 307 210 370 426
641 303 848 358 Sacramentum
865 300 975 357 ordinis.

144 499 224 563 pore
254 479 455 546 limationem
484 479 601 558 habet,
641 500 708 545 non
740 480 781 545 de
811 483 907 564 parte
938 478 1076 545 membri
1108 499 1194 561 quae
1225 478 1340 546 ablata
1382 500 1475 544 usum

144 567 281 634 membri
305 568 461 651 relinquit
484 568 748 635 substantialiter
761 569 932 636 intactum.
963 567 1068 651 Digiti
1083 567 1186 650 igitur
1200 567 1378 645 truncatio,
1403 590 1474 635 cum
1517 572 1520 577 '

145 656 190 723 sit
211 657 347 722 membri
370 661 502 725 tantum
523 679 611 742 pars,
634 657 914 740 irregularitatem
937 678 1003 724 non
1024 656 1160 724 inducit.

234 745 389 828 Alioquin
412 747 513 813 etiam
536 746 779 813 ecclesiasticae
800 767 928 830 poenae
949 745 1138 831 ignorantia
1160 746 1203 812 ab
1226 745 1474 828 irregularitate

145 836 279 902 Saulum
303 840 494 903 excusaret:
518 856 602 918 quae
624 839 747 914 tamen,
772 856 844 902 cum
867 835 901 901 in
923 836 996 902 foro
1019 840 1158 903 externo
1180 857 1247 901 non
1270 836 1472 912 attendatur,

145 924 173 992 si
195 945 250 990 res
272 925 404 1009 publica
425 926 530 1003 fieret,
558 945 621 990 non
643 924 818 1009 impediret
840 924 919 1008 quin
941 924 1133 1008 delinquens
1155 946 1193 992 se
1214 945 1274 1009 pro
1298 923 1472 1006 irregulari

145 1035 262 1098 gerere
285 1014 430 1092 deberet,
454 1013 483 1080 si
506 1014 601 1080 modo
623 1015 748 1080 crimen
770 1014 877 1097 ipsum
892 1012 1139 1096 irregularitate
1154 1014 1305 1099 punitum
1321 1013 1472 1081 exsistat.

235 1103 269 1169 Si
292 1103 365 1186 quis
387 1107 500 1170 autern
522 1124 559 1168 se
581 1103 686 1188 ipsum
711 1103 835 1170 directe
858 1102 1045 1170 voluntarie
1066 1103 1210 1182 mutilat,
1237 1103 1310 1169 sive
1333 1124 1377 1168 ex
1400 1103 1473 1170 odio

145 1191 216 1257 sive
240 1213 283 1257 ex
305 1191 482 1259 indiscreto
505 1193 575 1258 zelo
597 1191 668 1258 sive
691 1192 756 1258 alio
779 1191 1007 1275 peccaminoso
1022 1192 1129 1272 modo,
1154 1191 1267 1259 evadit
1282 1191 1474 1274 irregularis
1514 1208 1520 1269 ζ

144 1302 187 1347 ex
211 1280 340 1361 delicto,
365 1281 428 1348 etsi
451 1285 581 1366 partem
603 1284 734 1349 tanturn
756 1282 892 1348 membri
915 1281 977 1348 sibi
1000 1281 1178 1348 absciderit
1195 1280 1237 1364 (c.
1255 1284 1286 1360 6,
1311 1281 1388 1348 dist.
1407 1281 1472 1363 55).

233 1387 273 1454 R.
291 1390 321 1455 2.
353 1387 445 1465 Quod
467 1388 587 1455 Saulus
607 1388 751 1454 duellum
767 1387 938 1467 commisit,
962 1388 1026 1456 etsi
1042 1386 1134 1454 exitu
1149 1408 1214 1454 non
1230 1387 1336 1467 fatali,
1360 1397 1472 1455 tamen

143 1476 422 1559 irregularitatem
445 1499 488 1543 ex
510 1477 647 1544 infamia
668 1477 748 1543 iuris
762 1476 797 1543 in
813 1499 888 1544 eum
903 1477 1041 1557 induxit,
1065 1477 1093 1544 si
1109 1477 1206 1544 modo
1220 1477 1347 1543 factum
1363 1478 1473 1560 aliquo

143 1567 241 1632 modo
264 1570 377 1633 notum
400 1566 445 1632 sit
466 1566 521 1632 vel
543 1567 641 1633 facile
663 1570 777 1633 notum
799 1566 872 1632 fieri
894 1566 1007 1650 possit.
1039 1567 1078 1632 In
1100 1588 1164 1650 quo
1188 1587 1276 1645 casu,
1302 1566 1366 1632 etsi
1387 1566 1474 1633 forte

143 1676 250 1739 poena
273 1656 375 1722 fuerit
396 1655 559 1738 ignorata,
584 1656 728 1740 practice
751 1657 894 1741 petenda
917 1659 969 1722 est
985 1655 1195 1740 dispensatio,
1220 1676 1324 1738 eaque
1341 1676 1362 1721 a
1378 1656 1473 1722 Rom.

143 1744 297 1829 pontifice
320 1744 433 1811 eiusve
456 1745 619 1828 delegato.

233 1851 272 1917 a.
297 1854 328 1918 3.
373 1850 581 1933 Subsequens
611 1852 653 1917 ad
685 1851 774 1917 aliud
806 1852 949 1918 duellum
979 1855 1158 1937 prouocatio
1190 1852 1474 1936 irregularitatem

144 1961 208 2006 non
224 1940 370 2007 induxit:
393 1962 470 2008 uam
486 1943 567 2006 haec
581 1962 647 2007 non
662 1944 723 2018 est,
747 1946 784 2007 ut
800 1947 852 2009 eat
872 1941 1175 2018 excommunicatio,
1199 1942 1269 2008 lata
1291 1942 1325 2007 in
1348 1943 1474 2008 solum-

143 2029 240 2095 modo
263 2035 482 2114 provocantes
506 2030 561 2095 vel
583 2033 805 2114 acceptantes.

232 2119 353 2186 Restat
375 2124 412 2186 ut
434 2118 636 2201 inquiramus
659 2140 737 2184 num
760 2119 849 2186 adsit
870 2118 1100 2201 irregularitas
1116 2139 1158 2184 ex
1174 2119 1356 2186 adversarii
1373 2122 1474 2188 muti-

143 2207 277 2275 latione.
317 2207 430 2274 Videri
452 2208 558 2292 possit
580 2207 662 2275 haec
684 2208 847 2276 mutilatio
871 2212 946 2275 orta
968 2229 1042 2274 esse
1065 2229 1109 2274 ex
1130 2208 1264 2293 propria
1286 2210 1477 2293 defensione

145 2301 261 2363 contra
283 2318 529 2380 aggressorem:
563 2318 647 2379 quae
670 2297 833 2376 defensio,
865 2297 893 2363 si
916 2303 1086 2365 servatum
1109 2298 1153 2364 sit
1181 2298 1393 2364 moderamen
1422 2300 1475 2365 in·
1518 2308 1520 2381 ᾗ

145 2387 297 2470 culpatae
327 2387 468 2465 tutelae,
500 2386 778 2469 irregularitatem
806 2408 873 2452 non
900 2392 1016 2453 causat
1039 2386 1080 2467 (c.
1104 2387 1187 2454 unio.
1211 2387 1331 2455 Glem.
1356 2390 1394 2466 5,
1426 2391 1474 2470 4).

144 2475 268 2540 Verum
292 2476 461 2557 aggressio
485 2475 518 2541 iu
542 2479 655 2541 nostro
679 2495 756 2541 casu
780 2497 845 2541 non
867 2476 932 2542 fuit
947 2475 1079 2552 iniusta,
1104 2476 1161 2542 sed
1176 2480 1295 2543 exorta
1310 2497 1354 2543 ex
1369 2476 1476 2561 ipsius

146 2563 236 2630 Sauli
251 2563 374 2630 iniusta
389 2564 638 2648 provocatione;
663 2569 863 2649 quapropter
878 2566 1006 2643 Saulus,
1024 2564 1088 2630 etsi
1102 2564 1167 2632 isto
1183 2569 1348 2633 momento
1365 2588 1474 2650 neque

146 2653 341 2718 occisionem
364 2674 470 2735 neque
493 2653 733 2721 mutilationem
748 2657 930 2738 intenderit,
954 2654 1012 2719 sed
1028 2655 1231 2720 solummodo
1247 2656 1473 2737 aggressionis

144 2742 433 2826 propulsationem,
461 2742 668 2808 nihilominus
690 2743 847 2809 babemus
870 2743 1109 2810 mutilationem
1134 2744 1299 2810 casualem
1322 2746 1474 2827 graviter

145 2830 359 2915 culpabilem,
384 2853 423 2898 ac
444 2832 539 2916 proin
562 2832 928 2914 irregularitatem...
974 2831 1091 2915 Neque
1115 2853 1158 2897 ex
1180 2853 1219 2898 eo
1243 2833 1388 2900 adfuerit
1412 2856 1472 2899 ex-

145 2920 271 2986 cusatio
295 2921 337 2986 ab
359 2920 622 3003 irregularitate,
654 2921 740 3003 quod
763 2922 880 2988 Saulus
903 2921 990 2988 forte
1013 2943 1078 2987 non
1100 2921 1171 3005 ipse
1194 2921 1383 2988 bracchium
1414 2925 1473 2990 ad·

144 3009 282 3075 versarii
306 3011 544 3094 amputaverit,
575 3011 633 3075 sed
656 3011 857 3075 solummodo
881 3009 961 3075 illud
983 3010 1098 3077 inutile
1128 3010 1321 3089 reddiderit,
1353 3012 1404 3078 ita
1436 3020 1472 3080 ut

144 3099 260 3164 medici
283 3099 466 3166 iudicarent
487 3099 521 3164 id
544 3120 617 3165 esse
640 3099 884 3183 amputandum.
917 3100 1003 3164 Nam
1027 3101 1199 3166 etiamtum
1222 3101 1339 3167 Saulus
1363 3123 1472 3169 mora·

143 3188 220 3254 liter
243 3188 404 3270 loquendo
427 3187 603 3265 mutilavit,
628 3209 701 3253 oum
724 3209 857 3254 causam
880 3189 1063 3273 proximam
1083 3188 1297 3255 mutilationis
1313 3193 1473 3274 posuerit.

411 3379 735 3439 IRREGULARITAS
755 3380 808 3438 EX
830 3380 937 3439 ORTU
958 3380 1203 3442 ILLEGITIMO.

701 3539 812 3606 tusus.
832 3546 908 3614 (217)

233 3678 382 3748 Alfredus,
405 3678 483 3736 filius
504 3679 608 3738 matris
629 3679 745 3749 viduae,
768 3686 798 3738 et
812 3681 979 3755 Ansgarus,
1001 3681 1050 3756 qui
1070 3681 1170 3741 infans
1192 3681 1346 3759 expositus
1369 3686 1408 3743 ab
1423 3685 1474 3743 Al·

144 3756 219 3815 fredi
240 3759 413 3835 parentibus
434 3765 591 3834 susceptus
613 3764 643 3817 et
663 3760 748 3835 quasi
769 3761 927 3836 adoptatus
950 3767 1004 3832 est,
1028 3764 1112 3821 ambo
1127 3763 1166 3821 ad
1180 3762 1381 3822 sacerdotium
1395 3765 1474 3842 aspi·

144 3843 221 3897 rant.
263 3838 334 3897 (lum
356 3839 587 3898 subdiaconatus
617 3840 688 3899 ordo
714 3840 855 3911 instaret,
884 3846 980 3901 mater
1003 3842 1126 3900 Alfredo
1151 3844 1226 3901 clam
1250 3843 1354 3920 pandit
1375 3844 1473 3921 ipsum

144 3937 202 3977 nou
224 3919 333 3977 habere
354 3925 468 3995 patrem
491 3939 556 3976 eum
579 3939 663 3994 quem
684 3925 782 3997 putet;
804 3940 906 3980 verum
920 3922 1014 3998 ipsius
1036 3928 1149 3998 patrem
1164 3924 1260 3983 adhuc
1281 3943 1348 3983 asse
1371 3945 1473 4003 super·

144 3998 244 4057 etitem
266 4004 354 4073 atque
375 3999 406 4057 in
427 3999 567 4058 America
586 3999 704 4071 vivere,
734 4000 856 4058 eundern
879 4022 945 4060 esse
967 4002 1057 4061 etiam
1078 4003 1174 4079 ipsius
1194 4005 1325 4079 Ausgari
1346 4013 1473 4081 patrem.

146 4111 322 4182 Quannrrua
345 4116 373 4170 1⁰
394 4132 469 4190 quae
492 4113 532 4172 sit
553 4113 759 4189 irregularitas
781 4133 819 4172 ex
840 4115 958 4175 defectu
979 4117 1131 4176 natalium.

345 4213 375 4269 2⁰
396 4211 513 4270 adsitne
535 4211 738 4287 irregularitas
760 4212 791 4271 in
813 4212 935 4271 Alfredo
957 4220 987 4272 et
1008 4217 1164 4290 Ansgaro,
1186 4217 1234 4274 vel
1255 4216 1323 4292 quid
1345 4216 1377 4275 in
1401 4238 1474 4277 casu

398 4292 437 4351 sit
458 4291 633 4352 faciendum.

738 4425 873 4493 Solutiu.

83 4588 135 4639 744
234 4564 286 4630 Aa
310 4587 502 4641 pernarrare
528 4573 565 4633 1¹¹³
590 4568 629 4634 R.
656 4572 684 4634 1.
731 4569 823 4634 Haec
846 4568 1083 4652 irregularitate,
1108 4591 1192 4652 quae
1216 4592 1237 4636 a
1259 4573 1393 4639 saeculo
1418 4576 1476 4640 de·

145 4674 232 4719 mum
257 4656 381 4721 decimo
405 4661 439 4723 et
463 4657 633 4722 undecimo
658 4658 770 4740 vigere
794 4658 917 4741 coepit,
949 4659 1063 4724 totalis
1092 4664 1145 4725 est
1167 4664 1202 4726 et
1225 4663 1476 4745 comprehendit
