<?xml version="1.0" encoding="UTF-8"?>
<!DOCTYPE html PUBLIC "-//W3C//DTD XHTML 1.0 Transitional//EN"
    "http://www.w3.org/TR/xhtml1/DTD/xhtml1-transitional.dtd">
<html xmlns="http://www.w3.org/1999/xhtml" xml:lang="en" lang="en">
 <head>
  <title>
</title>
<meta http-equiv="Content-Type" content="text/html;charset=utf-8" />
  <meta name='ocr-system' content='tesseract 3.04.00' />
  <meta name='ocr-capabilities' content='ocr_page ocr_carea ocr_par ocr_line ocrx_word'/>
</head>
<body>
  <div class='ocr_page' id='page_1' title='image "./casusconscienti00lehmgoog_0055.png"; bbox 0 0 3044 5174; ppageno 0'>
   <div class='ocr_carea' id='block_1_1' title="bbox 237 277 1348 348">
    <p class='ocr_par' dir='ltr' id='par_1_1' title="bbox 237 277 1348 348">
     <span class='ocr_line' id='line_1_1' title="bbox 237 277 1348 348; baseline 0.001 -17"><span class='ocrx_word' id='word_1_1' title='bbox 237 278 359 332; x_wconf 75' lang='lat' dir='ltr'>Intentio</span> <span class='ocrx_word' id='word_1_2' title='bbox 378 279 435 332; x_wconf 79' lang='lat' dir='ltr'>sius</span> <span class='ocrx_word' id='word_1_3' title='bbox 454 278 500 346; x_wconf 89' lang='lat' dir='ltr'>qui</span> <span class='ocrx_word' id='word_1_4' title='bbox 519 278 634 348; x_wconf 80' lang='lat' dir='ltr'><strong>suscipit</strong></span> <span class='ocrx_word' id='word_1_5' title='bbox 651 280 853 332; x_wconf 89' lang='lat' dir='ltr'>sacramentum</span> <span class='ocrx_word' id='word_1_6' title='bbox 872 277 984 346; x_wconf 86' lang='lat' dir='ltr'>eiusque</span> <span class='ocrx_word' id='word_1_7' title='bbox 1003 277 1134 332; x_wconf 86' lang='lat' dir='ltr'>deiectus.</span> <span class='ocrx_word' id='word_1_8' title='bbox 1307 284 1348 345; x_wconf 86' lang='lat'>31</span> 
     </span>
    </p>
   </div>
   <div class='ocr_carea' id='block_1_2' title="bbox 66 454 1350 788">
    <p class='ocr_par' dir='ltr' id='par_1_2' title="bbox 66 454 1350 788">
     <span class='ocr_line' id='line_1_2' title="bbox 66 454 1349 539; baseline 0.001 -20"><span class='ocrx_word' id='word_1_9' title='bbox 66 458 162 519; x_wconf 90' lang='lat' dir='ltr'>ssunt</span> <span class='ocrx_word' id='word_1_10' title='bbox 184 454 239 519; x_wconf 90' lang='lat' dir='ltr'>vel</span> <span class='ocrx_word' id='word_1_11' title='bbox 264 454 365 521; x_wconf 89' lang='lat' dir='ltr'>etiam</span> <span class='ocrx_word' id='word_1_12' title='bbox 387 454 516 520; x_wconf 89' lang='lat' dir='ltr'>debent.</span> <span class='ocrx_word' id='word_1_13' title='bbox 550 454 671 531; x_wconf 85' lang='lat' dir='ltr'>Quodsi</span> <span class='ocrx_word' id='word_1_14' title='bbox 694 454 929 531; x_wconf 77' lang='lat' dir='ltr'>convaluerint,</span> <span class='ocrx_word' id='word_1_15' title='bbox 955 455 994 519; x_wconf 90' lang='lat' dir='ltr'>de</span> <span class='ocrx_word' id='word_1_16' title='bbox 1018 457 1197 539; x_wconf 88' lang='lat' dir='ltr'>repetenda</span> <span class='ocrx_word' id='word_1_17' title='bbox 1221 456 1349 539; x_wconf 91' lang='lat' dir='ltr'>quidem</span> 
     </span>
     <span class='ocr_line' id='line_1_3' title="bbox 66 543 1350 626; baseline 0.002 -18"><span class='ocrx_word' id='word_1_18' title='bbox 66 543 177 609; x_wconf 79' lang='lat' dir='ltr'>ctione</span> <span class='ocrx_word' id='word_1_19' title='bbox 208 565 316 609; x_wconf 91' lang='lat' dir='ltr'>sermo</span> <span class='ocrx_word' id='word_1_20' title='bbox 347 565 419 608; x_wconf 91' lang='lat' dir='ltr'>esse</span> <span class='ocrx_word' id='word_1_21' title='bbox 449 544 578 626; x_wconf 79' lang='lat' dir='ltr'>nequit3</span> <span class='ocrx_word' id='word_1_22' title='bbox 614 543 762 609; x_wconf 81' lang='lat' dir='ltr'>dedoceri</span> <span class='ocrx_word' id='word_1_23' title='bbox 793 549 904 611; x_wconf 90' lang='lat' dir='ltr'>tamen</span> <span class='ocrx_word' id='word_1_24' title='bbox 940 544 1060 610; x_wconf 91' lang='lat' dir='ltr'>debent</span> <span class='ocrx_word' id='word_1_25' title='bbox 1089 549 1123 610; x_wconf 90' lang='lat' dir='ltr'>et</span> <span class='ocrx_word' id='word_1_26' title='bbox 1154 545 1278 610; x_wconf 89' lang='lat' dir='ltr'>moneri</span> <span class='ocrx_word' id='word_1_27' title='bbox 1308 566 1350 610; x_wconf 90' lang='lat' dir='ltr'>ne</span> 
     </span>
     <span class='ocr_line' id='line_1_4' title="bbox 66 632 1350 716; baseline 0.001 -18"><span class='ocrx_word' id='word_1_28' title='bbox 66 636 109 698; x_wconf 87' lang='lat' dir='ltr'>te</span> <span class='ocrx_word' id='word_1_29' title='bbox 131 637 268 716; x_wconf 87' lang='lat' dir='ltr'>postea,</span> <span class='ocrx_word' id='word_1_30' title='bbox 300 654 385 698; x_wconf 91' lang='lat' dir='ltr'>novo</span> <span class='ocrx_word' id='word_1_31' title='bbox 407 637 596 698; x_wconf 84' lang='lat' dir='ltr'>recurrente</span> <span class='ocrx_word' id='word_1_32' title='bbox 619 632 779 715; x_wconf 85' lang='lat' dir='ltr'>periculo,</span> <span class='ocrx_word' id='word_1_33' title='bbox 810 633 1055 716; x_wconf 86' lang='lat' dir='ltr'>reprehensibili</span> <span class='ocrx_word' id='word_1_34' title='bbox 1085 655 1146 699; x_wconf 88' lang='lat' dir='ltr'>sua</span> <span class='ocrx_word' id='word_1_35' title='bbox 1168 634 1350 702; x_wconf 90' lang='lat' dir='ltr'>intentione</span> 
     </span>
     <span class='ocr_line' id='line_1_5' title="bbox 66 721 1008 788; baseline 0.001 -1"><span class='ocrx_word' id='word_1_36' title='bbox 66 727 194 788; x_wconf 81' lang='lat' dir='ltr'>tramae</span> <span class='ocrx_word' id='word_1_37' title='bbox 219 721 381 787; x_wconf 91' lang='lat' dir='ltr'>unctionis</span> <span class='ocrx_word' id='word_1_38' title='bbox 405 723 549 787; x_wconf 89' lang='lat' dir='ltr'>valorem</span> <span class='ocrx_word' id='word_1_39' title='bbox 576 722 706 787; x_wconf 92' lang='lat' dir='ltr'>dubium</span> <span class='ocrx_word' id='word_1_40' title='bbox 731 723 836 788; x_wconf 92' lang='lat' dir='ltr'>denuo</span> <span class='ocrx_word' id='word_1_41' title='bbox 859 723 1008 788; x_wconf 90' lang='lat' dir='ltr'>reddant.</span> 
     </span>
    </p>
   </div>
   <div class='ocr_carea' id='block_1_3' title="bbox 344 912 1031 991">
    <p class='ocr_par' dir='ltr' id='par_1_3' title="bbox 344 912 1031 991">
     <span class='ocr_line' id='line_1_6' title="bbox 344 912 1031 991; baseline 0.003 -13"><span class='ocrx_word' id='word_1_42' title='bbox 344 912 557 980; x_wconf 85' lang='grc' dir='ltr'>ΙΝΤΕΝΤΙΟ</span> <span class='ocrx_word' id='word_1_43' title='bbox 581 914 772 991; x_wconf 86' lang='lat' dir='ltr'>EIUSQUE</span> <span class='ocrx_word' id='word_1_44' title='bbox 796 914 1031 981; x_wconf 79' lang='lat' dir='ltr'>DEFEOTUS.</span> 
     </span>
    </p>
   </div>
   <div class='ocr_carea' id='block_1_4' title="bbox 594 1077 782 1153">
    <p class='ocr_par' dir='ltr' id='par_1_4' title="bbox 594 1077 782 1153">
     <span class='ocr_line' id='line_1_7' title="bbox 594 1077 782 1153; baseline -0.027 -10"><span class='ocrx_word' id='word_1_45' title='bbox 594 1077 704 1144; x_wconf 80' lang='lat' dir='ltr'>Casus.</span> <span class='ocrx_word' id='word_1_46' title='bbox 723 1085 782 1153; x_wconf 79' lang='lat'>(14)</span> 
     </span>
    </p>
   </div>
   <div class='ocr_carea' id='block_1_5' title="bbox 66 1218 1352 2338">
    <p class='ocr_par' dir='ltr' id='par_1_5' title="bbox 66 1218 1352 2338">
     <span class='ocr_line' id='line_1_8' title="bbox 113 1218 1350 1297; baseline 0 -18"><span class='ocrx_word' id='word_1_47' title='bbox 113 1218 285 1289; x_wconf 74' lang='lat' dir='ltr'>conradus,</span> <span class='ocrx_word' id='word_1_48' title='bbox 316 1238 382 1278; x_wconf 88' lang='lat' dir='ltr'>cum</span> <span class='ocrx_word' id='word_1_49' title='bbox 411 1237 528 1277; x_wconf 88' lang='lat' dir='ltr'>sacrum</span> <span class='ocrx_word' id='word_1_50' title='bbox 555 1218 785 1278; x_wconf 79' lang='lat' dir='ltr'>subdiaconatus</span> <span class='ocrx_word' id='word_1_51' title='bbox 813 1218 944 1278; x_wconf 90' lang='lat' dir='ltr'>ordinem</span> <span class='ocrx_word' id='word_1_52' title='bbox 972 1224 1145 1297; x_wconf 88' lang='lat' dir='ltr'>recepturus</span> <span class='ocrx_word' id='word_1_53' title='bbox 1175 1226 1272 1292; x_wconf 87' lang='lat' dir='ltr'>esset,</span> <span class='ocrx_word' id='word_1_54' title='bbox 1304 1239 1350 1279; x_wconf 88' lang='lat' dir='ltr'>ac·</span> 
     </span>
     <span class='ocr_line' id='line_1_9' title="bbox 66 1298 1350 1376; baseline 0.001 -18"><span class='ocrx_word' id='word_1_55' title='bbox 66 1298 116 1359; x_wconf 75' lang='lat' dir='ltr'>isit</span> <span class='ocrx_word' id='word_1_56' title='bbox 146 1299 185 1358; x_wconf 88' lang='lat' dir='ltr'>ad</span> <span class='ocrx_word' id='word_1_57' title='bbox 214 1299 369 1359; x_wconf 88' lang='lat' dir='ltr'>ecclesiam</span> <span class='ocrx_word' id='word_1_58' title='bbox 398 1299 462 1357; x_wconf 86' lang='lat' dir='ltr'>sine</span> <span class='ocrx_word' id='word_1_59' title='bbox 490 1299 551 1358; x_wconf 94' lang='lat' dir='ltr'>ulla</span> <span class='ocrx_word' id='word_1_60' title='bbox 579 1298 678 1357; x_wconf 89' lang='lat' dir='ltr'>elicita</span> <span class='ocrx_word' id='word_1_61' title='bbox 711 1298 873 1358; x_wconf 89' lang='lat' dir='ltr'>intentione</span> <span class='ocrx_word' id='word_1_62' title='bbox 902 1299 1062 1376; x_wconf 91' lang='lat' dir='ltr'>recipiendi</span> <span class='ocrx_word' id='word_1_63' title='bbox 1098 1299 1228 1373; x_wconf 89' lang='lat' dir='ltr'>ordinis;</span> <span class='ocrx_word' id='word_1_64' title='bbox 1262 1300 1350 1359; x_wconf 92' lang='lat' dir='ltr'>immo</span> 
     </span>
     <span class='ocr_line' id='line_1_10' title="bbox 66 1378 1350 1457; baseline 0 -18"><span class='ocrx_word' id='word_1_65' title='bbox 66 1386 129 1450; x_wconf 75' lang='lat' dir='ltr'>stea</span> <span class='ocrx_word' id='word_1_66' title='bbox 153 1379 255 1438; x_wconf 87' lang='lat' dir='ltr'>subita</span> <span class='ocrx_word' id='word_1_67' title='bbox 284 1378 507 1457; x_wconf 81' lang='lat' dir='ltr'>perturbatione</span> <span class='ocrx_word' id='word_1_68' title='bbox 537 1379 692 1455; x_wconf 89' lang='lat' dir='ltr'>perculsus</span> <span class='ocrx_word' id='word_1_69' title='bbox 722 1397 755 1437; x_wconf 92' lang='lat' dir='ltr'>se</span> <span class='ocrx_word' id='word_1_70' title='bbox 785 1379 938 1454; x_wconf 87' lang='lat' dir='ltr'>indignum</span> <span class='ocrx_word' id='word_1_71' title='bbox 968 1379 1087 1456; x_wconf 88' lang='lat' dir='ltr'>putavit</span> <span class='ocrx_word' id='word_1_72' title='bbox 1115 1398 1210 1456; x_wconf 90' lang='lat' dir='ltr'>neque</span> <span class='ocrx_word' id='word_1_73' title='bbox 1240 1379 1299 1439; x_wconf 88' lang='lat' dir='ltr'>sibi</span> <span class='ocrx_word' id='word_1_74' title='bbox 1317 1380 1350 1439; x_wconf 94' lang='lat' dir='ltr'>li·</span> 
     </span>
     <span class='ocr_line' id='line_1_11' title="bbox 66 1458 1350 1520; baseline 0 -1"><span class='ocrx_word' id='word_1_75' title='bbox 66 1479 88 1519; x_wconf 89' lang='lat' dir='ltr'>·e</span> <span class='ocrx_word' id='word_1_76' title='bbox 119 1459 264 1519; x_wconf 87' lang='lat' dir='ltr'>accedere</span> <span class='ocrx_word' id='word_1_77' title='bbox 291 1465 374 1519; x_wconf 87' lang='lat' dir='ltr'>ratus</span> <span class='ocrx_word' id='word_1_78' title='bbox 402 1464 449 1518; x_wconf 86' lang='lat' dir='ltr'>est</span> <span class='ocrx_word' id='word_1_79' title='bbox 470 1464 500 1517; x_wconf 92' lang='lat' dir='ltr'>et</span> <span class='ocrx_word' id='word_1_80' title='bbox 520 1458 586 1517; x_wconf 91' lang='lat' dir='ltr'>ideo</span> <span class='ocrx_word' id='word_1_81' title='bbox 614 1459 672 1518; x_wconf 86' lang='lat' dir='ltr'>sibi</span> <span class='ocrx_word' id='word_1_82' title='bbox 698 1477 798 1518; x_wconf 87' lang='lat' dir='ltr'>secum</span> <span class='ocrx_word' id='word_1_83' title='bbox 826 1459 1017 1519; x_wconf 86' lang='lat' dir='ltr'>constituisse</span> <span class='ocrx_word' id='word_1_84' title='bbox 1044 1459 1162 1519; x_wconf 91' lang='lat' dir='ltr'>videtur</span> <span class='ocrx_word' id='word_1_85' title='bbox 1185 1465 1350 1520; x_wconf 88' lang='lat' dir='ltr'>retractare</span> 
     </span>
     <span class='ocr_line' id='line_1_12' title="bbox 66 1538 1350 1617; baseline -0.001 -17"><span class='ocrx_word' id='word_1_86' title='bbox 66 1539 220 1600; x_wconf 84' lang='lat' dir='ltr'>cntionem</span> <span class='ocrx_word' id='word_1_87' title='bbox 245 1539 288 1612; x_wconf 87' lang='lat' dir='ltr'>,si</span> <span class='ocrx_word' id='word_1_88' title='bbox 310 1539 400 1598; x_wconf 81' lang='lat' dir='ltr'>fuerit</span> <span class='ocrx_word' id='word_1_89' title='bbox 427 1538 595 1614; x_wconf 79' lang='lat' dir='ltr'>indignus“.</span> <span class='ocrx_word' id='word_1_90' title='bbox 636 1539 747 1598; x_wconf 88' lang='lat' dir='ltr'>Postea</span> <span class='ocrx_word' id='word_1_91' title='bbox 771 1559 832 1598; x_wconf 89' lang='lat' dir='ltr'>rem</span> <span class='ocrx_word' id='word_1_92' title='bbox 860 1540 993 1617; x_wconf 89' lang='lat' dir='ltr'>pandens</span> <span class='ocrx_word' id='word_1_93' title='bbox 1024 1540 1207 1599; x_wconf 86' lang='lat' dir='ltr'>confessario</span> <span class='ocrx_word' id='word_1_94' title='bbox 1236 1541 1350 1600; x_wconf 90' lang='lat' dir='ltr'>abhoc</span> 
     </span>
     <span class='ocr_line' id='line_1_13' title="bbox 66 1619 1349 1697; baseline 0 -17"><span class='ocrx_word' id='word_1_95' title='bbox 66 1640 129 1680; x_wconf 71' lang='lat' dir='ltr'>rere</span> <span class='ocrx_word' id='word_1_96' title='bbox 150 1619 393 1697; x_wconf 89' lang='lat' dir='ltr'>reprehenditur,</span> <span class='ocrx_word' id='word_1_97' title='bbox 422 1620 475 1679; x_wconf 90' lang='lat' dir='ltr'>sed</span> <span class='ocrx_word' id='word_1_98' title='bbox 496 1638 619 1678; x_wconf 87' lang='lat' dir='ltr'>securus</span> <span class='ocrx_word' id='word_1_99' title='bbox 646 1619 779 1678; x_wconf 88' lang='lat' dir='ltr'>redditur</span> <span class='ocrx_word' id='word_1_100' title='bbox 807 1619 843 1678; x_wconf 91' lang='lat' dir='ltr'>de</span> <span class='ocrx_word' id='word_1_101' title='bbox 869 1640 923 1679; x_wconf 90' lang='lat' dir='ltr'>sua</span> <span class='ocrx_word' id='word_1_102' title='bbox 945 1621 1100 1680; x_wconf 86' lang='lat' dir='ltr'>vocatione</span> <span class='ocrx_word' id='word_1_103' title='bbox 1129 1625 1159 1679; x_wconf 88' lang='lat' dir='ltr'>et</span> <span class='ocrx_word' id='word_1_104' title='bbox 1180 1621 1216 1679; x_wconf 91' lang='lat' dir='ltr'>de</span> <span class='ocrx_word' id='word_1_105' title='bbox 1238 1620 1349 1680; x_wconf 89' lang='lat' dir='ltr'>ordinis</span> 
     </span>
     <span class='ocr_line' id='line_1_14' title="bbox 69 1699 1349 1776; baseline -0.001 -16"><span class='ocrx_word' id='word_1_106' title='bbox 69 1720 135 1772; x_wconf 88' lang='lat' dir='ltr'>ore,</span> <span class='ocrx_word' id='word_1_107' title='bbox 158 1700 238 1760; x_wconf 88' lang='lat' dir='ltr'>serio</span> <span class='ocrx_word' id='word_1_108' title='bbox 259 1707 359 1759; x_wconf 59' lang='lat' dir='ltr'>amen</span> <span class='ocrx_word' id='word_1_109' title='bbox 380 1700 519 1762; x_wconf 86' lang='lat' dir='ltr'>adiuncto</span> <span class='ocrx_word' id='word_1_110' title='bbox 539 1700 651 1760; x_wconf 91' lang='lat' dir='ltr'>monito</span> <span class='ocrx_word' id='word_1_111' title='bbox 672 1719 710 1758; x_wconf 92' lang='lat' dir='ltr'>ne</span> <span class='ocrx_word' id='word_1_112' title='bbox 735 1699 871 1758; x_wconf 88' lang='lat' dir='ltr'>similiter</span> <span class='ocrx_word' id='word_1_113' title='bbox 885 1720 917 1759; x_wconf 86' lang='lat' dir='ltr'>se</span> <span class='ocrx_word' id='word_1_114' title='bbox 931 1705 1050 1776; x_wconf 86' lang='lat' dir='ltr'>gereret</span> <span class='ocrx_word' id='word_1_115' title='bbox 1070 1700 1101 1759; x_wconf 91' lang='lat' dir='ltr'>in</span> <span class='ocrx_word' id='word_1_116' title='bbox 1116 1700 1182 1760; x_wconf 90' lang='lat' dir='ltr'>aliis</span> <span class='ocrx_word' id='word_1_117' title='bbox 1197 1700 1349 1760; x_wconf 88' lang='lat' dir='ltr'>ordinibus</span> 
     </span>
     <span class='ocr_line' id='line_1_15' title="bbox 66 1779 1349 1858; baseline 0 -20"><span class='ocrx_word' id='word_1_118' title='bbox 66 1781 221 1858; x_wconf 82' lang='lat' dir='ltr'>:ipiendis;</span> <span class='ocrx_word' id='word_1_119' title='bbox 252 1781 327 1856; x_wconf 93' lang='lat' dir='ltr'>quod</span> <span class='ocrx_word' id='word_1_120' title='bbox 349 1781 438 1840; x_wconf 88' lang='lat' dir='ltr'>etiam</span> <span class='ocrx_word' id='word_1_121' title='bbox 459 1779 620 1857; x_wconf 90' lang='lat' dir='ltr'>promittit,</span> <span class='ocrx_word' id='word_1_122' title='bbox 652 1799 753 1838; x_wconf 90' lang='lat' dir='ltr'>secum</span> <span class='ocrx_word' id='word_1_123' title='bbox 774 1786 910 1840; x_wconf 85' lang='lat' dir='ltr'>statuens</span> <span class='ocrx_word' id='word_1_124' title='bbox 938 1800 976 1839; x_wconf 92' lang='lat' dir='ltr'>ne</span> <span class='ocrx_word' id='word_1_125' title='bbox 998 1780 1102 1839; x_wconf 86' lang='lat' dir='ltr'>similis</span> <span class='ocrx_word' id='word_1_126' title='bbox 1122 1780 1298 1840; x_wconf 86' lang='lat' dir='ltr'>retractatio</span> <span class='ocrx_word' id='word_1_127' title='bbox 1318 1780 1349 1838; x_wconf 92' lang='lat' dir='ltr'>in</span> 
     </span>
     <span class='ocr_line' id='line_1_16' title="bbox 66 1860 1350 1938; baseline -0.001 -18"><span class='ocrx_word' id='word_1_128' title='bbox 66 1861 250 1920; x_wconf 78' lang='lat' dir='ltr'>turbatione</span> <span class='ocrx_word' id='word_1_129' title='bbox 278 1862 386 1920; x_wconf 87' lang='lat' dir='ltr'>valeat.</span> <span class='ocrx_word' id='word_1_130' title='bbox 414 1893 454 1903; x_wconf 94' lang='lat'>-—</span> <span class='ocrx_word' id='word_1_131' title='bbox 484 1860 737 1936; x_wconf 82' lang='lat' dir='ltr'>Subsequentibus</span> <span class='ocrx_word' id='word_1_132' title='bbox 765 1860 867 1919; x_wconf 91' lang='lat' dir='ltr'>diebus</span> <span class='ocrx_word' id='word_1_133' title='bbox 895 1861 1051 1938; x_wconf 86' lang='lat' dir='ltr'>privilegio</span> <span class='ocrx_word' id='word_1_134' title='bbox 1082 1860 1246 1936; x_wconf 90' lang='lat' dir='ltr'>apostolico</span> <span class='ocrx_word' id='word_1_135' title='bbox 1274 1860 1350 1919; x_wconf 88' lang='lat' dir='ltr'>alios</span> 
     </span>
     <span class='ocr_line' id='line_1_17' title="bbox 66 1940 1352 2018; baseline -0.002 -17"><span class='ocrx_word' id='word_1_136' title='bbox 66 1942 145 2001; x_wconf 87' lang='lat' dir='ltr'>lines</span> <span class='ocrx_word' id='word_1_137' title='bbox 168 1959 274 2000; x_wconf 81' lang='lat' dir='ltr'>sacros</span> <span class='ocrx_word' id='word_1_138' title='bbox 294 1940 408 2017; x_wconf 89' lang='lat' dir='ltr'>recipit.</span> <span class='ocrx_word' id='word_1_139' title='bbox 449 1941 559 1999; x_wconf 90' lang='lat' dir='ltr'>Verum</span> <span class='ocrx_word' id='word_1_140' title='bbox 581 1941 612 1999; x_wconf 92' lang='lat' dir='ltr'>in</span> <span class='ocrx_word' id='word_1_141' title='bbox 634 1940 820 2000; x_wconf 89' lang='lat' dir='ltr'>ordinatione</span> <span class='ocrx_word' id='word_1_142' title='bbox 841 1942 1025 2017; x_wconf 86' lang='lat' dir='ltr'>presbyteri,</span> <span class='ocrx_word' id='word_1_143' title='bbox 1047 1947 1206 2016; x_wconf 89' lang='lat' dir='ltr'>antequam</span> <span class='ocrx_word' id='word_1_144' title='bbox 1226 1940 1352 2018; x_wconf 88' lang='lat' dir='ltr'>incipiat</span> 
     </span>
     <span class='ocr_line' id='line_1_18' title="bbox 66 2020 1350 2098; baseline -0.001 -17"><span class='ocrx_word' id='word_1_145' title='bbox 66 2040 165 2081; x_wconf 89' lang='lat' dir='ltr'>nuum</span> <span class='ocrx_word' id='word_1_146' title='bbox 186 2021 346 2098; x_wconf 87' lang='lat' dir='ltr'>impositio,</span> <span class='ocrx_word' id='word_1_147' title='bbox 368 2021 470 2079; x_wconf 91' lang='lat' dir='ltr'>eadem</span> <span class='ocrx_word' id='word_1_148' title='bbox 491 2021 619 2079; x_wconf 89' lang='lat' dir='ltr'>recurrit</span> <span class='ocrx_word' id='word_1_149' title='bbox 638 2020 821 2097; x_wconf 88' lang='lat' dir='ltr'>perturbatio</span> <span class='ocrx_word' id='word_1_150' title='bbox 838 2040 895 2096; x_wconf 88' lang='lat' dir='ltr'>qua</span> <span class='ocrx_word' id='word_1_151' title='bbox 916 2027 981 2080; x_wconf 90' lang='lat' dir='ltr'>toto</span> <span class='ocrx_word' id='word_1_152' title='bbox 1001 2026 1133 2097; x_wconf 86' lang='lat' dir='ltr'>tempore</span> <span class='ocrx_word' id='word_1_153' title='bbox 1153 2021 1350 2098; x_wconf 86' lang='lat' dir='ltr'>impositionis</span> 
     </span>
     <span class='ocr_line' id='line_1_19' title="bbox 66 2100 1350 2161; baseline -0.001 0"><span class='ocrx_word' id='word_1_154' title='bbox 66 2121 163 2161; x_wconf 91' lang='lat' dir='ltr'>nuum</span> <span class='ocrx_word' id='word_1_155' title='bbox 185 2107 285 2160; x_wconf 92' lang='lat' dir='ltr'>mente</span> <span class='ocrx_word' id='word_1_156' title='bbox 306 2100 402 2160; x_wconf 86' lang='lat' dir='ltr'>volvit</span> <span class='ocrx_word' id='word_1_157' title='bbox 422 2101 480 2160; x_wconf 90' lang='lat' dir='ltr'>sibi</span> <span class='ocrx_word' id='word_1_158' title='bbox 500 2121 560 2161; x_wconf 91' lang='lat' dir='ltr'>non</span> <span class='ocrx_word' id='word_1_159' title='bbox 581 2101 672 2159; x_wconf 90' lang='lat' dir='ltr'>licere</span> <span class='ocrx_word' id='word_1_160' title='bbox 692 2102 724 2159; x_wconf 93' lang='lat' dir='ltr'>in</span> <span class='ocrx_word' id='word_1_161' title='bbox 745 2120 829 2159; x_wconf 86' lang='lat' dir='ltr'>suam</span> <span class='ocrx_word' id='word_1_162' title='bbox 853 2101 1066 2160; x_wconf 89' lang='lat' dir='ltr'>ordinationem</span> <span class='ocrx_word' id='word_1_163' title='bbox 1088 2101 1265 2161; x_wconf 86' lang='lat' dir='ltr'>consentire.</span> <span class='ocrx_word' id='word_1_164' title='bbox 1295 2102 1350 2160; x_wconf 88' lang='lat' dir='ltr'>Re·</span> 
     </span>
     <span class='ocr_line' id='line_1_20' title="bbox 66 2180 1350 2259; baseline -0.002 -17"><span class='ocrx_word' id='word_1_165' title='bbox 66 2202 101 2242; x_wconf 76' lang='lat' dir='ltr'>ue</span> <span class='ocrx_word' id='word_1_166' title='bbox 123 2182 318 2259; x_wconf 87' lang='lat' dir='ltr'>prosequitur</span> <span class='ocrx_word' id='word_1_167' title='bbox 337 2180 454 2256; x_wconf 92' lang='lat' dir='ltr'>quidem</span> <span class='ocrx_word' id='word_1_168' title='bbox 475 2181 511 2239; x_wconf 93' lang='lat' dir='ltr'>de</span> <span class='ocrx_word' id='word_1_169' title='bbox 532 2200 629 2249; x_wconf 90' lang='lat' dir='ltr'>more,</span> <span class='ocrx_word' id='word_1_170' title='bbox 658 2181 711 2239; x_wconf 89' lang='lat' dir='ltr'>sed</span> <span class='ocrx_word' id='word_1_171' title='bbox 731 2180 940 2255; x_wconf 89' lang='lat' dir='ltr'>gravissimum</span> <span class='ocrx_word' id='word_1_172' title='bbox 962 2181 1081 2240; x_wconf 90' lang='lat' dir='ltr'>dubium</span> <span class='ocrx_word' id='word_1_173' title='bbox 1108 2182 1199 2240; x_wconf 90' lang='lat' dir='ltr'>habet</span> <span class='ocrx_word' id='word_1_174' title='bbox 1227 2201 1298 2240; x_wconf 89' lang='lat' dir='ltr'>num</span> <span class='ocrx_word' id='word_1_175' title='bbox 1317 2182 1350 2240; x_wconf 94' lang='lat' dir='ltr'>li·</span> 
     </span>
     <span class='ocr_line' id='line_1_21' title="bbox 66 2261 1043 2338; baseline -0.001 -16"><span class='ocrx_word' id='word_1_176' title='bbox 66 2268 87 2322; x_wconf 77' lang='lat' dir='ltr'>a</span> <span class='ocrx_word' id='word_1_177' title='bbox 109 2262 172 2321; x_wconf 90' lang='lat' dir='ltr'>sibi</span> <span class='ocrx_word' id='word_1_178' title='bbox 193 2280 261 2320; x_wconf 94' lang='lat' dir='ltr'>cum</span> <span class='ocrx_word' id='word_1_179' title='bbox 283 2261 351 2320; x_wconf 90' lang='lat' dir='ltr'>aliis</span> <span class='ocrx_word' id='word_1_180' title='bbox 372 2261 505 2338; x_wconf 82' lang='lat' dir='ltr'>proximo</span> <span class='ocrx_word' id='word_1_181' title='bbox 528 2261 574 2320; x_wconf 90' lang='lat' dir='ltr'>die</span> <span class='ocrx_word' id='word_1_182' title='bbox 595 2261 718 2338; x_wconf 90' lang='lat' dir='ltr'>primam</span> <span class='ocrx_word' id='word_1_183' title='bbox 740 2261 862 2319; x_wconf 87' lang='lat' dir='ltr'>missam</span> <span class='ocrx_word' id='word_1_184' title='bbox 884 2262 1043 2321; x_wconf 86' lang='lat' dir='ltr'>celebrare.</span> 
     </span>
    </p>
   </div>
   <div class='ocr_carea' id='block_1_6' title="bbox 66 2374 1351 2453">
    <p class='ocr_par' dir='ltr' id='par_1_6' title="bbox 66 2374 1351 2453">
     <span class='ocr_line' id='line_1_22' title="bbox 66 2374 1351 2453; baseline 0.001 -17"><span class='ocrx_word' id='word_1_185' title='bbox 66 2394 204 2436; x_wconf 74' lang='lat' dir='ltr'>amamur</span> <span class='ocrx_word' id='word_1_186' title='bbox 226 2376 257 2433; x_wconf 77' lang='lat'>1⁰</span> <span class='ocrx_word' id='word_1_187' title='bbox 278 2377 402 2453; x_wconf 79' lang='lat' dir='ltr'>qualiter</span> <span class='ocrx_word' id='word_1_188' title='bbox 431 2375 574 2435; x_wconf 84' lang='lat' dir='ltr'>formetur</span> <span class='ocrx_word' id='word_1_189' title='bbox 595 2376 643 2434; x_wconf 89' lang='lat' dir='ltr'>vel</span> <span class='ocrx_word' id='word_1_190' title='bbox 664 2374 785 2434; x_wconf 87' lang='lat' dir='ltr'>vitietur</span> <span class='ocrx_word' id='word_1_191' title='bbox 812 2375 938 2435; x_wconf 90' lang='lat' dir='ltr'>intentio</span> <span class='ocrx_word' id='word_1_192' title='bbox 960 2376 1142 2453; x_wconf 90' lang='lat' dir='ltr'>suscipiendi</span> <span class='ocrx_word' id='word_1_193' title='bbox 1163 2376 1351 2438; x_wconf 88' lang='lat' dir='ltr'>sacramenti.</span> 
     </span>
    </p>
   </div>
   <div class='ocr_carea' id='block_1_7' title="bbox 226 2464 1351 2605">
    <p class='ocr_par' dir='ltr' id='par_1_7' title="bbox 226 2464 1351 2605">
     <span class='ocr_line' id='line_1_23' title="bbox 226 2464 1351 2541; baseline 0 -17"><span class='ocrx_word' id='word_1_194' title='bbox 226 2466 258 2524; x_wconf 80' lang='lat'>2⁰</span> <span class='ocrx_word' id='word_1_195' title='bbox 278 2484 349 2523; x_wconf 92' lang='lat' dir='ltr'>num</span> <span class='ocrx_word' id='word_1_196' title='bbox 370 2464 497 2523; x_wconf 82' lang='lat' dir='ltr'>defuerit</span> <span class='ocrx_word' id='word_1_197' title='bbox 517 2464 642 2523; x_wconf 91' lang='lat' dir='ltr'>intentio</span> <span class='ocrx_word' id='word_1_198' title='bbox 662 2465 835 2524; x_wconf 88' lang='lat' dir='ltr'>necessaria</span> <span class='ocrx_word' id='word_1_199' title='bbox 857 2484 894 2523; x_wconf 82' lang='lat' dir='ltr'>ex</span> <span class='ocrx_word' id='word_1_200' title='bbox 916 2485 950 2524; x_wconf 92' lang='lat' dir='ltr'>eo</span> <span class='ocrx_word' id='word_1_201' title='bbox 972 2466 1048 2541; x_wconf 94' lang='lat' dir='ltr'>quod</span> <span class='ocrx_word' id='word_1_202' title='bbox 1063 2465 1216 2525; x_wconf 84' lang='lat' dir='ltr'>Conradus</span> <span class='ocrx_word' id='word_1_203' title='bbox 1230 2485 1263 2525; x_wconf 91' lang='lat' dir='ltr'>se</span> <span class='ocrx_word' id='word_1_204' title='bbox 1284 2485 1351 2524; x_wconf 93' lang='lat' dir='ltr'>con·</span> 
     </span>
     <span class='ocr_line' id='line_1_24' title="bbox 280 2544 1077 2605; baseline 0.003 -2"><span class='ocrx_word' id='word_1_205' title='bbox 280 2545 379 2603; x_wconf 86' lang='lat' dir='ltr'>ferens</span> <span class='ocrx_word' id='word_1_206' title='bbox 402 2544 438 2603; x_wconf 88' lang='lat' dir='ltr'>ad</span> <span class='ocrx_word' id='word_1_207' title='bbox 460 2545 616 2604; x_wconf 87' lang='lat' dir='ltr'>ecclesiam</span> <span class='ocrx_word' id='word_1_208' title='bbox 640 2544 833 2604; x_wconf 87' lang='lat' dir='ltr'>intentionem</span> <span class='ocrx_word' id='word_1_209' title='bbox 854 2565 914 2604; x_wconf 90' lang='lat' dir='ltr'>non</span> <span class='ocrx_word' id='word_1_210' title='bbox 935 2545 1077 2605; x_wconf 88' lang='lat' dir='ltr'>elicuerit.</span> 
     </span>
    </p>
   </div>
   <div class='ocr_carea' id='block_1_8' title="bbox 226 2633 1350 2774">
    <p class='ocr_par' dir='ltr' id='par_1_8' title="bbox 226 2633 1350 2774">
     <span class='ocr_line' id='line_1_25' title="bbox 226 2633 1350 2772; baseline 0 -80"><span class='ocrx_word' id='word_1_211' title='bbox 226 2635 257 2692; x_wconf 87' lang='lat'>3⁰</span> <span class='ocrx_word' id='word_1_212' title='bbox 278 2633 355 2772; x_wconf 67' lang='lat' dir='ltr'>quidi</span> <span class='ocrx_word' id='word_1_213' title='bbox 368 2634 404 2693; x_wconf 90' lang='lat' dir='ltr'>de</span> <span class='ocrx_word' id='word_1_214' title='bbox 424 2633 697 2772; x_wconf 60' lang='lat' dir='ltr'>petrturbationibus</span> <span class='ocrx_word' id='word_1_215' title='bbox 719 2640 749 2692; x_wconf 90' lang='lat' dir='ltr'>et</span> <span class='ocrx_word' id='word_1_216' title='bbox 767 2635 970 2694; x_wconf 89' lang='lat' dir='ltr'>voluntatibus</span> <span class='ocrx_word' id='word_1_217' title='bbox 991 2634 1147 2694; x_wconf 88' lang='lat' dir='ltr'>contrariis</span> <span class='ocrx_word' id='word_1_218' title='bbox 1162 2634 1289 2694; x_wconf 79' lang='lat' dir='ltr'>Conradi</span> <span class='ocrx_word' id='word_1_219' title='bbox 1310 2634 1350 2693; x_wconf 92' lang='lat' dir='ltr'>di·</span> 
     </span>
     <span class='ocr_line' id='line_1_26' title="bbox 281 2733 474 2774; baseline 0.005 -2"><span class='ocrx_word' id='word_1_220' title='bbox 281 2733 336 2772; x_wconf 92' lang='lat' dir='ltr'>cen</span> <span class='ocrx_word' id='word_1_221' title='bbox 356 2734 405 2773; x_wconf 90' lang='lat' dir='ltr'>um</span> <span class='ocrx_word' id='word_1_222' title='bbox 426 2733 474 2774; x_wconf 82' lang='lat' dir='ltr'>su.</span> 
     </span>
    </p>
   </div>
   <div class='ocr_carea' id='block_1_9' title="bbox 619 2854 754 2922">
    <p class='ocr_par' dir='ltr' id='par_1_9' title="bbox 619 2854 754 2922">
     <span class='ocr_line' id='line_1_27' title="bbox 619 2854 754 2922; baseline -0.007 0"><span class='ocrx_word' id='word_1_223' title='bbox 619 2854 754 2922; x_wconf 86' lang='lat' dir='ltr'>Solutio.</span> 
     </span>
    </p>
   </div>
   <div class='ocr_carea' id='block_1_10' title="bbox 66 2995 1391 3613">
    <p class='ocr_par' dir='ltr' id='par_1_10' title="bbox 66 2995 1391 3526">
     <span class='ocr_line' id='line_1_28' title="bbox 108 2995 1391 3080; baseline -0.003 -19"><span class='ocrx_word' id='word_1_224' title='bbox 108 2995 166 3061; x_wconf 85' lang='lat' dir='ltr'>An</span> <span class='ocrx_word' id='word_1_225' title='bbox 197 3017 389 3072; x_wconf 69' lang='lat' dir='ltr'>obruemur</span> <span class='ocrx_word' id='word_1_226' title='bbox 423 2999 459 3061; x_wconf 78' lang='lat' dir='ltr'>lm</span> <span class='ocrx_word' id='word_1_227' title='bbox 488 2996 528 3062; x_wconf 88' lang='lat' dir='ltr'>R.</span> <span class='ocrx_word' id='word_1_228' title='bbox 583 2997 636 3061; x_wconf 85' lang='lat' dir='ltr'>Ad</span> <span class='ocrx_word' id='word_1_229' title='bbox 671 3000 879 3080; x_wconf 80' lang='lat' dir='ltr'>praesentem</span> <span class='ocrx_word' id='word_1_230' title='bbox 913 2995 1127 3062; x_wconf 89' lang='lat' dir='ltr'>intentionem</span> <span class='ocrx_word' id='word_1_231' title='bbox 1163 3016 1245 3079; x_wconf 90' lang='lat' dir='ltr'>quae</span> <span class='ocrx_word' id='word_1_232' title='bbox 1280 2996 1391 3061; x_wconf 84' lang='lat' dir='ltr'>sui-47</span> 
     </span>
     <span class='ocr_line' id='line_1_29' title="bbox 66 3084 1349 3170; baseline 0 -20"><span class='ocrx_word' id='word_1_233' title='bbox 66 3085 110 3152; x_wconf 89' lang='lat' dir='ltr'>iat</span> <span class='ocrx_word' id='word_1_234' title='bbox 135 3107 203 3151; x_wconf 89' lang='lat' dir='ltr'>non</span> <span class='ocrx_word' id='word_1_235' title='bbox 220 3086 294 3170; x_wconf 87' lang='lat' dir='ltr'>plus</span> <span class='ocrx_word' id='word_1_236' title='bbox 310 3084 495 3168; x_wconf 88' lang='lat' dir='ltr'>requiritur,</span> <span class='ocrx_word' id='word_1_237' title='bbox 522 3085 620 3151; x_wconf 92' lang='lat' dir='ltr'>immo</span> <span class='ocrx_word' id='word_1_238' title='bbox 636 3086 752 3163; x_wconf 89' lang='lat' dir='ltr'>minus,</span> <span class='ocrx_word' id='word_1_239' title='bbox 777 3106 875 3167; x_wconf 91' lang='lat' dir='ltr'>quam</span> <span class='ocrx_word' id='word_1_240' title='bbox 892 3087 977 3167; x_wconf 91' lang='lat' dir='ltr'>quod</span> <span class='ocrx_word' id='word_1_241' title='bbox 994 3085 1171 3167; x_wconf 89' lang='lat' dir='ltr'>requiritur</span> <span class='ocrx_word' id='word_1_242' title='bbox 1186 3090 1224 3152; x_wconf 87' lang='lat' dir='ltr'>ut</span> <span class='ocrx_word' id='word_1_243' title='bbox 1239 3085 1349 3167; x_wconf 87' lang='lat' dir='ltr'>aliqua</span> 
     </span>
     <span class='ocr_line' id='line_1_30' title="bbox 66 3174 1349 3258; baseline -0.002 -16"><span class='ocrx_word' id='word_1_244' title='bbox 66 3175 109 3242; x_wconf 87' lang='lat' dir='ltr'>tio</span> <span class='ocrx_word' id='word_1_245' title='bbox 134 3175 277 3240; x_wconf 89' lang='lat' dir='ltr'>hominis</span> <span class='ocrx_word' id='word_1_246' title='bbox 300 3174 362 3241; x_wconf 90' lang='lat' dir='ltr'>dici</span> <span class='ocrx_word' id='word_1_247' title='bbox 385 3174 491 3258; x_wconf 91' lang='lat' dir='ltr'>possit</span> <span class='ocrx_word' id='word_1_248' title='bbox 513 3176 671 3251; x_wconf 88' lang='lat' dir='ltr'>humana,</span> <span class='ocrx_word' id='word_1_249' title='bbox 705 3175 725 3240; x_wconf 92' lang='lat' dir='ltr'>i.</span> <span class='ocrx_word' id='word_1_250' title='bbox 750 3195 777 3241; x_wconf 92' lang='lat' dir='ltr'>e.</span> <span class='ocrx_word' id='word_1_251' title='bbox 803 3196 876 3239; x_wconf 89' lang='lat' dir='ltr'>cum</span> <span class='ocrx_word' id='word_1_252' title='bbox 906 3174 1090 3257; x_wconf 88' lang='lat' dir='ltr'>cognitione</span> <span class='ocrx_word' id='word_1_253' title='bbox 1121 3181 1155 3242; x_wconf 86' lang='lat' dir='ltr'>et</span> <span class='ocrx_word' id='word_1_254' title='bbox 1178 3175 1349 3241; x_wconf 86' lang='lat' dir='ltr'>voluntate</span> 
     </span>
     <span class='ocr_line' id='line_1_31' title="bbox 66 3263 1349 3345; baseline -0.001 -15"><span class='ocrx_word' id='word_1_255' title='bbox 66 3264 142 3332; x_wconf 89' lang='lat' dir='ltr'>sita.</span> <span class='ocrx_word' id='word_1_256' title='bbox 191 3264 277 3330; x_wconf 89' lang='lat' dir='ltr'>Hinc</span> <span class='ocrx_word' id='word_1_257' title='bbox 307 3284 441 3330; x_wconf 88' lang='lat' dir='ltr'>necesse</span> <span class='ocrx_word' id='word_1_258' title='bbox 465 3285 529 3329; x_wconf 92' lang='lat' dir='ltr'>non</span> <span class='ocrx_word' id='word_1_259' title='bbox 553 3271 604 3331; x_wconf 90' lang='lat' dir='ltr'>est</span> <span class='ocrx_word' id='word_1_260' title='bbox 634 3269 671 3330; x_wconf 92' lang='lat' dir='ltr'>ut</span> <span class='ocrx_word' id='word_1_261' title='bbox 694 3263 811 3345; x_wconf 91' lang='lat' dir='ltr'>aliquis</span> <span class='ocrx_word' id='word_1_262' title='bbox 841 3263 963 3329; x_wconf 83' lang='lat' dir='ltr'>reflexa</span> <span class='ocrx_word' id='word_1_263' title='bbox 987 3264 1140 3330; x_wconf 87' lang='lat' dir='ltr'>attendat</span> <span class='ocrx_word' id='word_1_264' title='bbox 1163 3267 1197 3330; x_wconf 90' lang='lat' dir='ltr'>et</span> <span class='ocrx_word' id='word_1_265' title='bbox 1226 3264 1349 3329; x_wconf 87' lang='lat' dir='ltr'>reflexe</span> 
     </span>
     <span class='ocr_line' id='line_1_32' title="bbox 66 3352 1348 3436; baseline 0.001 -20"><span class='ocrx_word' id='word_1_266' title='bbox 66 3353 81 3418; x_wconf 88' lang='lat' dir='ltr'>i</span> <span class='ocrx_word' id='word_1_267' title='bbox 112 3353 223 3419; x_wconf 89' lang='lat' dir='ltr'>dicat:</span> <span class='ocrx_word' id='word_1_268' title='bbox 255 3354 339 3420; x_wconf 88' lang='lat' dir='ltr'>Volo</span> <span class='ocrx_word' id='word_1_269' title='bbox 363 3353 424 3418; x_wconf 92' lang='lat' dir='ltr'>hoc</span> <span class='ocrx_word' id='word_1_270' title='bbox 447 3353 574 3429; x_wconf 75' lang='lat' dir='ltr'>faeere,</span> <span class='ocrx_word' id='word_1_271' title='bbox 608 3354 666 3418; x_wconf 91' lang='lat' dir='ltr'>sed</span> <span class='ocrx_word' id='word_1_272' title='bbox 694 3352 816 3418; x_wconf 88' lang='lat' dir='ltr'>sufficit</span> <span class='ocrx_word' id='word_1_273' title='bbox 840 3352 936 3436; x_wconf 84' lang='lat' dir='ltr'>plane</span> <span class='ocrx_word' id='word_1_274' title='bbox 967 3358 1004 3420; x_wconf 91' lang='lat' dir='ltr'>ut</span> <span class='ocrx_word' id='word_1_275' title='bbox 1035 3352 1107 3435; x_wconf 90' lang='lat' dir='ltr'>quis</span> <span class='ocrx_word' id='word_1_276' title='bbox 1138 3353 1262 3419; x_wconf 89' lang='lat' dir='ltr'>directe</span> <span class='ocrx_word' id='word_1_277' title='bbox 1294 3374 1348 3418; x_wconf 93' lang='lat' dir='ltr'>co-</span> 
     </span>
     <span class='ocr_line' id='line_1_33' title="bbox 67 3441 1348 3526; baseline 0 -18"><span class='ocrx_word' id='word_1_278' title='bbox 67 3445 167 3508; x_wconf 82' lang='lat' dir='ltr'>cscat</span> <span class='ocrx_word' id='word_1_279' title='bbox 197 3442 274 3525; x_wconf 92' lang='lat' dir='ltr'>quid</span> <span class='ocrx_word' id='word_1_280' title='bbox 297 3448 377 3526; x_wconf 84' lang='lat' dir='ltr'>agat</span> <span class='ocrx_word' id='word_1_281' title='bbox 401 3442 453 3507; x_wconf 94' lang='lat' dir='ltr'>vel</span> <span class='ocrx_word' id='word_1_282' title='bbox 484 3463 594 3507; x_wconf 90' lang='lat' dir='ltr'>secum</span> <span class='ocrx_word' id='word_1_283' title='bbox 619 3448 738 3523; x_wconf 87' lang='lat' dir='ltr'>agatur</span> <span class='ocrx_word' id='word_1_284' title='bbox 763 3445 796 3507; x_wconf 89' lang='lat' dir='ltr'>et</span> <span class='ocrx_word' id='word_1_285' title='bbox 819 3441 933 3506; x_wconf 92' lang='lat' dir='ltr'>volens</span> <span class='ocrx_word' id='word_1_286' title='bbox 955 3441 1057 3508; x_wconf 88' lang='lat' dir='ltr'>faciat</span> <span class='ocrx_word' id='word_1_287' title='bbox 1081 3443 1135 3507; x_wconf 81' lang='lat' dir='ltr'>v&#39;el</span> <span class='ocrx_word' id='word_1_288' title='bbox 1158 3443 1228 3508; x_wconf 89' lang='lat' dir='ltr'>fieri</span> <span class='ocrx_word' id='word_1_289' title='bbox 1250 3442 1301 3507; x_wconf 88' lang='lat' dir='ltr'>ein</span> <span class='ocrx_word' id='word_1_290' title='bbox 1323 3446 1348 3509; x_wconf 89' lang='lat' dir='ltr'>t.</span> 
     </span>
    </p>

    <p class='ocr_par' dir='ltr' id='par_1_11' title="bbox 114 3530 1349 3613">
     <span class='ocr_line' id='line_1_34' title="bbox 114 3530 1349 3613; baseline -0.002 -15"><span class='ocrx_word' id='word_1_291' title='bbox 114 3531 182 3598; x_wconf 84' lang='lat' dir='ltr'>Cur</span> <span class='ocrx_word' id='word_1_292' title='bbox 205 3536 315 3598; x_wconf 90' lang='lat' dir='ltr'>autem</span> <span class='ocrx_word' id='word_1_293' title='bbox 339 3531 406 3597; x_wconf 81' lang='lat' dir='ltr'>dixi</span> <span class='ocrx_word' id='word_1_294' title='bbox 439 3535 530 3597; x_wconf 86' lang='lat' dir='ltr'>immo</span> <span class='ocrx_word' id='word_1_295' title='bbox 554 3535 660 3596; x_wconf 82' lang='lat' dir='ltr'>minua</span> <span class='ocrx_word' id='word_1_296' title='bbox 684 3530 821 3612; x_wconf 87' lang='lat' dir='ltr'>requiri,</span> <span class='ocrx_word' id='word_1_297' title='bbox 854 3552 896 3596; x_wconf 86' lang='lat' dir='ltr'>ex</span> <span class='ocrx_word' id='word_1_298' title='bbox 919 3551 957 3596; x_wconf 90' lang='lat' dir='ltr'>eo</span> <span class='ocrx_word' id='word_1_299' title='bbox 982 3536 1033 3597; x_wconf 90' lang='lat' dir='ltr'>est</span> <span class='ocrx_word' id='word_1_300' title='bbox 1063 3532 1148 3613; x_wconf 89' lang='lat' dir='ltr'>quod</span> <span class='ocrx_word' id='word_1_301' title='bbox 1171 3531 1205 3597; x_wconf 91' lang='lat' dir='ltr'>in</span> <span class='ocrx_word' id='word_1_302' title='bbox 1227 3552 1349 3613; x_wconf 85' lang='lat' dir='ltr'>genere</span> 
     </span>
    </p>
   </div>
   <div class='ocr_carea' id='block_1_11' title="bbox 66 3619 1349 3796">
    <p class='ocr_par' dir='ltr' id='par_1_12' title="bbox 66 3619 1349 3796">
     <span class='ocr_line' id='line_1_35' title="bbox 66 3619 1349 3705; baseline -0.002 -18"><span class='ocrx_word' id='word_1_303' title='bbox 66 3621 154 3687; x_wconf 76' lang='lat' dir='ltr'>tilius</span> <span class='ocrx_word' id='word_1_304' title='bbox 178 3620 242 3686; x_wconf 90' lang='lat' dir='ltr'>dici</span> <span class='ocrx_word' id='word_1_305' title='bbox 265 3620 369 3705; x_wconf 88' lang='lat' dir='ltr'>possit</span> <span class='ocrx_word' id='word_1_306' title='bbox 391 3641 444 3686; x_wconf 91' lang='lat' dir='ltr'>me</span> <span class='ocrx_word' id='word_1_307' title='bbox 468 3620 589 3703; x_wconf 91' lang='lat' dir='ltr'>aliquid</span> <span class='ocrx_word' id='word_1_308' title='bbox 612 3619 796 3685; x_wconf 84' lang='lat' dir='ltr'>voluntarie</span> <span class='ocrx_word' id='word_1_309' title='bbox 819 3619 999 3704; x_wconf 87' lang='lat' dir='ltr'>recepisse,</span> <span class='ocrx_word' id='word_1_310' title='bbox 1031 3642 1127 3702; x_wconf 89' lang='lat' dir='ltr'>quam</span> <span class='ocrx_word' id='word_1_311' title='bbox 1158 3642 1210 3686; x_wconf 89' lang='lat' dir='ltr'>me</span> <span class='ocrx_word' id='word_1_312' title='bbox 1233 3622 1349 3686; x_wconf 86' lang='lat' dir='ltr'>volun-</span> 
     </span>
     <span class='ocr_line' id='line_1_36' title="bbox 66 3709 1348 3796; baseline 0 -21"><span class='ocrx_word' id='word_1_313' title='bbox 66 3710 107 3776; x_wconf 73' lang='lat' dir='ltr'>rie</span> <span class='ocrx_word' id='word_1_314' title='bbox 132 3709 257 3793; x_wconf 90' lang='lat' dir='ltr'>aliquid</span> <span class='ocrx_word' id='word_1_315' title='bbox 280 3710 404 3792; x_wconf 84' lang='lat' dir='ltr'>egisse:</span> <span class='ocrx_word' id='word_1_316' title='bbox 435 3730 605 3775; x_wconf 89' lang='lat' dir='ltr'>versamur</span> <span class='ocrx_word' id='word_1_317' title='bbox 636 3713 745 3775; x_wconf 90' lang='lat' dir='ltr'>autem</span> <span class='ocrx_word' id='word_1_318' title='bbox 769 3709 821 3774; x_wconf 91' lang='lat' dir='ltr'>hic</span> <span class='ocrx_word' id='word_1_319' title='bbox 843 3709 878 3774; x_wconf 91' lang='lat' dir='ltr'>in</span> <span class='ocrx_word' id='word_1_320' title='bbox 907 3710 1123 3776; x_wconf 89' lang='lat' dir='ltr'>sacramentis</span> <span class='ocrx_word' id='word_1_321' title='bbox 1146 3712 1348 3796; x_wconf 83' lang='lat' dir='ltr'>recipiendia.</span> 
     </span>
    </p>
   </div>
   <div class='ocr_carea' id='block_1_12' title="bbox 65 3832 1391 4719">
    <p class='ocr_par' dir='ltr' id='par_1_13' title="bbox 65 3832 1391 4719">
     <span class='ocr_line' id='line_1_37' title="bbox 112 3832 1391 3915; baseline -0.003 -16"><span class='ocrx_word' id='word_1_322' title='bbox 112 3834 169 3899; x_wconf 80' lang='lat' dir='ltr'>An</span> <span class='ocrx_word' id='word_1_323' title='bbox 206 3853 398 3909; x_wconf 68' lang='lat' dir='ltr'>oneremur</span> <span class='ocrx_word' id='word_1_324' title='bbox 435 3836 474 3897; x_wconf 65' lang='lat'>2⁰¹</span> <span class='ocrx_word' id='word_1_325' title='bbox 510 3833 549 3899; x_wconf 83' lang='lat' dir='ltr'>a.</span> <span class='ocrx_word' id='word_1_326' title='bbox 602 3832 740 3898; x_wconf 90' lang='lat' dir='ltr'>Omnino</span> <span class='ocrx_word' id='word_1_327' title='bbox 777 3832 879 3897; x_wconf 90' lang='lat' dir='ltr'>stulto</span> <span class='ocrx_word' id='word_1_328' title='bbox 916 3832 1034 3915; x_wconf 91' lang='lat' dir='ltr'>aliquis</span> <span class='ocrx_word' id='word_1_329' title='bbox 1071 3832 1272 3900; x_wconf 89' lang='lat' dir='ltr'>dubitaverit</span> <span class='ocrx_word' id='word_1_330' title='bbox 1308 3835 1391 3899; x_wconf 81' lang='lat' dir='ltr'>de48</span> 
     </span>
     <span class='ocr_line' id='line_1_38' title="bbox 66 3921 1348 4004; baseline -0.001 -16"><span class='ocrx_word' id='word_1_331' title='bbox 66 3923 208 3990; x_wconf 80' lang='lat' dir='ltr'>entione</span> <span class='ocrx_word' id='word_1_332' title='bbox 240 3944 281 3988; x_wconf 87' lang='lat' dir='ltr'>ex</span> <span class='ocrx_word' id='word_1_333' title='bbox 314 3943 352 3987; x_wconf 91' lang='lat' dir='ltr'>eo</span> <span class='ocrx_word' id='word_1_334' title='bbox 376 3923 462 4004; x_wconf 90' lang='lat' dir='ltr'>quod</span> <span class='ocrx_word' id='word_1_335' title='bbox 492 3922 525 3987; x_wconf 91' lang='lat' dir='ltr'>in</span> <span class='ocrx_word' id='word_1_336' title='bbox 555 3922 611 3988; x_wconf 89' lang='lat' dir='ltr'>via</span> <span class='ocrx_word' id='word_1_337' title='bbox 643 3922 684 3987; x_wconf 92' lang='lat' dir='ltr'>ad</span> <span class='ocrx_word' id='word_1_338' title='bbox 717 3921 888 3986; x_wconf 89' lang='lat' dir='ltr'>ecclesiam</span> <span class='ocrx_word' id='word_1_339' title='bbox 919 3923 971 3986; x_wconf 89' lang='lat' dir='ltr'>vel</span> <span class='ocrx_word' id='word_1_340' title='bbox 1003 3922 1038 3987; x_wconf 94' lang='lat' dir='ltr'>in</span> <span class='ocrx_word' id='word_1_341' title='bbox 1071 3922 1211 3988; x_wconf 91' lang='lat' dir='ltr'>ecclesia</span> <span class='ocrx_word' id='word_1_342' title='bbox 1240 3924 1348 3989; x_wconf 89' lang='lat' dir='ltr'>inten-</span> 
     </span>
     <span class='ocr_line' id='line_1_39' title="bbox 66 4011 1348 4089; baseline -0.001 -12"><span class='ocrx_word' id='word_1_343' title='bbox 66 4034 147 4078; x_wconf 86' lang='lat' dir='ltr'>nem</span> <span class='ocrx_word' id='word_1_344' title='bbox 171 4011 234 4076; x_wconf 88' lang='lat' dir='ltr'>sibi</span> <span class='ocrx_word' id='word_1_345' title='bbox 257 4011 409 4078; x_wconf 88' lang='lat' dir='ltr'>videatur</span> <span class='ocrx_word' id='word_1_346' title='bbox 432 4033 496 4076; x_wconf 91' lang='lat' dir='ltr'>non</span> <span class='ocrx_word' id='word_1_347' title='bbox 520 4012 677 4077; x_wconf 90' lang='lat' dir='ltr'>elicuisse.</span> <span class='ocrx_word' id='word_1_348' title='bbox 725 4012 811 4075; x_wconf 88' lang='lat' dir='ltr'>Nam</span> <span class='ocrx_word' id='word_1_349' title='bbox 835 4011 1015 4076; x_wconf 87' lang='lat' dir='ltr'>certissime</span> <span class='ocrx_word' id='word_1_350' title='bbox 1046 4012 1174 4089; x_wconf 88' lang='lat' dir='ltr'>elicuit,</span> <span class='ocrx_word' id='word_1_351' title='bbox 1205 4012 1348 4079; x_wconf 87' lang='lat' dir='ltr'>fortasse</span> 
     </span>
     <span class='ocr_line' id='line_1_40' title="bbox 65 4100 1346 4184; baseline -0.002 -16"><span class='ocrx_word' id='word_1_352' title='bbox 65 4124 87 4168; x_wconf 93' lang='lat' dir='ltr'>n</span> <span class='ocrx_word' id='word_1_353' title='bbox 131 4122 207 4166; x_wconf 88' lang='lat' dir='ltr'>cum</span> <span class='ocrx_word' id='word_1_354' title='bbox 247 4102 432 4184; x_wconf 85' lang='lat' dir='ltr'>cognitione</span> <span class='ocrx_word' id='word_1_355' title='bbox 471 4102 613 4177; x_wconf 81' lang='lat' dir='ltr'>reflexa,</span> <span class='ocrx_word' id='word_1_356' title='bbox 657 4100 714 4165; x_wconf 90' lang='lat' dir='ltr'>sed</span> <span class='ocrx_word' id='word_1_357' title='bbox 757 4121 830 4164; x_wconf 90' lang='lat' dir='ltr'>cum</span> <span class='ocrx_word' id='word_1_358' title='bbox 874 4100 1059 4181; x_wconf 87' lang='lat' dir='ltr'>cognitione</span> <span class='ocrx_word' id='word_1_359' title='bbox 1097 4101 1231 4167; x_wconf 86' lang='lat' dir='ltr'>directa.</span> <span class='ocrx_word' id='word_1_360' title='bbox 1288 4102 1346 4179; x_wconf 84' lang='lat' dir='ltr'>Qui</span> 
     </span>
     <span class='ocr_line' id='line_1_41' title="bbox 66 4189 1345 4274; baseline -0.002 -18"><span class='ocrx_word' id='word_1_361' title='bbox 66 4191 109 4256; x_wconf 92' lang='lat' dir='ltr'>im</span> <span class='ocrx_word' id='word_1_362' title='bbox 134 4211 157 4256; x_wconf 89' lang='lat' dir='ltr'>a</span> <span class='ocrx_word' id='word_1_363' title='bbox 179 4190 331 4256; x_wconf 88' lang='lat' dir='ltr'>diuturno</span> <span class='ocrx_word' id='word_1_364' title='bbox 355 4196 503 4273; x_wconf 89' lang='lat' dir='ltr'>tempore</span> <span class='ocrx_word' id='word_1_365' title='bbox 526 4212 561 4254; x_wconf 92' lang='lat' dir='ltr'>se</span> <span class='ocrx_word' id='word_1_366' title='bbox 584 4189 796 4274; x_wconf 90' lang='lat' dir='ltr'>praeparavit</span> <span class='ocrx_word' id='word_1_367' title='bbox 812 4190 864 4253; x_wconf 91' lang='lat' dir='ltr'>vel</span> <span class='ocrx_word' id='word_1_368' title='bbox 884 4190 1091 4272; x_wconf 85' lang='lat' dir='ltr'>exspectavit</span> <span class='ocrx_word' id='word_1_369' title='bbox 1114 4195 1238 4255; x_wconf 88' lang='lat' dir='ltr'>certum</span> <span class='ocrx_word' id='word_1_370' title='bbox 1263 4190 1345 4254; x_wconf 89' lang='lat' dir='ltr'>diem</span> 
     </span>
     <span class='ocr_line' id='line_1_42' title="bbox 67 4278 1386 4363; baseline -0.003 -17"><span class='ocrx_word' id='word_1_371' title='bbox 67 4302 86 4346; x_wconf 95' lang='lat' dir='ltr'>o</span> <span class='ocrx_word' id='word_1_372' title='bbox 109 4279 253 4363; x_wconf 88' lang='lat' dir='ltr'>recipiat</span> <span class='ocrx_word' id='word_1_373' title='bbox 276 4281 437 4357; x_wconf 90' lang='lat' dir='ltr'>ordinem,</span> <span class='ocrx_word' id='word_1_374' title='bbox 462 4301 525 4344; x_wconf 91' lang='lat' dir='ltr'>uon</span> <span class='ocrx_word' id='word_1_375' title='bbox 550 4279 650 4343; x_wconf 88' lang='lat' dir='ltr'>semel</span> <span class='ocrx_word' id='word_1_376' title='bbox 674 4279 731 4343; x_wconf 92' lang='lat' dir='ltr'>sed</span> <span class='ocrx_word' id='word_1_377' title='bbox 755 4300 854 4362; x_wconf 90' lang='lat' dir='ltr'>saepe</span> <span class='ocrx_word' id='word_1_378' title='bbox 878 4278 989 4344; x_wconf 89' lang='lat' dir='ltr'>elicuit</span> <span class='ocrx_word' id='word_1_379' title='bbox 1011 4280 1223 4346; x_wconf 86' lang='lat' dir='ltr'>intentionem</span> <span class='ocrx_word' id='word_1_380' title='bbox 1248 4279 1346 4343; x_wconf 94' lang='lat' dir='ltr'>—id</span> <span class='ocrx_word' id='word_1_381' title='bbox 1381 4343 1386 4359; x_wconf 71' lang='grc'><em>,</em></span> 
     </span>
     <span class='ocr_line' id='line_1_43' title="bbox 67 4368 1347 4453; baseline -0.001 -19"><span class='ocrx_word' id='word_1_382' title='bbox 67 4369 108 4435; x_wconf 91' lang='lat' dir='ltr'>od</span> <span class='ocrx_word' id='word_1_383' title='bbox 133 4370 441 4453; x_wconf 87' lang='lat' dir='ltr'>superabundanter</span> <span class='ocrx_word' id='word_1_384' title='bbox 463 4368 585 4433; x_wconf 90' lang='lat' dir='ltr'>sufficit</span> <span class='ocrx_word' id='word_1_385' title='bbox 608 4373 644 4433; x_wconf 92' lang='lat' dir='ltr'>ut</span> <span class='ocrx_word' id='word_1_386' title='bbox 668 4368 810 4434; x_wconf 86' lang='lat' dir='ltr'>adfuerit</span> <span class='ocrx_word' id='word_1_387' title='bbox 833 4369 981 4434; x_wconf 83' lang='lat' dir='ltr'>intentio.</span> <span class='ocrx_word' id='word_1_388' title='bbox 1018 4370 1100 4433; x_wconf 89' lang='lat' dir='ltr'>Dein</span> <span class='ocrx_word' id='word_1_389' title='bbox 1125 4369 1253 4450; x_wconf 90' lang='lat' dir='ltr'>quando</span> <span class='ocrx_word' id='word_1_390' title='bbox 1276 4369 1347 4451; x_wconf 92' lang='lat' dir='ltr'>ipso</span> 
     </span>
     <span class='ocr_line' id='line_1_44' title="bbox 66 4458 1345 4534; baseline -0.002 -10"><span class='ocrx_word' id='word_1_391' title='bbox 66 4480 76 4524; x_wconf 76' lang='lat' dir='ltr'>e</span> <span class='ocrx_word' id='word_1_392' title='bbox 107 4459 307 4526; x_wconf 87' lang='lat' dir='ltr'>candidatus</span> <span class='ocrx_word' id='word_1_393' title='bbox 339 4480 375 4523; x_wconf 91' lang='lat' dir='ltr'>se</span> <span class='ocrx_word' id='word_1_394' title='bbox 408 4459 535 4523; x_wconf 87' lang='lat' dir='ltr'>confert</span> <span class='ocrx_word' id='word_1_395' title='bbox 567 4459 609 4522; x_wconf 90' lang='lat' dir='ltr'>ad</span> <span class='ocrx_word' id='word_1_396' title='bbox 636 4458 825 4532; x_wconf 89' lang='lat' dir='ltr'>ecclesiam,</span> <span class='ocrx_word' id='word_1_397' title='bbox 859 4459 1007 4522; x_wconf 86' lang='lat' dir='ltr'>vestibus</span> <span class='ocrx_word' id='word_1_398' title='bbox 1039 4458 1141 4522; x_wconf 89' lang='lat' dir='ltr'>sacris</span> <span class='ocrx_word' id='word_1_399' title='bbox 1169 4479 1203 4522; x_wconf 91' lang='lat' dir='ltr'>se</span> <span class='ocrx_word' id='word_1_400' title='bbox 1230 4458 1345 4534; x_wconf 90' lang='lat' dir='ltr'>induit,</span> 
     </span>
     <span class='ocr_line' id='line_1_45' title="bbox 66 4546 1382 4632; baseline -0.006 -17"><span class='ocrx_word' id='word_1_401' title='bbox 66 4553 183 4615; x_wconf 88' lang='lat' dir='ltr'>ecatus</span> <span class='ocrx_word' id='word_1_402' title='bbox 214 4549 382 4632; x_wconf 88' lang='lat' dir='ltr'>respondit</span> <span class='ocrx_word' id='word_1_403' title='bbox 414 4587 452 4594; x_wconf 91' lang='lat'><em>-</em></span> <span class='ocrx_word' id='word_1_404' title='bbox 485 4569 549 4628; x_wconf 89' lang='lat' dir='ltr'>quo</span> <span class='ocrx_word' id='word_1_405' title='bbox 578 4550 642 4611; x_wconf 89' lang='lat' dir='ltr'>fine</span> <span class='ocrx_word' id='word_1_406' title='bbox 675 4546 756 4611; x_wconf 88' lang='lat' dir='ltr'>haec</span> <span class='ocrx_word' id='word_1_407' title='bbox 791 4547 898 4611; x_wconf 85' lang='lat' dir='ltr'>omnia</span> <span class='ocrx_word' id='word_1_408' title='bbox 934 4547 1014 4612; x_wconf 85' lang='lat' dir='ltr'>facit</span> <span class='ocrx_word' id='word_1_409' title='bbox 1051 4547 1113 4611; x_wconf 91' lang='lat' dir='ltr'>nisi</span> <span class='ocrx_word' id='word_1_410' title='bbox 1146 4549 1210 4611; x_wconf 89' lang='lat' dir='ltr'>fine</span> <span class='ocrx_word' id='word_1_411' title='bbox 1245 4546 1347 4611; x_wconf 87' lang='lat' dir='ltr'>susci·</span> <span class='ocrx_word' id='word_1_412' title='bbox 1376 4596 1382 4607; x_wconf 86' lang='grc'><em>,</em></span> 
     </span>
     <span class='ocr_line' id='line_1_46' title="bbox 66 4635 1347 4719; baseline -0.003 -16"><span class='ocrx_word' id='word_1_413' title='bbox 66 4639 132 4705; x_wconf 78' lang='lat' dir='ltr'>endi</span> <span class='ocrx_word' id='word_1_414' title='bbox 157 4637 299 4714; x_wconf 90' lang='lat' dir='ltr'>ordinis;</span> <span class='ocrx_word' id='word_1_415' title='bbox 331 4658 408 4719; x_wconf 85' lang='lat' dir='ltr'>ergo</span> <span class='ocrx_word' id='word_1_416' title='bbox 439 4637 538 4702; x_wconf 90' lang='lat' dir='ltr'>toties</span> <span class='ocrx_word' id='word_1_417' title='bbox 569 4636 717 4719; x_wconf 89' lang='lat' dir='ltr'>concepit</span> <span class='ocrx_word' id='word_1_418' title='bbox 741 4637 792 4700; x_wconf 91' lang='lat' dir='ltr'>vel</span> <span class='ocrx_word' id='word_1_419' title='bbox 824 4636 998 4701; x_wconf 87' lang='lat' dir='ltr'>renovavit</span> <span class='ocrx_word' id='word_1_420' title='bbox 1027 4635 1242 4701; x_wconf 90' lang='lat' dir='ltr'>intentionem</span> <span class='ocrx_word' id='word_1_421' title='bbox 1266 4636 1347 4701; x_wconf 87' lang='lat' dir='ltr'>reci-</span> 
     </span>
    </p>
   </div>
   <div class='ocr_carea' id='block_1_13' title="bbox 0 0 1526 5174">
    <p class='ocr_par' dir='ltr' id='par_1_14' title="bbox 0 0 1526 5174">
     <span class='ocr_line' id='line_1_47' title="bbox 0 0 1526 5174; baseline 0 0"><span class='ocrx_word' id='word_1_422' title='bbox 0 0 1526 5174; x_wconf 95' lang='lat' dir='ltr'> </span> 
     </span>
    </p>
   </div>
  </div>
 </body>
</html>
