<?xml version="1.0" encoding="UTF-8"?>
<!DOCTYPE html PUBLIC "-//W3C//DTD XHTML 1.0 Transitional//EN"
    "http://www.w3.org/TR/xhtml1/DTD/xhtml1-transitional.dtd">
<html xmlns="http://www.w3.org/1999/xhtml" xml:lang="en" lang="en">
 <head>
  <title>
</title>
<meta http-equiv="Content-Type" content="text/html;charset=utf-8" />
  <meta name='ocr-system' content='tesseract 3.04.00' />
  <meta name='ocr-capabilities' content='ocr_page ocr_carea ocr_par ocr_line ocrx_word'/>
</head>
<body>
  <div class='ocr_page' id='page_1' title='image "./casusconscienti00lehmgoog_0118.png"; bbox 0 0 3044 5174; ppageno 0'>
   <div class='ocr_carea' id='block_1_1' title="bbox 143 296 947 369">
    <p class='ocr_par' dir='ltr' id='par_1_1' title="bbox 143 296 947 369">
     <span class='ocr_line' id='line_1_1' title="bbox 143 296 947 369; baseline 0.001 -17"><span class='ocrx_word' id='word_1_1' title='bbox 143 304 184 369; x_wconf 82' lang='grc'>96</span> <span class='ocrx_word' id='word_1_2' title='bbox 660 297 701 352; x_wconf 82' lang='lat' dir='ltr'>lle</span> <span class='ocrx_word' id='word_1_3' title='bbox 719 315 756 353; x_wconf 88' lang='lat' dir='ltr'>ss.</span> <span class='ocrx_word' id='word_1_4' title='bbox 775 296 947 353; x_wconf 76' lang='lat' dir='ltr'><strong>eucharistia.</strong></span> 
     </span>
    </p>
   </div>
   <div class='ocr_carea' id='block_1_2' title="bbox 142 463 1465 640">
    <p class='ocr_par' dir='ltr' id='par_1_2' title="bbox 142 463 1465 640">
     <span class='ocr_line' id='line_1_2' title="bbox 142 463 1465 558; baseline -0.001 -19"><span class='ocrx_word' id='word_1_5' title='bbox 142 473 175 540; x_wconf 93' lang='lat' dir='ltr'>id</span> <span class='ocrx_word' id='word_1_6' title='bbox 205 473 376 558; x_wconf 90' lang='lat' dir='ltr'>permittat</span> <span class='ocrx_word' id='word_1_7' title='bbox 406 473 439 539; x_wconf 93' lang='lat' dir='ltr'>in</span> <span class='ocrx_word' id='word_1_8' title='bbox 463 472 622 540; x_wconf 89' lang='lat' dir='ltr'>eiusmodi</span> <span class='ocrx_word' id='word_1_9' title='bbox 644 473 913 548; x_wconf 86' lang='lat' dir='ltr'>circumstantiis;</span> <span class='ocrx_word' id='word_1_10' title='bbox 944 473 972 538; x_wconf 90' lang='lat' dir='ltr'>si</span> <span class='ocrx_word' id='word_1_11' title='bbox 995 477 1105 539; x_wconf 91' lang='lat' dir='ltr'>autem</span> <span class='ocrx_word' id='word_1_12' title='bbox 1128 493 1193 538; x_wconf 93' lang='lat' dir='ltr'>non</span> <span class='ocrx_word' id='word_1_13' title='bbox 1222 475 1299 551; x_wconf 88' lang='lat' dir='ltr'>liat,</span> <span class='ocrx_word' id='word_1_14' title='bbox 1329 463 1465 556; x_wconf 64' lang='lat' dir='ltr'>granius</span> 
     </span>
     <span class='ocr_line' id='line_1_3' title="bbox 143 562 1057 640; baseline 0 -12"><span class='ocrx_word' id='word_1_15' title='bbox 143 563 220 629; x_wconf 91' lang='lat' dir='ltr'>oriri</span> <span class='ocrx_word' id='word_1_16' title='bbox 243 563 443 640; x_wconf 90' lang='lat' dir='ltr'>scandalum,</span> <span class='ocrx_word' id='word_1_17' title='bbox 468 562 605 629; x_wconf 86' lang='lat' dir='ltr'>dicteria</span> <span class='ocrx_word' id='word_1_18' title='bbox 628 569 742 629; x_wconf 88' lang='lat' dir='ltr'>contra</span> <span class='ocrx_word' id='word_1_19' title='bbox 765 563 954 629; x_wconf 78' lang='lat' dir='ltr'><strong>sacerdotes</strong></span> <span class='ocrx_word' id='word_1_20' title='bbox 977 566 1057 628; x_wconf 78' lang='lat' dir='ltr'>etc‘</span> 
     </span>
    </p>
   </div>
   <div class='ocr_carea' id='block_1_3' title="bbox 83 668 1471 1823">
    <p class='ocr_par' dir='ltr' id='par_1_3' title="bbox 83 668 1468 1283">
     <span class='ocr_line' id='line_1_4' title="bbox 83 668 1466 756; baseline 0.007 -31"><span class='ocrx_word' id='word_1_21' title='bbox 83 671 134 726; x_wconf 77' lang='lat'>170</span> <span class='ocrx_word' id='word_1_22' title='bbox 232 670 271 735; x_wconf 86' lang='lat' dir='ltr'>R.</span> <span class='ocrx_word' id='word_1_23' title='bbox 296 670 337 734; x_wconf 90' lang='lat' dir='ltr'>ad</span> <span class='ocrx_word' id='word_1_24' title='bbox 362 677 509 756; x_wconf 72' lang='lat' dir='ltr'>quartam</span> <span class='ocrx_word' id='word_1_25' title='bbox 534 690 655 737; x_wconf 90' lang='lat' dir='ltr'>casum.</span> <span class='ocrx_word' id='word_1_26' title='bbox 690 669 727 734; x_wconf 95' lang='lat' dir='ltr'>In</span> <span class='ocrx_word' id='word_1_27' title='bbox 750 669 811 735; x_wconf 91' lang='lat' dir='ltr'>hoc</span> <span class='ocrx_word' id='word_1_28' title='bbox 835 690 911 735; x_wconf 88' lang='lat' dir='ltr'>casu</span> <span class='ocrx_word' id='word_1_29' title='bbox 936 670 1019 735; x_wconf 91' lang='lat' dir='ltr'>dnae</span> <span class='ocrx_word' id='word_1_30' title='bbox 1036 672 1210 734; x_wconf 91' lang='lat' dir='ltr'>occurrunt</span> <span class='ocrx_word' id='word_1_31' title='bbox 1231 668 1466 753; x_wconf 80' lang='lat' dir='ltr'>prohibitiones</span> 
     </span>
     <span class='ocr_line' id='line_1_5' title="bbox 144 757 1466 843; baseline -0.002 -19"><span class='ocrx_word' id='word_1_32' title='bbox 144 759 311 824; x_wconf 82' lang='lat' dir='ltr'>Ecclesiae</span> <span class='ocrx_word' id='word_1_33' title='bbox 335 758 374 825; x_wconf 90' lang='lat' dir='ltr'>de</span> <span class='ocrx_word' id='word_1_34' title='bbox 397 759 513 841; x_wconf 90' lang='lat' dir='ltr'>quibus</span> <span class='ocrx_word' id='word_1_35' title='bbox 537 759 650 842; x_wconf 89' lang='lat' dir='ltr'>quaeri</span> <span class='ocrx_word' id='word_1_36' title='bbox 672 763 792 843; x_wconf 89' lang='lat' dir='ltr'>potest,</span> <span class='ocrx_word' id='word_1_37' title='bbox 817 781 893 824; x_wconf 92' lang='lat' dir='ltr'>uum</span> <span class='ocrx_word' id='word_1_38' title='bbox 909 761 1101 824; x_wconf 90' lang='lat' dir='ltr'>occurrente</span> <span class='ocrx_word' id='word_1_39' title='bbox 1116 757 1314 824; x_wconf 78' lang='lat' dir='ltr'>necessitate</span> <span class='ocrx_word' id='word_1_40' title='bbox 1329 779 1466 843; x_wconf 91' lang='lat' dir='ltr'>suspen·</span> 
     </span>
     <span class='ocr_line' id='line_1_6' title="bbox 145 846 1467 932; baseline 0.001 -20"><span class='ocrx_word' id='word_1_41' title='bbox 145 848 281 914; x_wconf 91' lang='lat' dir='ltr'>dantur:</span> <span class='ocrx_word' id='word_1_42' title='bbox 305 851 340 914; x_wconf 91' lang='lat' dir='ltr'>et</span> <span class='ocrx_word' id='word_1_43' title='bbox 362 847 535 932; x_wconf 89' lang='lat' dir='ltr'>prohibitio</span> <span class='ocrx_word' id='word_1_44' title='bbox 558 869 600 913; x_wconf 93' lang='lat' dir='ltr'>ne</span> <span class='ocrx_word' id='word_1_45' title='bbox 623 848 776 914; x_wconf 79' lang='lat' dir='ltr'>sacerdos</span> <span class='ocrx_word' id='word_1_46' title='bbox 799 848 904 913; x_wconf 91' lang='lat' dir='ltr'>bisin</span> <span class='ocrx_word' id='word_1_47' title='bbox 928 847 979 912; x_wconf 93' lang='lat' dir='ltr'>die</span> <span class='ocrx_word' id='word_1_48' title='bbox 994 847 1146 926; x_wconf 89' lang='lat' dir='ltr'>celebret,</span> <span class='ocrx_word' id='word_1_49' title='bbox 1170 852 1205 914; x_wconf 89' lang='lat' dir='ltr'>et</span> <span class='ocrx_word' id='word_1_50' title='bbox 1227 846 1403 930; x_wconf 87' lang='lat' dir='ltr'>prohibitio</span> <span class='ocrx_word' id='word_1_51' title='bbox 1427 868 1467 913; x_wconf 91' lang='lat' dir='ltr'>ne</span> 
     </span>
     <span class='ocr_line' id='line_1_7' title="bbox 146 935 1468 1004; baseline -0.002 -1"><span class='ocrx_word' id='word_1_52' title='bbox 146 937 288 1004; x_wconf 87' lang='lat' dir='ltr'>celebret</span> <span class='ocrx_word' id='word_1_53' title='bbox 310 937 401 1002; x_wconf 90' lang='lat' dir='ltr'>laeso</span> <span class='ocrx_word' id='word_1_54' title='bbox 423 936 553 1002; x_wconf 90' lang='lat' dir='ltr'>ieiunio.</span> <span class='ocrx_word' id='word_1_55' title='bbox 591 936 712 1003; x_wconf 91' lang='lat' dir='ltr'>Verum</span> <span class='ocrx_word' id='word_1_56' title='bbox 736 937 915 1002; x_wconf 78' lang='lat' dir='ltr'>necessitas</span> <span class='ocrx_word' id='word_1_57' title='bbox 938 936 1050 1004; x_wconf 79' lang='lat' dir='ltr'>viatici</span> <span class='ocrx_word' id='word_1_58' title='bbox 1073 935 1320 1003; x_wconf 89' lang='lat' dir='ltr'>administrandi</span> <span class='ocrx_word' id='word_1_59' title='bbox 1344 945 1468 1003; x_wconf 82' lang='lat' dir='ltr'>atram·</span> 
     </span>
     <span class='ocr_line' id='line_1_8' title="bbox 146 1024 1467 1112; baseline 0.001 -21"><span class='ocrx_word' id='word_1_60' title='bbox 146 1049 204 1112; x_wconf 80' lang='lat' dir='ltr'>que</span> <span class='ocrx_word' id='word_1_61' title='bbox 232 1027 339 1108; x_wconf 87' lang='lat' dir='ltr'>legem</span> <span class='ocrx_word' id='word_1_62' title='bbox 368 1025 582 1110; x_wconf 85' lang='lat' dir='ltr'>probabiliter</span> <span class='ocrx_word' id='word_1_63' title='bbox 611 1026 790 1111; x_wconf 86' lang='lat' dir='ltr'>suspendit.</span> <span class='ocrx_word' id='word_1_64' title='bbox 837 1025 944 1103; x_wconf 84' lang='lat' dir='ltr'>Quare</span> <span class='ocrx_word' id='word_1_65' title='bbox 974 1024 1128 1092; x_wconf 88' lang='lat' dir='ltr'>sacerdos</span> <span class='ocrx_word' id='word_1_66' title='bbox 1151 1028 1242 1090; x_wconf 88' lang='lat' dir='ltr'>recte</span> <span class='ocrx_word' id='word_1_67' title='bbox 1268 1025 1339 1109; x_wconf 84' lang='lat' dir='ltr'>egit</span> <span class='ocrx_word' id='word_1_68' title='bbox 1362 1025 1467 1092; x_wconf 89' lang='lat' dir='ltr'>denuo</span> 
     </span>
     <span class='ocr_line' id='line_1_9' title="bbox 146 1114 1468 1199; baseline 0 -19"><span class='ocrx_word' id='word_1_69' title='bbox 146 1115 331 1193; x_wconf 88' lang='lat' dir='ltr'>celebrans,</span> <span class='ocrx_word' id='word_1_70' title='bbox 356 1115 456 1182; x_wconf 89' lang='lat' dir='ltr'>etiam</span> <span class='ocrx_word' id='word_1_71' title='bbox 479 1120 653 1199; x_wconf 89' lang='lat' dir='ltr'>postquam</span> <span class='ocrx_word' id='word_1_72' title='bbox 676 1136 735 1199; x_wconf 92' lang='lat' dir='ltr'>per</span> <span class='ocrx_word' id='word_1_73' title='bbox 757 1114 933 1180; x_wconf 90' lang='lat' dir='ltr'>ablutionis</span> <span class='ocrx_word' id='word_1_74' title='bbox 955 1115 1173 1198; x_wconf 85' lang='lat' dir='ltr'>sumptionem</span> <span class='ocrx_word' id='word_1_75' title='bbox 1196 1114 1292 1182; x_wconf 84' lang='lat' dir='ltr'>laesit</span> <span class='ocrx_word' id='word_1_76' title='bbox 1315 1115 1468 1182; x_wconf 90' lang='lat' dir='ltr'>naturale</span> 
     </span>
     <span class='ocr_line' id='line_1_10' title="bbox 145 1203 647 1283; baseline 0.004 -15"><span class='ocrx_word' id='word_1_77' title='bbox 145 1203 309 1269; x_wconf 92' lang='lat' dir='ltr'>ieiunium.</span> <span class='ocrx_word' id='word_1_78' title='bbox 361 1205 647 1283; x_wconf 17' lang='lat' dir='ltr'>aa.mr.11,161.</span> 
     </span>
    </p>

    <p class='ocr_par' dir='ltr' id='par_1_4' title="bbox 147 1292 1471 1823">
     <span class='ocr_line' id='line_1_11' title="bbox 235 1292 1468 1377; baseline -0.001 -19"><span class='ocrx_word' id='word_1_79' title='bbox 235 1292 392 1358; x_wconf 85' lang='lat' dir='ltr'>Similiter</span> <span class='ocrx_word' id='word_1_80' title='bbox 414 1298 503 1360; x_wconf 89' lang='lat' dir='ltr'>recte</span> <span class='ocrx_word' id='word_1_81' title='bbox 519 1293 588 1376; x_wconf 82' lang='lat' dir='ltr'>egit</span> <span class='ocrx_word' id='word_1_82' title='bbox 610 1297 686 1377; x_wconf 89' lang='lat' dir='ltr'>post</span> <span class='ocrx_word' id='word_1_83' title='bbox 708 1296 871 1359; x_wconf 91' lang='lat' dir='ltr'>mortuum</span> <span class='ocrx_word' id='word_1_84' title='bbox 888 1296 1059 1376; x_wconf 85' lang='lat' dir='ltr'>aegrotum</span> <span class='ocrx_word' id='word_1_85' title='bbox 1076 1312 1269 1358; x_wconf 88' lang='lat' dir='ltr'>consumens</span> <span class='ocrx_word' id='word_1_86' title='bbox 1291 1313 1318 1359; x_wconf 90' lang='lat' dir='ltr'>s.</span> <span class='ocrx_word' id='word_1_87' title='bbox 1341 1292 1468 1376; x_wconf 87' lang='lat' dir='ltr'>species</span> 
     </span>
     <span class='ocr_line' id='line_1_12' title="bbox 147 1381 1470 1465; baseline -0.001 -18"><span class='ocrx_word' id='word_1_88' title='bbox 147 1403 167 1447; x_wconf 90' lang='lat' dir='ltr'>a</span> <span class='ocrx_word' id='word_1_89' title='bbox 191 1402 226 1447; x_wconf 92' lang='lat' dir='ltr'>se</span> <span class='ocrx_word' id='word_1_90' title='bbox 249 1403 309 1465; x_wconf 90' lang='lat' dir='ltr'>pro</span> <span class='ocrx_word' id='word_1_91' title='bbox 331 1382 523 1448; x_wconf 89' lang='lat' dir='ltr'>moribundo</span> <span class='ocrx_word' id='word_1_92' title='bbox 547 1387 764 1459; x_wconf 89' lang='lat' dir='ltr'>consecratas,</span> <span class='ocrx_word' id='word_1_93' title='bbox 790 1401 828 1447; x_wconf 91' lang='lat' dir='ltr'>eo</span> <span class='ocrx_word' id='word_1_94' title='bbox 852 1383 938 1464; x_wconf 89' lang='lat' dir='ltr'>quod</span> <span class='ocrx_word' id='word_1_95' title='bbox 961 1381 1194 1448; x_wconf 89' lang='lat' dir='ltr'>convenienter</span> <span class='ocrx_word' id='word_1_96' title='bbox 1216 1382 1382 1448; x_wconf 88' lang='lat' dir='ltr'>asservari</span> <span class='ocrx_word' id='word_1_97' title='bbox 1405 1402 1470 1447; x_wconf 89' lang='lat' dir='ltr'>non</span> 
     </span>
     <span class='ocr_line' id='line_1_13' title="bbox 147 1469 1469 1555; baseline 0.002 -21"><span class='ocrx_word' id='word_1_98' title='bbox 147 1471 323 1555; x_wconf 90' lang='lat' dir='ltr'>potuerint.</span> <span class='ocrx_word' id='word_1_99' title='bbox 359 1471 412 1537; x_wconf 91' lang='lat' dir='ltr'>lta</span> <span class='ocrx_word' id='word_1_100' title='bbox 434 1471 520 1537; x_wconf 89' lang='lat' dir='ltr'>enim</span> <span class='ocrx_word' id='word_1_101' title='bbox 543 1472 644 1537; x_wconf 88' lang='lat' dir='ltr'>habes</span> <span class='ocrx_word' id='word_1_102' title='bbox 667 1493 709 1536; x_wconf 85' lang='lat' dir='ltr'>ex</span> <span class='ocrx_word' id='word_1_103' title='bbox 732 1470 811 1555; x_wconf 89' lang='lat' dir='ltr'>ipsis</span> <span class='ocrx_word' id='word_1_104' title='bbox 834 1471 971 1537; x_wconf 84' lang='lat' dir='ltr'>rubricis</span> <span class='ocrx_word' id='word_1_105' title='bbox 993 1470 1147 1537; x_wconf 88' lang='lat' dir='ltr'>Missalis.</span> <span class='ocrx_word' id='word_1_106' title='bbox 1187 1471 1243 1537; x_wconf 80' lang='lat' dir='ltr'>lh.</span> <span class='ocrx_word' id='word_1_107' title='bbox 1259 1493 1301 1538; x_wconf 86' lang='lat' dir='ltr'>m.</span> <span class='ocrx_word' id='word_1_108' title='bbox 1326 1469 1368 1548; x_wconf 87' lang='grc' dir='ltr'>Π,</span> <span class='ocrx_word' id='word_1_109' title='bbox 1396 1473 1469 1536; x_wconf 77' lang='grc'><strong>142.</strong></span> 
     </span>
     <span class='ocr_line' id='line_1_14' title="bbox 236 1559 1469 1644; baseline 0.001 -20"><span class='ocrx_word' id='word_1_110' title='bbox 236 1560 344 1636; x_wconf 86' lang='lat' dir='ltr'>Quare</span> <span class='ocrx_word' id='word_1_111' title='bbox 367 1581 501 1625; x_wconf 91' lang='lat' dir='ltr'>necesse</span> <span class='ocrx_word' id='word_1_112' title='bbox 524 1582 588 1625; x_wconf 89' lang='lat' dir='ltr'>non</span> <span class='ocrx_word' id='word_1_113' title='bbox 612 1564 664 1625; x_wconf 88' lang='lat' dir='ltr'>est</span> <span class='ocrx_word' id='word_1_114' title='bbox 692 1580 860 1625; x_wconf 90' lang='lat' dir='ltr'>recurrere</span> <span class='ocrx_word' id='word_1_115' title='bbox 884 1559 926 1626; x_wconf 91' lang='lat' dir='ltr'>ad</span> <span class='ocrx_word' id='word_1_116' title='bbox 955 1560 1135 1644; x_wconf 91' lang='lat' dir='ltr'>periculum</span> <span class='ocrx_word' id='word_1_117' title='bbox 1164 1559 1405 1643; x_wconf 87' lang='lat' dir='ltr'>profanationis</span> <span class='ocrx_word' id='word_1_118' title='bbox 1428 1581 1469 1625; x_wconf 84' lang='lat' dir='ltr'>ex</span> 
     </span>
     <span class='ocr_line' id='line_1_15' title="bbox 147 1647 1470 1733; baseline 0 -19"><span class='ocrx_word' id='word_1_119' title='bbox 147 1653 242 1732; x_wconf 88' lang='lat' dir='ltr'>parte</span> <span class='ocrx_word' id='word_1_120' title='bbox 266 1648 513 1717; x_wconf 90' lang='lat' dir='ltr'>haereticorum.</span> <span class='ocrx_word' id='word_1_121' title='bbox 549 1648 638 1726; x_wconf 86' lang='lat' dir='ltr'>Quae</span> <span class='ocrx_word' id='word_1_122' title='bbox 661 1649 689 1715; x_wconf 94' lang='lat' dir='ltr'>si</span> <span class='ocrx_word' id='word_1_123' title='bbox 712 1671 748 1715; x_wconf 93' lang='lat' dir='ltr'>re</span> <span class='ocrx_word' id='word_1_124' title='bbox 771 1670 852 1714; x_wconf 90' lang='lat' dir='ltr'>vera</span> <span class='ocrx_word' id='word_1_125' title='bbox 874 1670 939 1714; x_wconf 90' lang='lat' dir='ltr'>non</span> <span class='ocrx_word' id='word_1_126' title='bbox 962 1649 1066 1714; x_wconf 89' lang='lat' dir='ltr'>solum</span> <span class='ocrx_word' id='word_1_127' title='bbox 1090 1647 1233 1714; x_wconf 84' lang='lat' dir='ltr'>adsitis</span> <span class='ocrx_word' id='word_1_128' title='bbox 1256 1668 1389 1733; x_wconf 82' lang='lat' dir='ltr'>genere,</span> <span class='ocrx_word' id='word_1_129' title='bbox 1414 1650 1470 1714; x_wconf 89' lang='lat' dir='ltr'>sed</span> 
     </span>
     <span class='ocr_line' id='line_1_16' title="bbox 148 1737 1471 1823; baseline 0.002 -21"><span class='ocrx_word' id='word_1_130' title='bbox 148 1738 200 1802; x_wconf 91' lang='lat' dir='ltr'>hic</span> <span class='ocrx_word' id='word_1_131' title='bbox 223 1742 256 1803; x_wconf 89' lang='lat' dir='ltr'>et</span> <span class='ocrx_word' id='word_1_132' title='bbox 280 1759 364 1803; x_wconf 89' lang='lat' dir='ltr'>nunc</span> <span class='ocrx_word' id='word_1_133' title='bbox 393 1738 541 1822; x_wconf 88' lang='lat' dir='ltr'>proxime</span> <span class='ocrx_word' id='word_1_134' title='bbox 564 1738 684 1815; x_wconf 90' lang='lat' dir='ltr'>instat,</span> <span class='ocrx_word' id='word_1_135' title='bbox 716 1737 868 1821; x_wconf 85' lang='lat' dir='ltr'>quilibet,</span> <span class='ocrx_word' id='word_1_136' title='bbox 899 1738 999 1805; x_wconf 90' lang='lat' dir='ltr'>etiam</span> <span class='ocrx_word' id='word_1_137' title='bbox 1025 1737 1144 1817; x_wconf 87' lang='lat' dir='ltr'>laicus,</span> <span class='ocrx_word' id='word_1_138' title='bbox 1174 1741 1286 1823; x_wconf 90' lang='lat' dir='ltr'>potest</span> <span class='ocrx_word' id='word_1_139' title='bbox 1308 1744 1344 1805; x_wconf 89' lang='lat' dir='ltr'>et</span> <span class='ocrx_word' id='word_1_140' title='bbox 1374 1738 1471 1804; x_wconf 90' lang='lat' dir='ltr'>debet</span> 
     </span>
    </p>
   </div>
   <div class='ocr_carea' id='block_1_4' title="bbox 149 1826 1470 1995">
    <p class='ocr_par' dir='ltr' id='par_1_5' title="bbox 149 1826 1470 1995">
     <span class='ocr_line' id='line_1_17' title="bbox 149 1826 1470 1982; baseline 0.002 -91"><span class='ocrx_word' id='word_1_141' title='bbox 149 1827 249 1982; x_wconf 46' lang='lat' dir='ltr'>{tiam</span> <span class='ocrx_word' id='word_1_142' title='bbox 272 1848 336 1981; x_wconf 68' lang='lat' dir='ltr'>npp</span> <span class='ocrx_word' id='word_1_143' title='bbox 359 1826 486 1892; x_wconf 88' lang='lat' dir='ltr'>ieiunus</span> <span class='ocrx_word' id='word_1_144' title='bbox 508 1849 535 1894; x_wconf 89' lang='lat' dir='ltr'>s.</span> <span class='ocrx_word' id='word_1_145' title='bbox 552 1827 676 1911; x_wconf 89' lang='lat' dir='ltr'>species</span> <span class='ocrx_word' id='word_1_146' title='bbox 699 1847 889 1893; x_wconf 87' lang='lat' dir='ltr'>consumere</span> <span class='ocrx_word' id='word_1_147' title='bbox 912 1833 946 1894; x_wconf 88' lang='lat' dir='ltr'>et</span> <span class='ocrx_word' id='word_1_148' title='bbox 968 1827 1017 1892; x_wconf 94' lang='lat' dir='ltr'>ita</span> <span class='ocrx_word' id='word_1_149' title='bbox 1040 1848 1058 1892; x_wconf 94' lang='lat' dir='ltr'>e</span> <span class='ocrx_word' id='word_1_150' title='bbox 1081 1826 1310 1910; x_wconf 86' lang='lat' dir='ltr'>profanatione</span> <span class='ocrx_word' id='word_1_151' title='bbox 1333 1828 1470 1912; x_wconf 90' lang='lat' dir='ltr'>eripere.</span> 
     </span>
     <span class='ocr_line' id='line_1_18' title="bbox 180 1918 439 1995; baseline 0.008 -15"><span class='ocrx_word' id='word_1_152' title='bbox 180 1919 209 1982; x_wconf 88' lang='lat' dir='ltr'>h.</span> <span class='ocrx_word' id='word_1_153' title='bbox 233 1938 273 1984; x_wconf 87' lang='lat' dir='ltr'>m.</span> <span class='ocrx_word' id='word_1_154' title='bbox 331 1966 338 1995; x_wconf 96' lang='lat'>,</span> <span class='ocrx_word' id='word_1_155' title='bbox 366 1918 439 1983; x_wconf 85' lang='lat'><strong>162.</strong></span> 
     </span>
    </p>
   </div>
   <div class='ocr_carea' id='block_1_5' title="bbox 368 2072 1247 2191">
    <p class='ocr_par' dir='ltr' id='par_1_6' title="bbox 368 2072 1247 2191">
     <span class='ocr_line' id='line_1_19' title="bbox 368 2072 1247 2191; baseline 0.001 -9"><span class='ocrx_word' id='word_1_156' title='bbox 368 2072 580 2183; x_wconf 79' lang='lat' dir='ltr'>ramnum</span> <span class='ocrx_word' id='word_1_157' title='bbox 603 2114 844 2182; x_wconf 73' lang='lat' dir='ltr'>aaronem</span> <span class='ocrx_word' id='word_1_158' title='bbox 868 2116 1057 2191; x_wconf 85' lang='lat' dir='ltr'>umsoua</span> <span class='ocrx_word' id='word_1_159' title='bbox 1081 2115 1247 2183; x_wconf 72' lang='lat' dir='ltr'>tanaro.</span> 
     </span>
    </p>
   </div>
   <div class='ocr_carea' id='block_1_6' title="bbox 712 2281 902 2355">
    <p class='ocr_par' dir='ltr' id='par_1_7' title="bbox 712 2281 902 2355">
     <span class='ocr_line' id='line_1_20' title="bbox 712 2281 902 2355; baseline 0.026 -8"><span class='ocrx_word' id='word_1_160' title='bbox 712 2281 824 2348; x_wconf 73' lang='lat' dir='ltr'>Casus.</span> <span class='ocrx_word' id='word_1_161' title='bbox 843 2289 902 2355; x_wconf 73' lang='lat'><strong>(49)</strong></span> 
     </span>
    </p>
   </div>
   <div class='ocr_carea' id='block_1_7' title="bbox 150 2420 1473 2720">
    <p class='ocr_par' dir='ltr' id='par_1_8' title="bbox 150 2420 1473 2720">
     <span class='ocr_line' id='line_1_21' title="bbox 243 2420 1472 2498; baseline 0 -20"><span class='ocrx_word' id='word_1_162' title='bbox 243 2422 267 2480; x_wconf 91' lang='lat'>1.</span> <span class='ocrx_word' id='word_1_163' title='bbox 295 2420 448 2495; x_wconf 87' lang='lat' dir='ltr'>Ludgerus</span> <span class='ocrx_word' id='word_1_164' title='bbox 469 2421 678 2479; x_wconf 90' lang='lat' dir='ltr'>neo-sacerdos</span> <span class='ocrx_word' id='word_1_165' title='bbox 708 2439 819 2479; x_wconf 89' lang='lat' dir='ltr'>memor</span> <span class='ocrx_word' id='word_1_166' title='bbox 846 2439 969 2478; x_wconf 86' lang='lat' dir='ltr'>severae</span> <span class='ocrx_word' id='word_1_167' title='bbox 995 2420 1071 2495; x_wconf 83' lang='lat' dir='ltr'>legis</span> <span class='ocrx_word' id='word_1_168' title='bbox 1093 2439 1150 2495; x_wconf 90' lang='lat' dir='ltr'>qua</span> <span class='ocrx_word' id='word_1_169' title='bbox 1170 2420 1306 2480; x_wconf 83' lang='lat' dir='ltr'>Ecclesia</span> <span class='ocrx_word' id='word_1_170' title='bbox 1337 2422 1472 2498; x_wconf 91' lang='lat' dir='ltr'>probibet</span> 
     </span>
     <span class='ocr_line' id='line_1_22' title="bbox 152 2500 1473 2577; baseline -0.001 -17"><span class='ocrx_word' id='word_1_171' title='bbox 152 2520 189 2560; x_wconf 89' lang='lat' dir='ltr'>ne</span> <span class='ocrx_word' id='word_1_172' title='bbox 210 2507 278 2577; x_wconf 88' lang='lat' dir='ltr'>post</span> <span class='ocrx_word' id='word_1_173' title='bbox 298 2502 411 2560; x_wconf 88' lang='lat' dir='ltr'>laesum</span> <span class='ocrx_word' id='word_1_174' title='bbox 431 2500 572 2560; x_wconf 91' lang='lat' dir='ltr'>ieiunium</span> <span class='ocrx_word' id='word_1_175' title='bbox 592 2501 729 2559; x_wconf 89' lang='lat' dir='ltr'>naturale</span> <span class='ocrx_word' id='word_1_176' title='bbox 751 2520 790 2560; x_wconf 88' lang='lat' dir='ltr'>ss.</span> <span class='ocrx_word' id='word_1_177' title='bbox 813 2500 992 2559; x_wconf 89' lang='lat' dir='ltr'>eucharistia</span> <span class='ocrx_word' id='word_1_178' title='bbox 1014 2507 1162 2559; x_wconf 70' lang='lat' dir='ltr'>sumatur*</span> <span class='ocrx_word' id='word_1_179' title='bbox 1177 2502 1207 2559; x_wconf 90' lang='lat' dir='ltr'>in</span> <span class='ocrx_word' id='word_1_180' title='bbox 1230 2503 1387 2577; x_wconf 84' lang='lat' dir='ltr'>angustias</span> <span class='ocrx_word' id='word_1_181' title='bbox 1409 2522 1473 2560; x_wconf 90' lang='lat' dir='ltr'>con·</span> 
     </span>
     <span class='ocr_line' id='line_1_23' title="bbox 152 2580 1472 2658; baseline 0.001 -18"><span class='ocrx_word' id='word_1_182' title='bbox 152 2583 249 2650; x_wconf 89' lang='lat' dir='ltr'>icitur,</span> <span class='ocrx_word' id='word_1_183' title='bbox 271 2599 336 2639; x_wconf 91' lang='lat' dir='ltr'>cum</span> <span class='ocrx_word' id='word_1_184' title='bbox 358 2600 451 2657; x_wconf 88' lang='lat' dir='ltr'>nuper</span> <span class='ocrx_word' id='word_1_185' title='bbox 471 2580 502 2638; x_wconf 92' lang='lat' dir='ltr'>in</span> <span class='ocrx_word' id='word_1_186' title='bbox 524 2580 725 2640; x_wconf 90' lang='lat' dir='ltr'>celebratione</span> <span class='ocrx_word' id='word_1_187' title='bbox 747 2586 864 2656; x_wconf 90' lang='lat' dir='ltr'>sumpto</span> <span class='ocrx_word' id='word_1_188' title='bbox 886 2580 979 2639; x_wconf 92' lang='lat' dir='ltr'>calice</span> <span class='ocrx_word' id='word_1_189' title='bbox 1000 2581 1138 2639; x_wconf 89' lang='lat' dir='ltr'>advertat</span> <span class='ocrx_word' id='word_1_190' title='bbox 1159 2601 1191 2639; x_wconf 90' lang='lat' dir='ltr'>se</span> <span class='ocrx_word' id='word_1_191' title='bbox 1214 2601 1267 2657; x_wconf 92' lang='lat' dir='ltr'>pro</span> <span class='ocrx_word' id='word_1_192' title='bbox 1282 2582 1353 2641; x_wconf 84' lang='lat' dir='ltr'>vino</span> <span class='ocrx_word' id='word_1_193' title='bbox 1368 2601 1472 2658; x_wconf 90' lang='lat' dir='ltr'>aquam</span> 
     </span>
     <span class='ocr_line' id='line_1_24' title="bbox 150 2661 298 2720; baseline 0 0"><span class='ocrx_word' id='word_1_194' title='bbox 150 2661 298 2720; x_wconf 87' lang='lat' dir='ltr'>habuisse.</span> 
     </span>
    </p>
   </div>
   <div class='ocr_carea' id='block_1_8' title="bbox 151 2748 1474 2905">
    <p class='ocr_par' dir='ltr' id='par_1_9' title="bbox 151 2748 1474 2905">
     <span class='ocr_line' id='line_1_25' title="bbox 241 2748 1474 2826; baseline 0.001 -19"><span class='ocrx_word' id='word_1_195' title='bbox 241 2752 268 2808; x_wconf 87' lang='lat'>2.</span> <span class='ocrx_word' id='word_1_196' title='bbox 290 2750 366 2808; x_wconf 91' lang='lat' dir='ltr'>Dein</span> <span class='ocrx_word' id='word_1_197' title='bbox 397 2755 513 2826; x_wconf 88' lang='lat' dir='ltr'>sumpta</span> <span class='ocrx_word' id='word_1_198' title='bbox 540 2748 598 2806; x_wconf 87' lang='lat' dir='ltr'>iarn</span> <span class='ocrx_word' id='word_1_199' title='bbox 625 2749 775 2807; x_wconf 88' lang='lat' dir='ltr'>ablutione</span> <span class='ocrx_word' id='word_1_200' title='bbox 795 2750 968 2807; x_wconf 87' lang='lat' dir='ltr'>recordatur</span> <span class='ocrx_word' id='word_1_201' title='bbox 996 2749 1137 2808; x_wconf 91' lang='lat' dir='ltr'>ciborium</span> <span class='ocrx_word' id='word_1_202' title='bbox 1164 2749 1292 2808; x_wconf 88' lang='lat' dir='ltr'>minimis</span> <span class='ocrx_word' id='word_1_203' title='bbox 1319 2750 1474 2826; x_wconf 87' lang='lat' dir='ltr'>particulis</span> 
     </span>
     <span class='ocr_line' id='line_1_26' title="bbox 151 2829 732 2905; baseline -0.003 -16"><span class='ocrx_word' id='word_1_204' title='bbox 151 2849 217 2889; x_wconf 89' lang='lat' dir='ltr'>esse</span> <span class='ocrx_word' id='word_1_205' title='bbox 239 2829 440 2889; x_wconf 88' lang='lat' dir='ltr'>evacuandum</span> <span class='ocrx_word' id='word_1_206' title='bbox 461 2836 491 2887; x_wconf 88' lang='lat' dir='ltr'>et</span> <span class='ocrx_word' id='word_1_207' title='bbox 511 2829 732 2905; x_wconf 88' lang='lat' dir='ltr'>purificandum.</span> 
     </span>
    </p>
   </div>
   <div class='ocr_carea' id='block_1_9' title="bbox 152 2917 1475 3234">
    <p class='ocr_par' dir='ltr' id='par_1_10' title="bbox 152 2917 1475 3234">
     <span class='ocr_line' id='line_1_27' title="bbox 241 2917 1474 2995; baseline -0.001 -18"><span class='ocrx_word' id='word_1_208' title='bbox 241 2920 267 2978; x_wconf 89' lang='lat'>3.</span> <span class='ocrx_word' id='word_1_209' title='bbox 289 2918 324 2976; x_wconf 92' lang='lat' dir='ltr'>In</span> <span class='ocrx_word' id='word_1_210' title='bbox 345 2919 423 2976; x_wconf 83' lang='lat' dir='ltr'>festo</span> <span class='ocrx_word' id='word_1_211' title='bbox 444 2917 610 2976; x_wconf 86' lang='lat' dir='ltr'>nativitatis</span> <span class='ocrx_word' id='word_1_212' title='bbox 625 2918 744 2976; x_wconf 90' lang='lat' dir='ltr'>Domini</span> <span class='ocrx_word' id='word_1_213' title='bbox 765 2917 794 2975; x_wconf 92' lang='lat' dir='ltr'>in</span> <span class='ocrx_word' id='word_1_214' title='bbox 809 2917 903 2993; x_wconf 89' lang='lat' dir='ltr'>prima</span> <span class='ocrx_word' id='word_1_215' title='bbox 917 2917 1009 2976; x_wconf 85' lang='lat' dir='ltr'>missa</span> <span class='ocrx_word' id='word_1_216' title='bbox 1029 2917 1059 2975; x_wconf 91' lang='lat' dir='ltr'>in</span> <span class='ocrx_word' id='word_1_217' title='bbox 1081 2917 1264 2994; x_wconf 85' lang='lat' dir='ltr'>purificanda</span> <span class='ocrx_word' id='word_1_218' title='bbox 1277 2922 1390 2995; x_wconf 78' lang='lat' dir='ltr'>patena</span> <span class='ocrx_word' id='word_1_219' title='bbox 1411 2939 1474 2978; x_wconf 87' lang='lat' dir='ltr'>curn</span> 
     </span>
     <span class='ocr_line' id='line_1_28' title="bbox 152 2997 1475 3074; baseline 0.001 -17"><span class='ocrx_word' id='word_1_220' title='bbox 152 2999 248 3057; x_wconf 90' lang='lat' dir='ltr'>dubiis</span> <span class='ocrx_word' id='word_1_221' title='bbox 275 2997 428 3074; x_wconf 89' lang='lat' dir='ltr'>particulis</span> <span class='ocrx_word' id='word_1_222' title='bbox 459 2997 547 3056; x_wconf 89' lang='lat' dir='ltr'>etiam</span> <span class='ocrx_word' id='word_1_223' title='bbox 576 2998 725 3074; x_wconf 78' lang='lat' dir='ltr'>pulverem</span> <span class='ocrx_word' id='word_1_224' title='bbox 754 3017 791 3055; x_wconf 86' lang='lat' dir='ltr'>ex</span> <span class='ocrx_word' id='word_1_225' title='bbox 822 2998 967 3074; x_wconf 92' lang='lat' dir='ltr'>corporali</span> <span class='ocrx_word' id='word_1_226' title='bbox 996 2998 1152 3056; x_wconf 89' lang='lat' dir='ltr'>collectum</span> <span class='ocrx_word' id='word_1_227' title='bbox 1180 2998 1212 3056; x_wconf 91' lang='lat' dir='ltr'>in</span> <span class='ocrx_word' id='word_1_228' title='bbox 1240 2999 1363 3058; x_wconf 87' lang='lat' dir='ltr'>calicem</span> <span class='ocrx_word' id='word_1_229' title='bbox 1396 2999 1475 3058; x_wconf 86' lang='lat' dir='ltr'>misit</span> 
     </span>
     <span class='ocr_line' id='line_1_29' title="bbox 152 3077 1475 3154; baseline 0 -16"><span class='ocrx_word' id='word_1_230' title='bbox 152 3099 246 3154; x_wconf 90' lang='lat' dir='ltr'>neque</span> <span class='ocrx_word' id='word_1_231' title='bbox 267 3079 363 3154; x_wconf 91' lang='lat' dir='ltr'>potuit</span> <span class='ocrx_word' id='word_1_232' title='bbox 384 3097 443 3135; x_wconf 91' lang='lat' dir='ltr'>non</span> <span class='ocrx_word' id='word_1_233' title='bbox 471 3096 586 3136; x_wconf 90' lang='lat' dir='ltr'>sumere</span> <span class='ocrx_word' id='word_1_234' title='bbox 617 3079 749 3151; x_wconf 84' lang='lat' dir='ltr'>guttulas</span> <span class='ocrx_word' id='word_1_235' title='bbox 770 3077 800 3135; x_wconf 90' lang='lat' dir='ltr'>in</span> <span class='ocrx_word' id='word_1_236' title='bbox 823 3078 915 3136; x_wconf 90' lang='lat' dir='ltr'>calice</span> <span class='ocrx_word' id='word_1_237' title='bbox 937 3077 1102 3154; x_wconf 88' lang='lat' dir='ltr'>dispersas:</span> <span class='ocrx_word' id='word_1_238' title='bbox 1132 3078 1201 3137; x_wconf 92' lang='lat' dir='ltr'>hinc</span> <span class='ocrx_word' id='word_1_239' title='bbox 1222 3077 1306 3139; x_wconf 91' lang='lat' dir='ltr'>timet</span> <span class='ocrx_word' id='word_1_240' title='bbox 1336 3079 1372 3138; x_wconf 90' lang='lat' dir='ltr'>de</span> <span class='ocrx_word' id='word_1_241' title='bbox 1393 3080 1475 3139; x_wconf 91' lang='lat' dir='ltr'>laeso</span> 
     </span>
     <span class='ocr_line' id='line_1_30' title="bbox 153 3157 1083 3234; baseline -0.001 -17"><span class='ocrx_word' id='word_1_242' title='bbox 153 3159 261 3218; x_wconf 90' lang='lat' dir='ltr'>ieiunio</span> <span class='ocrx_word' id='word_1_243' title='bbox 283 3178 339 3234; x_wconf 93' lang='lat' dir='ltr'>quo</span> <span class='ocrx_word' id='word_1_244' title='bbox 360 3158 551 3233; x_wconf 89' lang='lat' dir='ltr'>prohibeatur</span> <span class='ocrx_word' id='word_1_245' title='bbox 572 3177 589 3215; x_wconf 90' lang='lat' dir='ltr'>a</span> <span class='ocrx_word' id='word_1_246' title='bbox 611 3157 742 3216; x_wconf 91' lang='lat' dir='ltr'>dicendis</span> <span class='ocrx_word' id='word_1_247' title='bbox 764 3158 863 3216; x_wconf 86' lang='lat' dir='ltr'>missis</span> <span class='ocrx_word' id='word_1_248' title='bbox 884 3158 1083 3217; x_wconf 87' lang='lat' dir='ltr'>ulterioribus.</span> 
     </span>
    </p>
   </div>
   <div class='ocr_carea' id='block_1_10' title="bbox 153 3245 1477 3482">
    <p class='ocr_par' dir='ltr' id='par_1_11' title="bbox 153 3245 1477 3482">
     <span class='ocr_line' id='line_1_31' title="bbox 242 3245 1477 3322; baseline 0.002 -17"><span class='ocrx_word' id='word_1_249' title='bbox 242 3251 268 3307; x_wconf 88' lang='lat'>4.</span> <span class='ocrx_word' id='word_1_250' title='bbox 291 3247 361 3306; x_wconf 82' lang='lat' dir='ltr'>Cum</span> <span class='ocrx_word' id='word_1_251' title='bbox 382 3247 429 3304; x_wconf 85' lang='lat' dir='ltr'>vir</span> <span class='ocrx_word' id='word_1_252' title='bbox 450 3246 567 3305; x_wconf 91' lang='lat' dir='ltr'>adultus</span> <span class='ocrx_word' id='word_1_253' title='bbox 582 3251 663 3304; x_wconf 89' lang='lat' dir='ltr'>esset</span> <span class='ocrx_word' id='word_1_254' title='bbox 677 3246 872 3322; x_wconf 88' lang='lat' dir='ltr'>baptizandus</span> <span class='ocrx_word' id='word_1_255' title='bbox 888 3247 1031 3322; x_wconf 91' lang='lat' dir='ltr'>simulque</span> <span class='ocrx_word' id='word_1_256' title='bbox 1046 3245 1315 3315; x_wconf 87' lang='lat' dir='ltr'>communicandus,</span> <span class='ocrx_word' id='word_1_257' title='bbox 1339 3248 1369 3307; x_wconf 91' lang='lat' dir='ltr'>in</span> <span class='ocrx_word' id='word_1_258' title='bbox 1385 3248 1477 3307; x_wconf 90' lang='lat' dir='ltr'>caeri-</span> 
     </span>
     <span class='ocr_line' id='line_1_32' title="bbox 153 3326 1475 3404; baseline 0 -19"><span class='ocrx_word' id='word_1_259' title='bbox 153 3328 251 3386; x_wconf 91' lang='lat' dir='ltr'>monia</span> <span class='ocrx_word' id='word_1_260' title='bbox 272 3326 411 3401; x_wconf 86' lang='lat' dir='ltr'>guetandi</span> <span class='ocrx_word' id='word_1_261' title='bbox 434 3327 506 3384; x_wconf 88' lang='lat' dir='ltr'>salis</span> <span class='ocrx_word' id='word_1_262' title='bbox 526 3326 639 3385; x_wconf 90' lang='lat' dir='ltr'>monuit</span> <span class='ocrx_word' id='word_1_263' title='bbox 659 3327 868 3402; x_wconf 87' lang='lat' dir='ltr'>baptizandum</span> <span class='ocrx_word' id='word_1_264' title='bbox 896 3332 929 3385; x_wconf 92' lang='lat' dir='ltr'>ut</span> <span class='ocrx_word' id='word_1_265' title='bbox 950 3334 1125 3402; x_wconf 84' lang='lat' dir='ltr'>exspueret,</span> <span class='ocrx_word' id='word_1_266' title='bbox 1155 3346 1192 3385; x_wconf 95' lang='lat' dir='ltr'>ne</span> <span class='ocrx_word' id='word_1_267' title='bbox 1212 3333 1336 3404; x_wconf 87' lang='lat' dir='ltr'>propter</span> <span class='ocrx_word' id='word_1_268' title='bbox 1363 3329 1475 3388; x_wconf 89' lang='lat' dir='ltr'>laesum</span> 
     </span>
     <span class='ocr_line' id='line_1_33' title="bbox 153 3406 775 3482; baseline -0.002 -17"><span class='ocrx_word' id='word_1_269' title='bbox 153 3408 291 3466; x_wconf 87' lang='lat' dir='ltr'>ieiunium</span> <span class='ocrx_word' id='word_1_270' title='bbox 314 3427 331 3465; x_wconf 91' lang='lat' dir='ltr'>a</span> <span class='ocrx_word' id='word_1_271' title='bbox 353 3407 555 3465; x_wconf 89' lang='lat' dir='ltr'>communione</span> <span class='ocrx_word' id='word_1_272' title='bbox 576 3406 775 3482; x_wconf 89' lang='lat' dir='ltr'>impediretur.</span> 
     </span>
    </p>
   </div>
   <div class='ocr_carea' id='block_1_11' title="bbox 155 3520 1476 3660">
    <p class='ocr_par' dir='ltr' id='par_1_12' title="bbox 155 3520 1476 3660">
     <span class='ocr_line' id='line_1_34' title="bbox 155 3520 1476 3600; baseline 0.002 -19"><span class='ocrx_word' id='word_1_273' title='bbox 155 3521 330 3591; x_wconf 81' lang='lat' dir='ltr'>Quanmrus</span> <span class='ocrx_word' id='word_1_274' title='bbox 350 3526 468 3579; x_wconf 88' lang='lat' dir='ltr'>rectene</span> <span class='ocrx_word' id='word_1_275' title='bbox 483 3521 636 3595; x_wconf 84' lang='lat' dir='ltr'>Ludgerus</span> <span class='ocrx_word' id='word_1_276' title='bbox 651 3520 831 3579; x_wconf 86' lang='lat' dir='ltr'>intellexerit</span> <span class='ocrx_word' id='word_1_277' title='bbox 846 3522 940 3595; x_wconf 86' lang='lat' dir='ltr'>legem</span> <span class='ocrx_word' id='word_1_278' title='bbox 955 3521 1119 3591; x_wconf 86' lang='lat' dir='ltr'>Ecclesiae,</span> <span class='ocrx_word' id='word_1_279' title='bbox 1143 3527 1172 3580; x_wconf 92' lang='lat' dir='ltr'>et</span> <span class='ocrx_word' id='word_1_280' title='bbox 1193 3521 1261 3596; x_wconf 91' lang='lat' dir='ltr'>quid</span> <span class='ocrx_word' id='word_1_281' title='bbox 1283 3523 1321 3581; x_wconf 92' lang='lat' dir='ltr'>ad</span> <span class='ocrx_word' id='word_1_282' title='bbox 1343 3523 1476 3600; x_wconf 83' lang='lat' dir='ltr'>singulos</span> 
     </span>
     <span class='ocr_line' id='line_1_35' title="bbox 354 3601 898 3660; baseline 0.002 -1"><span class='ocrx_word' id='word_1_283' title='bbox 354 3621 441 3660; x_wconf 87' lang='lat' dir='ltr'>casus</span> <span class='ocrx_word' id='word_1_284' title='bbox 463 3607 652 3659; x_wconf 87' lang='lat' dir='ltr'>occurrentes</span> <span class='ocrx_word' id='word_1_285' title='bbox 674 3601 828 3659; x_wconf 90' lang='lat' dir='ltr'>dicendum</span> <span class='ocrx_word' id='word_1_286' title='bbox 850 3601 898 3660; x_wconf 87' lang='lat' dir='ltr'>sit.</span> 
     </span>
    </p>
   </div>
   <div class='ocr_carea' id='block_1_12' title="bbox 749 3792 883 3858">
    <p class='ocr_par' dir='ltr' id='par_1_13' title="bbox 749 3792 883 3858">
     <span class='ocr_line' id='line_1_36' title="bbox 749 3792 883 3858; baseline 0 0"><span class='ocrx_word' id='word_1_287' title='bbox 749 3792 883 3858; x_wconf 79' lang='lat' dir='ltr'>Salutio.</span> 
     </span>
    </p>
   </div>
   <div class='ocr_carea' id='block_1_13' title="bbox 96 3935 1479 4737">
    <p class='ocr_par' dir='ltr' id='par_1_14' title="bbox 96 3935 1479 4737">
     <span class='ocr_line' id='line_1_37' title="bbox 96 3935 1477 4021; baseline 0.004 -22"><span class='ocrx_word' id='word_1_288' title='bbox 96 3936 145 3991; x_wconf 73' lang='lat' dir='ltr'>lil</span> <span class='ocrx_word' id='word_1_289' title='bbox 244 3937 283 4003; x_wconf 86' lang='lat' dir='ltr'>R.</span> <span class='ocrx_word' id='word_1_290' title='bbox 315 3939 330 3999; x_wconf 92' lang='lat' dir='ltr'>l</span> <span class='ocrx_word' id='word_1_291' title='bbox 362 3936 403 4000; x_wconf 94' lang='lat' dir='ltr'>ad</span> <span class='ocrx_word' id='word_1_292' title='bbox 434 3957 545 4000; x_wconf 87' lang='lat' dir='ltr'>casum</span> <span class='ocrx_word' id='word_1_293' title='bbox 574 3938 723 4021; x_wconf 73' lang='lat' dir='ltr'>prinrnm.</span> <span class='ocrx_word' id='word_1_294' title='bbox 770 3935 939 4016; x_wconf 83' lang='lat' dir='ltr'>Ludgerus</span> <span class='ocrx_word' id='word_1_295' title='bbox 969 3936 1054 4000; x_wconf 89' lang='lat' dir='ltr'>male</span> <span class='ocrx_word' id='word_1_296' title='bbox 1083 3935 1246 4000; x_wconf 84' lang='lat' dir='ltr'>intellexit</span> <span class='ocrx_word' id='word_1_297' title='bbox 1276 3958 1342 4002; x_wconf 93' lang='lat' dir='ltr'>non</span> <span class='ocrx_word' id='word_1_298' title='bbox 1373 3940 1477 4004; x_wconf 89' lang='lat' dir='ltr'>solum</span> 
     </span>
     <span class='ocr_line' id='line_1_38' title="bbox 157 4024 1477 4110; baseline 0.001 -20"><span class='ocrx_word' id='word_1_299' title='bbox 157 4025 323 4090; x_wconf 87' lang='lat' dir='ltr'>Ecclesiae</span> <span class='ocrx_word' id='word_1_300' title='bbox 347 4027 451 4105; x_wconf 83' lang='lat' dir='ltr'>legem</span> <span class='ocrx_word' id='word_1_301' title='bbox 469 4026 526 4090; x_wconf 88' lang='lat' dir='ltr'>sed</span> <span class='ocrx_word' id='word_1_302' title='bbox 543 4025 726 4090; x_wconf 85' lang='lat' dir='ltr'>communia</span> <span class='ocrx_word' id='word_1_303' title='bbox 742 4025 900 4107; x_wconf 84' lang='lat' dir='ltr'>principia</span> <span class='ocrx_word' id='word_1_304' title='bbox 924 4024 963 4088; x_wconf 91' lang='lat' dir='ltr'>de</span> <span class='ocrx_word' id='word_1_305' title='bbox 979 4025 1105 4106; x_wconf 83' lang='lat' dir='ltr'>legibus</span> <span class='ocrx_word' id='word_1_306' title='bbox 1120 4026 1352 4107; x_wconf 89' lang='lat' dir='ltr'>variarumque</span> <span class='ocrx_word' id='word_1_307' title='bbox 1368 4028 1477 4110; x_wconf 85' lang='lat' dir='ltr'>legum</span> 
     </span>
     <span class='ocr_line' id='line_1_39' title="bbox 157 4113 1479 4197; baseline 0.004 -19"><span class='ocrx_word' id='word_1_308' title='bbox 157 4115 331 4179; x_wconf 87' lang='lat' dir='ltr'>collisione.</span> <span class='ocrx_word' id='word_1_309' title='bbox 378 4114 519 4180; x_wconf 84' lang='lat' dir='ltr'>Exsistit</span> <span class='ocrx_word' id='word_1_310' title='bbox 549 4115 603 4178; x_wconf 83' lang='lat' dir='ltr'>lex</span> <span class='ocrx_word' id='word_1_311' title='bbox 634 4113 743 4178; x_wconf 90' lang='lat' dir='ltr'>divina</span> <span class='ocrx_word' id='word_1_312' title='bbox 774 4135 857 4195; x_wconf 88' lang='lat' dir='ltr'>quae</span> <span class='ocrx_word' id='word_1_313' title='bbox 887 4134 1000 4178; x_wconf 87' lang='lat' dir='ltr'>severe</span> <span class='ocrx_word' id='word_1_314' title='bbox 1030 4114 1189 4197; x_wconf 89' lang='lat' dir='ltr'>praecipit</span> <span class='ocrx_word' id='word_1_315' title='bbox 1218 4135 1260 4179; x_wconf 92' lang='lat' dir='ltr'>ne</span> <span class='ocrx_word' id='word_1_316' title='bbox 1290 4137 1334 4180; x_wconf 90' lang='lat' dir='ltr'>ss.</span> <span class='ocrx_word' id='word_1_317' title='bbox 1359 4118 1479 4183; x_wconf 90' lang='lat' dir='ltr'>missae</span> 
     </span>
     <span class='ocr_line' id='line_1_40' title="bbox 157 4202 1478 4284; baseline 0.002 -16"><span class='ocrx_word' id='word_1_318' title='bbox 157 4205 349 4268; x_wconf 90' lang='lat' dir='ltr'>sacrificium</span> <span class='ocrx_word' id='word_1_319' title='bbox 380 4203 581 4284; x_wconf 86' lang='lat' dir='ltr'>relinquatur</span> <span class='ocrx_word' id='word_1_320' title='bbox 612 4202 829 4268; x_wconf 86' lang='lat' dir='ltr'>essentialiter</span> <span class='ocrx_word' id='word_1_321' title='bbox 856 4224 1022 4276; x_wconf 88' lang='lat' dir='ltr'>mancum,</span> <span class='ocrx_word' id='word_1_322' title='bbox 1054 4225 1156 4284; x_wconf 89' lang='lat' dir='ltr'>eaque</span> <span class='ocrx_word' id='word_1_323' title='bbox 1180 4225 1258 4268; x_wconf 92' lang='lat' dir='ltr'>sane</span> <span class='ocrx_word' id='word_1_324' title='bbox 1281 4205 1424 4271; x_wconf 87' lang='lat' dir='ltr'>nobilior</span> <span class='ocrx_word' id='word_1_325' title='bbox 1447 4210 1478 4271; x_wconf 93' lang='lat' dir='ltr'>et</span> 
     </span>
     <span class='ocr_line' id='line_1_41' title="bbox 157 4291 1477 4372; baseline 0.002 -16"><span class='ocrx_word' id='word_1_326' title='bbox 157 4294 291 4372; x_wconf 79' lang='lat' dir='ltr'>gravior</span> <span class='ocrx_word' id='word_1_327' title='bbox 307 4298 357 4358; x_wconf 88' lang='lat' dir='ltr'>est</span> <span class='ocrx_word' id='word_1_328' title='bbox 372 4292 514 4356; x_wconf 89' lang='lat' dir='ltr'>humana</span> <span class='ocrx_word' id='word_1_329' title='bbox 530 4292 698 4356; x_wconf 86' lang='lat' dir='ltr'>Ecclesiae</span> <span class='ocrx_word' id='word_1_330' title='bbox 714 4293 787 4372; x_wconf 84' lang='lat' dir='ltr'>lege</span> <span class='ocrx_word' id='word_1_331' title='bbox 803 4297 840 4357; x_wconf 91' lang='lat' dir='ltr'>ut</span> <span class='ocrx_word' id='word_1_332' title='bbox 856 4315 875 4356; x_wconf 91' lang='lat' dir='ltr'>a</span> <span class='ocrx_word' id='word_1_333' title='bbox 891 4291 960 4356; x_wconf 88' lang='lat' dir='ltr'>solo</span> <span class='ocrx_word' id='word_1_334' title='bbox 977 4292 1082 4356; x_wconf 91' lang='lat' dir='ltr'>ieiuno</span> <span class='ocrx_word' id='word_1_335' title='bbox 1100 4293 1290 4359; x_wconf 88' lang='lat' dir='ltr'>celebretur.</span> <span class='ocrx_word' id='word_1_336' title='bbox 1326 4295 1477 4361; x_wconf 83' lang='lat' dir='ltr'>Mancunr</span> 
     </span>
     <span class='ocr_line' id='line_1_42' title="bbox 158 4381 1477 4455; baseline 0.002 -9"><span class='ocrx_word' id='word_1_337' title='bbox 158 4388 266 4446; x_wconf 85' lang='lat' dir='ltr'>autem</span> <span class='ocrx_word' id='word_1_338' title='bbox 291 4386 438 4448; x_wconf 89' lang='lat' dir='ltr'>maneret</span> <span class='ocrx_word' id='word_1_339' title='bbox 469 4382 678 4455; x_wconf 83' lang='lat' dir='ltr'>sacrificium,</span> <span class='ocrx_word' id='word_1_340' title='bbox 710 4381 807 4445; x_wconf 90' lang='lat' dir='ltr'>immo</span> <span class='ocrx_word' id='word_1_341' title='bbox 838 4382 980 4446; x_wconf 87' lang='lat' dir='ltr'>essentia</span> <span class='ocrx_word' id='word_1_342' title='bbox 1008 4382 1156 4446; x_wconf 89' lang='lat' dir='ltr'>sacrificii</span> <span class='ocrx_word' id='word_1_343' title='bbox 1188 4382 1307 4447; x_wconf 88' lang='lat' dir='ltr'>missae</span> <span class='ocrx_word' id='word_1_344' title='bbox 1339 4385 1477 4450; x_wconf 88' lang='lat' dir='ltr'>deesset.</span> 
     </span>
     <span class='ocr_line' id='line_1_43' title="bbox 158 4470 1478 4554; baseline 0.004 -21"><span class='ocrx_word' id='word_1_345' title='bbox 158 4471 218 4533; x_wconf 90' lang='lat' dir='ltr'>nisi</span> <span class='ocrx_word' id='word_1_346' title='bbox 242 4474 336 4536; x_wconf 91' lang='lat' dir='ltr'>fieret</span> <span class='ocrx_word' id='word_1_347' title='bbox 359 4471 527 4551; x_wconf 86' lang='lat' dir='ltr'>utriusque</span> <span class='ocrx_word' id='word_1_348' title='bbox 551 4470 669 4552; x_wconf 80' lang='lat' dir='ltr'>speciei</span> <span class='ocrx_word' id='word_1_349' title='bbox 694 4471 906 4545; x_wconf 70' lang='lat' dir='ltr'>consecratio</span> <span class='ocrx_word' id='word_1_350' title='bbox 931 4472 950 4534; x_wconf 91' lang='lat' dir='ltr'>i.</span> <span class='ocrx_word' id='word_1_351' title='bbox 969 4492 996 4535; x_wconf 92' lang='lat' dir='ltr'>e.</span> <span class='ocrx_word' id='word_1_352' title='bbox 1014 4477 1046 4536; x_wconf 88' lang='lat' dir='ltr'>et</span> <span class='ocrx_word' id='word_1_353' title='bbox 1071 4472 1165 4554; x_wconf 85' lang='lat' dir='ltr'>panis</span> <span class='ocrx_word' id='word_1_354' title='bbox 1181 4476 1215 4536; x_wconf 88' lang='lat' dir='ltr'>et</span> <span class='ocrx_word' id='word_1_355' title='bbox 1230 4472 1308 4539; x_wconf 84' lang='lat' dir='ltr'>vini.</span> <span class='ocrx_word' id='word_1_356' title='bbox 1346 4474 1478 4550; x_wconf 87' lang='lat' dir='ltr'>Quando</span> 
     </span>
     <span class='ocr_line' id='line_1_44' title="bbox 158 4560 1477 4641; baseline 0.004 -19"><span class='ocrx_word' id='word_1_357' title='bbox 158 4560 258 4641; x_wconf 84' lang='lat' dir='ltr'>igitur</span> <span class='ocrx_word' id='word_1_358' title='bbox 288 4581 352 4624; x_wconf 91' lang='lat' dir='ltr'>una</span> <span class='ocrx_word' id='word_1_359' title='bbox 382 4561 520 4624; x_wconf 88' lang='lat' dir='ltr'>materia</span> <span class='ocrx_word' id='word_1_360' title='bbox 550 4563 743 4624; x_wconf 87' lang='lat' dir='ltr'>consecrata</span> <span class='ocrx_word' id='word_1_361' title='bbox 773 4560 878 4623; x_wconf 91' lang='lat' dir='ltr'>altera</span> <span class='ocrx_word' id='word_1_362' title='bbox 907 4560 1073 4626; x_wconf 87' lang='lat' dir='ltr'>invenitur</span> <span class='ocrx_word' id='word_1_363' title='bbox 1103 4560 1262 4637; x_wconf 81' lang='lat' dir='ltr'>invalida,</span> <span class='ocrx_word' id='word_1_364' title='bbox 1294 4565 1477 4629; x_wconf 89' lang='lat' dir='ltr'>necessario</span> 
     </span>
     <span class='ocr_line' id='line_1_45' title="bbox 159 4649 1478 4737; baseline 0.004 -25"><span class='ocrx_word' id='word_1_365' title='bbox 159 4649 306 4714; x_wconf 88' lang='lat' dir='ltr'>defectus</span> <span class='ocrx_word' id='word_1_366' title='bbox 322 4650 520 4732; x_wconf 90' lang='lat' dir='ltr'>supplendus</span> <span class='ocrx_word' id='word_1_367' title='bbox 532 4654 592 4724; x_wconf 91' lang='lat' dir='ltr'>est,</span> <span class='ocrx_word' id='word_1_368' title='bbox 610 4649 706 4731; x_wconf 91' lang='lat' dir='ltr'>idque</span> <span class='ocrx_word' id='word_1_369' title='bbox 719 4650 759 4713; x_wconf 89' lang='lat' dir='ltr'>ab</span> <span class='ocrx_word' id='word_1_370' title='bbox 776 4649 889 4712; x_wconf 85' lang='lat' dir='ltr'>eodem</span> <span class='ocrx_word' id='word_1_371' title='bbox 903 4649 1050 4714; x_wconf 87' lang='lat' dir='ltr'>ministro</span> <span class='ocrx_word' id='word_1_372' title='bbox 1064 4650 1251 4715; x_wconf 80' lang='lat' dir='ltr'>celebrante</span> <span class='ocrx_word' id='word_1_373' title='bbox 1264 4652 1291 4715; x_wconf 89' lang='lat' dir='ltr'>si</span> <span class='ocrx_word' id='word_1_374' title='bbox 1305 4657 1478 4737; x_wconf 87' lang='lat' dir='ltr'>utcumque</span> 
     </span>
    </p>
   </div>
   <div class='ocr_carea' id='block_1_14' title="bbox 0 0 1542 5174">
    <p class='ocr_par' dir='ltr' id='par_1_15' title="bbox 0 0 1542 5174">
     <span class='ocr_line' id='line_1_46' title="bbox 0 0 1542 5174; baseline 0 0"><span class='ocrx_word' id='word_1_375' title='bbox 0 0 1542 5174; x_wconf 95' lang='lat' dir='ltr'> </span> 
     </span>
    </p>
   </div>
  </div>
 </body>
</html>
