3044 5174
142 263 207 328 470
634 261 839 317 Sacramentum
858 263 968 318 ordinis.

141 438 353 522 praesertim,
393 437 422 503 si
455 438 543 506 forte
577 460 658 523 opus
693 439 793 505 fuerit
827 439 954 506 actibus
994 439 1144 506 caritatis
1178 445 1214 506 et
1248 440 1464 509 contritionis.

141 527 189 594 ef.
218 529 274 594 lh.
298 550 339 596 m.
363 527 405 602 ΙΙ,
431 530 496 594 644
511 549 582 611 sqq.

79 658 132 713 816
229 652 283 717 An
307 673 498 728 ouunsrrnn
523 655 562 716 2¹¹²
578 652 616 718 R.
644 656 672 719 1.
704 652 807 717 Recte
823 651 952 734 quidem
969 651 1094 719 monuit
1111 652 1272 718 Sabellius
1296 653 1467 736 parochia·

141 762 200 806 nos
223 744 270 818 ut,
294 741 321 806 si
346 740 417 824 quis
441 741 676 823 aegrotaverit,
701 746 829 807 mature
845 746 938 806 curet
960 761 996 806 se
1013 740 1238 807 advocandum
1262 741 1305 806 ad
1330 742 1468 808 admini-

140 830 277 896 stranda
299 837 523 907 sacramenta,
555 831 607 895 vel
632 831 810 912 quemlibet
839 830 1043 896 sacerdotem
1074 832 1115 895 ad
1140 830 1369 915 excipiendam
1394 854 1468 897 con·

140 919 332 996 fossionem
362 924 453 985 recte
483 922 593 986 autem
624 941 688 985 non
720 920 788 1002 egit
818 919 879 985 hac
909 919 1086 985 monitione
1116 922 1195 985 fisus
1225 920 1324 985 aliam
1358 942 1467 986 curam

141 1009 329 1091 neglegens.
360 1009 447 1074 Nam
471 1009 583 1074 debuit
606 1009 677 1092 ipse
692 1009 878 1092 prospicere
901 1014 936 1075 et
959 1009 1132 1091 inquirere,
1157 1010 1354 1093 praesertim
1380 1016 1467 1094 post·

141 1119 238 1181 quam
262 1097 421 1182 comperit
442 1098 659 1182 parochianos
682 1099 744 1163 hac
767 1098 799 1162 in
823 1119 859 1162 re
882 1098 1146 1181 neglegentiores
1170 1120 1251 1165 esse.

230 1205 268 1270 R.
295 1209 324 1272 2.
357 1204 448 1281 Quod
471 1205 726 1289 praeparatione
749 1203 844 1270 unius
867 1205 1060 1287 quadrantis
1076 1210 1249 1272 contentus
1274 1227 1349 1271 esse
1373 1210 1468 1272 soleat

139 1292 173 1359 iu
190 1293 347 1359 habendis
364 1294 579 1372 contionibus,
596 1299 685 1360 certe
701 1294 866 1359 laudabile
882 1315 946 1359 nou
963 1299 1024 1370 est,
1042 1294 1171 1360 etiamsi
1183 1300 1319 1379 propter
1335 1297 1467 1378 longam

141 1383 407 1448 consuetudinem
437 1404 567 1468 semper
596 1384 717 1450 habeat
746 1383 779 1448 in
809 1388 964 1466 promptu
994 1383 1080 1466 quod
1110 1383 1219 1449 dicere
1251 1406 1324 1449 cum
1359 1385 1465 1451 fructu

139 1471 253 1555 possit.
301 1472 333 1538 Si
358 1472 442 1537 enim
467 1472 652 1539 accuratius
682 1493 718 1537 se
748 1476 979 1556 praepararet,
1010 1473 1081 1538 siue
1112 1472 1208 1538 dubio
1239 1495 1312 1538 cum
1344 1475 1467 1539 maiore

139 1562 249 1628 fructu
272 1565 307 1627 et
329 1561 435 1643 magis
459 1561 501 1626 ad
524 1567 717 1646 praesentes
740 1561 955 1628 necessitates
971 1562 1072 1626 verba
1088 1561 1130 1627 ad
1152 1563 1307 1646 populum
1324 1562 1467 1630 faceret:

140 1651 211 1716 Deo
234 1655 345 1716 autem
368 1651 529 1716 rationem
553 1651 690 1716 reddere
721 1651 818 1717 debet
841 1651 940 1717 etiam
973 1652 1012 1716 de
1036 1654 1169 1736 neglecto
1192 1654 1313 1717 fructu.
1360 1652 1467 1719 Aliter

141 1739 320 1817 dicendum,
344 1740 373 1805 si
397 1740 526 1822 quando
550 1740 729 1806 necessitas
754 1744 860 1824 urget.

229 1847 267 1914 R.
293 1850 323 1913 3.
371 1845 536 1914 Omittens
558 1868 696 1931 parvam
720 1846 980 1912 exhortationem
1006 1846 1039 1912 in
1063 1845 1163 1912 missa
1196 1847 1374 1913 binationis
1398 1848 1466 1913 sine

141 1935 237 2002 dubio
260 1935 359 2002 laesit
380 1941 592 2020 praeceptum
616 1937 666 2001 sui
689 1935 883 2020 superioris,
916 1936 1018 2018 quod,
1050 1941 1087 2004 ut
1109 1940 1220 2019 patet,
1252 1935 1339 2003 iuste
1363 1937 1467 2003 latum

140 2029 208 2092 est:
241 2024 304 2090 nisi
332 2029 445 2091 tamen
469 2025 556 2090 vires
585 2025 633 2092 ita
665 2029 799 2110 superet
828 2030 866 2091 ut
888 2025 1030 2090 Sabellio
1063 2025 1232 2091 moraliter
1262 2026 1386 2094 evadat
1409 2026 1467 2092 im·

140 2114 304 2198 possibile.
350 2115 474 2181 Verum
498 2136 540 2180 ex
562 2136 635 2180 sese
666 2136 731 2180 una
761 2114 910 2181 alterave
940 2113 1072 2180 omissio
1096 2136 1149 2180 res
1180 2114 1294 2197 gravis
1317 2136 1384 2181 non
1407 2121 1467 2192 est,

141 2225 214 2270 cum
238 2204 417 2270 communis
440 2205 666 2287 theologorum
690 2205 734 2270 sit
757 2203 936 2282 sententia,
961 2208 998 2270 ut
1020 2209 1157 2287 propter
1178 2203 1337 2270 violatam
1361 2205 1466 2288 legem

141 2293 258 2359 saltem
290 2294 403 2359 diebus
426 2293 595 2359 dominicis
617 2298 653 2360 et
675 2292 770 2360 festis
793 2293 1019 2370 contionandi,
1048 2314 1068 2359 a
1091 2292 1179 2360 Trid.
1204 2293 1330 2376 syuodo
1354 2294 1467 2369 latam,

142 2387 312 2466 peccatum
337 2403 439 2465 grave
464 2383 705 2460 committatur,
737 2383 858 2466 requiri
888 2387 926 2449 ut
956 2383 1087 2447 omissio
1117 2385 1177 2448 fiat
1199 2382 1393 2448 notabiliter
1416 2384 1468 2448 vel

141 2472 230 2538 ultra
252 2492 395 2536 mensem
420 2473 618 2549 continuum,
642 2473 696 2537 vel
720 2473 808 2539 ultra
830 2478 900 2539 tres
923 2492 1052 2537 menses
1076 2471 1308 2538 discontinuoa
1351 2472 1468 2555 Neque

142 2560 1033 2734 tutte.lt³tttthltt⁰ttd¹¹ttallah
1057 2559 1466 2733 ttltltttttttl

80 2764 131 2817 817
230 2756 268 2820 R.
294 2759 324 2822 4.
357 2756 529 2822 Difficilior
544 2757 648 2822 videri
672 2761 782 2842 potest
806 2757 922 2838 agendi
947 2756 1062 2821 modus
1078 2755 1221 2834 Sabellii,
1247 2757 1343 2838 quod,
1370 2757 1467 2823 etiam

142 2845 304 2910 exstincto
328 2845 389 2910 hac
413 2846 539 2912 ratione
562 2846 744 2930 privilegi0,
769 2846 977 2911 nihilominus
1001 2845 1114 2910 binare
1136 2849 1265 2929 pergat.
1304 2847 1354 2911 Re
1378 2869 1467 2923 vera,

142 2932 222 2999 haec
246 2933 409 3014 condicio,
441 2936 526 3018 quod
549 2940 641 3003 totus
663 2936 802 3020 populus
825 2936 858 3000 in
882 2935 1054 3000 ecclesiam
1078 2935 1173 3000 simul
1204 2935 1382 3000 convenire
1406 2958 1467 3001 non

142 3024 255 3107 possit,
280 3046 300 3091 a
322 3025 469 3091 Bened.
495 3025 573 3090 XIV
596 3025 737 3091 habetur
760 3046 818 3107 pro
843 3047 942 3089 causo
965 3027 1129 3106 corronium,
1154 3045 1238 3107 quae
1261 3024 1409 3091 sufficiat
1432 3030 1467 3090 ut

140 3113 200 3178 fiat
223 3113 364 3188 binatim
389 3135 495 3197 neque
513 3114 694 3199 episcopua,
720 3118 757 3179 ut
772 3115 857 3179 hanc
874 3134 1007 3179 causam
1022 3117 1238 3194 recognoscat
1253 3117 1288 3179 et
1304 3136 1364 3198 pro
1388 3115 1469 3197 legi·

141 3202 223 3268 tima
246 3203 406 3280 declaret,
437 3203 564 3286 indiget
592 3204 726 3288 speciali
751 3204 795 3270 8⁸⁰
818 3203 911 3269 Sedis
944 3201 1116 3287 privilegio
1148 3223 1210 3284 quo
1235 3203 1341 3286 possit
1365 3203 1467 3270 facul·

142 3296 246 3357 tatem
269 3292 401 3357 binandi
424 3293 493 3359 suis
516 3294 741 3360 sacerdotibus
765 3293 952 3358 concedere.
985 3292 1190 3376 Quapropter
1215 3292 1380 3357 Sabellius
1403 3314 1467 3358 non

142 3380 190 3446 ita
213 3381 298 3446 male
321 3382 537 3449 ratiocinatur
559 3405 595 3448 se
615 3384 782 3470 priuilegio
805 3403 869 3446 non
892 3381 1050 3462 indigere.
1089 3381 1220 3462 Indiget
1243 3381 1340 3459 enim,
1365 3383 1393 3446 si
1417 3404 1468 3448 se·

142 3490 220 3534 vere
243 3490 312 3533 rem
335 3472 508 3550 sumimus,
540 3476 608 3538 solo
631 3474 840 3559 reoopnitione
864 3492 978 3535 causae
1002 3472 1043 3535 ab
1068 3469 1220 3554 episcopo
1244 3469 1352 3535 facta:
1385 3471 1468 3537 hanc

142 3562 252 3624 autem
276 3559 529 3640 recognitionem
555 3582 674 3627 causae
698 3561 814 3626 adesse
829 3580 934 3641 neque
951 3580 1081 3624 cessare
1104 3561 1267 3624 exstincto
1284 3559 1468 3642 privilegio,

142 3648 212 3713 iure
235 3647 323 3714 dicit.
371 3649 455 3714 Hinc
477 3670 551 3714 eum
575 3653 635 3717 hac
657 3649 691 3713 in
714 3671 750 3714 rc
773 3648 901 3732 peccati
925 3671 988 3713 non
1012 3670 1158 3731 arguam.
1194 3649 1296 3713 Immo
1320 3650 1469 3733 suspicor

142 3737 368 3803 dioecesanam
391 3738 481 3803 illam
505 3738 749 3822 dispositionem
774 3738 821 3803 sic
844 3739 885 3802 ab
910 3739 1073 3803 ordinario
1090 3737 1238 3819 intellegi
1261 3741 1300 3802 ut
1323 3739 1408 3804 nolit
1432 3760 1468 3805 eo

141 3825 213 3910 ipso
237 3825 432 3893 binationem
459 3848 605 3905 cessare,
636 3828 693 3892 sed
725 3831 761 3892 ut
784 3827 866 3893 velit
894 3827 927 3892 iu
957 3828 1017 3894 tali
1048 3848 1126 3892 casu
1156 3848 1275 3892 novum
1300 3848 1469 3893 recursum

144 3917 184 3982 ad
208 3936 244 3981 se
268 3916 348 3981 fieri.

232 4023 270 4088 u.
296 4025 325 4089 5.
374 4022 485 4099 Quoad
508 4022 757 4089 instructionem
780 4043 956 4105 puerorum
979 4027 1107 4105 partem
1132 4021 1261 4103 quidem
1285 4024 1335 4088 sui
1361 4025 1468 4089 oneris

142 4112 346 4179 committere
370 4116 480 4195 potest
503 4113 684 4189 sororibus;
709 4132 824 4176 verum
848 4133 912 4175 nou
936 4111 1034 4176 debet
1056 4133 1117 4176 nec
1140 4115 1250 4193 potest
1273 4111 1313 4176 iis
1336 4112 1469 4196 plenam

143 4224 255 4268 curam
278 4202 444 4267 mandare.
477 4201 563 4266 Nam
588 4202 628 4267 de
651 4201 844 4282 integritate
868 4203 903 4265 et
926 4200 1149 4266 exactitudine
1173 4222 1238 4266 non
1260 4205 1374 4284 potest
1397 4225 1470 4269 esse

142 4293 191 4357 ita
214 4294 337 4360 certus:
363 4296 462 4373 atque
485 4290 557 4374 ipsa
581 4312 753 4374 puerorum
777 4289 950 4356 instructio
975 4312 1040 4355 unc
1056 4294 1107 4356 est
1124 4312 1165 4355 ex
1188 4290 1374 4375 praecipuis
1399 4294 1470 4357 offi-

144 4381 201 4446 ciis
234 4380 368 4464 parochi
403 4380 507 4462 iisque
541 4402 599 4463 per
635 4401 671 4444 se
703 4380 940 4463 personalibus.
994 4379 1057 4445 Sed
1091 4384 1127 4446 ut
1160 4380 1310 4462 graviter
1342 4387 1469 4465 peccet,

144 4470 241 4534 debet
263 4469 444 4553 periculum
467 4490 539 4533 esse
564 4468 711 4534 defectus
735 4469 767 4533 in
792 4468 864 4553 ipsa
888 4469 1037 4534 doctrine
1061 4473 1094 4534 et
1117 4469 1345 4535 instructione.
