3044 5174
144 267 209 338 390
574 320 578 331 ,
641 263 847 319 Sacramentum
864 263 975 319 ordinis.

141 438 198 520 „qui
222 438 406 523 presbytcri
430 438 631 518 ordinantur,
656 439 771 522 reliqui
795 461 860 506 non
882 439 942 505 sub
966 439 1080 523 gravi3
1104 440 1147 506 ad
1169 439 1313 506 minores
1336 441 1466 507 ordines

142 527 293 594 initiandi
323 550 364 595 ne
392 529 452 594 sub
475 529 540 595 levi
564 528 709 611 quidem,
740 533 778 596 ut
800 530 899 595 habet
922 529 954 596 S.
979 527 1095 613 Alph.
1121 529 1143 595 l.
1168 550 1195 596 c.
1226 550 1258 596 n.
1284 531 1369 607 801;
1400 529 1467 596 La-

144 616 260 682 croix
285 616 340 694 Vl,
365 640 396 702 p.
421 621 458 697 2,
483 639 515 684 n.
540 620 644 695 22253
669 619 704 702 3)
727 639 832 700 neque
856 618 942 702 quod
965 639 1030 683 non
1054 618 1154 684 luerit
1176 618 1366 685 absolutus:
1391 641 1466 685 nam

144 711 374 789 praeterquam
398 707 483 789 quod
506 706 589 774 satis
612 711 695 785 erat,
719 707 747 771 si
770 707 875 774 noluit
890 707 1139 786 communicare,
1164 728 1222 791 per
1237 707 1467 775 contritionem

144 795 322 878 perfectam
346 796 417 861 Deo
440 795 662 874 reconciliari,
686 796 982 880 probabilissimum
1006 802 1058 864 est
1079 817 1183 880 grave
1206 800 1380 881 peccatum
1403 819 1467 863 non

143 905 215 949 esse
238 885 272 951 in
295 889 386 951 statu
410 884 536 969 peccati
559 884 702 952 minores
725 885 855 952 ordines
878 885 1053 970 suscipere.

231 973 453 1057 Atdeinceps
475 975 601 1058 peccati
625 974 737 1057 gravis
760 996 836 1041 reus
858 975 929 1040 fieri
952 978 1072 1058 potest,
1095 973 1134 1051 si,
1158 977 1268 1040 certus
1291 975 1380 1057 quod
1403 996 1466 1040 non

142 1061 187 1130 sit
209 1067 347 1129 vocatus
370 1064 422 1129 vel
446 1064 560 1129 nolens
583 1064 625 1129 ad
648 1062 818 1147 superiora
847 1064 1040 1142 ascendere,
1070 1062 1278 1129 nihilominus
1308 1064 1468 1130 inutiliter

143 1153 296 1236 expensis
318 1156 440 1236 gravat
462 1151 672 1219 seminarium
695 1154 749 1217 vel
772 1153 865 1220 alios.

224 1344 426 1411 MATERIA
448 1345 505 1411 ET
528 1345 681 1411 Fortun
705 1345 917 1411 MINORUM
940 1343 1157 1412 ORDINUM.
1181 1380 1226 1391 -
1248 1344 1389 1411 DUBIE

673 1468 938 1536 ORDINATUS.

702 1635 813 1702 Casus.
831 1642 908 1711 (199)

231 1774 382 1851 Syagrius
395 1775 483 1834 dubia
504 1776 655 1852 complura
675 1777 766 1835 habet
786 1776 822 1834 de
843 1775 991 1852 susceptis
1012 1775 1172 1836 ordinibus.
1201 1775 1273 1836 (ium
1294 1777 1373 1836 enim
1396 1776 1467 1838 ordi·

143 1860 280 1926 natatur,
310 1854 494 1916 sacristanus
515 1876 568 1932 pro
590 1856 747 1916 ostiarietu
767 1861 936 1915 mutaverat
963 1856 1065 1915 claves
1088 1855 1267 1933 dederatque
1288 1858 1392 1917 claves
1413 1857 1467 1935 pri·

143 1941 231 1994 vatae
252 1936 354 1996 domus
374 1936 440 1996 loco
462 1936 608 1995 ecclesiae
630 1936 773 2007 clavium3
795 1956 849 2013 pro
863 1937 1009 1995 lectoratu
1023 1936 1159 1996 minister
1174 1943 1350 2014 porrexerat
1363 1938 1468 1997 librum

144 2015 280 2087 Ritualis,
301 2017 350 2092 qui
371 2016 448 2076 idem
463 2016 614 2075 serviebat
627 2036 680 2092 pro
702 2016 881 2076 conferendo
903 2016 1103 2088 exorcistatu3
1124 2016 1155 2075 in
1177 2018 1352 2094 acolythatu
1374 2019 1468 2078 solum

143 2096 243 2172 tetigit
263 2097 488 2166 candelabrum,
508 2116 568 2156 non
590 2095 751 2168 candelam,
773 2116 830 2155 nec
850 2097 1000 2156 urceolum
1021 2097 1073 2155 sed
1094 2097 1251 2156 scutellum
1272 2101 1390 2157 tantum
1411 2119 1466 2175 quo

142 2177 192 2236 ille
222 2177 437 2236 continebatur.
485 2177 525 2236 Et
551 2196 617 2235 cum
644 2177 709 2253 ipse
743 2197 820 2236 unus
847 2177 999 2236 clauderet
1026 2176 1131 2236 seriem
1162 2177 1393 2237 ordinandorum
1420 2179 1468 2254 qui

142 2257 204 2316 bini
225 2263 431 2327 accesserant,
461 2257 618 2333 episcopus
639 2256 827 2316 nihilominus
848 2257 936 2316 etiam
957 2258 988 2316 in
1010 2256 1135 2333 Syagrio
1157 2257 1320 2318 ordinando
1340 2277 1467 2336 pronun·

142 2337 230 2396 tievit
250 2337 375 2396 formam
396 2337 427 2396 in
448 2337 555 2414 plurali
579 2336 733 2412 „Accipite
755 2339 840 2406 etc.“;
870 2337 922 2396 sed
944 2355 1008 2395 curn
1030 2343 1136 2413 postea
1156 2337 1403 2414 insequentibus
1425 2358 1467 2397 or

142 2417 259 2476 dinibus
287 2417 379 2476 vellet
404 2422 438 2476 ut
459 2417 602 2493 Syagrius
628 2417 735 2476 tertius
763 2417 919 2477 accederet
944 2437 1008 2476 cum
1037 2417 1148 2476 ultimis
1179 2417 1308 2490 duobus,
1336 2418 1389 2478 ille
1410 2439 1467 2478 non

142 2502 261 2575 poterat
281 2502 420 2573 tangere,
448 2497 506 2557 nisi
533 2503 689 2574 postquam
718 2496 875 2574 episcopus
899 2498 959 2556 iam
987 2497 1161 2574 protulisset
1180 2501 1288 2558 verba:
1323 2498 1467 2577 „accipite

141 2578 320 2637 urceolum“.

143 2682 320 2752 Quanairua
342 2687 370 2742 κ·
391 2702 467 2759 quae
487 2683 549 2742 sint
569 2683 695 2743 materia
715 2688 746 2742 et
765 2683 861 2743 forma
883 2683 1017 2742 ordinum
1037 2683 1190 2743 minorum.

342 2773 373 2830 2ο
393 2772 461 2848 quid
485 2772 520 2830 de
542 2772 638 2830 dubiis
660 2772 778 2849 Syagrii
800 2772 841 2830 sit
860 2772 1058 2853 iudicandum.

342 2863 372 2921 3⁰
393 2861 478 2937 quid,
507 2860 534 2919 si
561 2860 681 2920 ordines
707 2860 836 2920 minores
867 2861 1059 2937 probabiliter
1085 2865 1201 2920 tantum
1221 2860 1321 2919 valide
1350 2863 1400 2922 vel
1428 2863 1469 2921 in·

393 2941 492 2999 valide
514 2940 613 3000 collati
634 2945 711 3001 sunt.

738 3123 873 3190 Salutio.

81 3279 132 3332 685
231 3265 284 3329 An
307 3286 498 3341 qusnsrruu
525 3269 562 3329 1⁰
585 3264 623 3330 R.
644 3269 672 3331 1.
704 3263 907 3347 Quamquam
930 3285 995 3329 non
1020 3269 1151 3330 constat
1170 3263 1313 3330 minores
1337 3267 1469 3332 ordines

142 3354 263 3419 habere
286 3354 445 3419 rationem
470 3353 683 3431 sacramenti,
714 3358 825 3419 tamen
849 3353 966 3419 saltem
997 3354 1037 3419 ad
1071 3354 1256 3435 analogiam
1279 3375 1469 3420 sacramen·

143 3448 250 3510 torum
280 3464 373 3508 suam
403 3442 526 3510 habent
555 3443 728 3508 materiam
761 3447 795 3509 et
827 3442 965 3508 formam
999 3442 1114 3524 quibus
1144 3442 1293 3508 Ecclesia
1324 3445 1469 3511 validam

143 3532 264 3597 ordinis
288 3532 495 3598 collationem
519 3533 683 3597 conexuit.

231 3638 270 3705 R.
296 3642 326 3705 2.
357 3638 421 3704 Pro
445 3641 614 3704 ostioriotu
637 3638 777 3705 materia
800 3642 852 3704 est
874 3637 1008 3702 traditio
1026 3637 1175 3716 clavium,
1200 3659 1282 3722 quas
1297 3639 1471 3706 ordinandi

143 3734 280 3810 tangere
304 3728 433 3803 debent,
457 3728 585 3794 dicente
609 3729 776 3812 episcopo:
805 3725 877 3804 „Sic
900 3726 990 3808 agite
1014 3731 1095 3793 etc.“

231 3817 323 3882 Circa
347 3816 432 3899 quod
448 3817 548 3881 habes
564 3817 645 3882 haec
661 3817 793 3882 decreta
819 3817 850 3881 S.
868 3815 907 3882 ll.
924 3817 957 3882 Ο.
975 3819 1008 3881 in
1027 3817 1190 3881 Ciuitates.
1209 3818 1247 3880 ll
1266 3815 1469 3883 Maiiraao:

146 3905 319 3983 „Quamvis
350 3927 414 3970 una
444 3906 546 3971 clavis
576 3927 648 3971 esse
677 3906 783 3989 possit
812 3905 951 3970 materia
981 3905 1146 3970 sufficiens
1175 3927 1233 3988 pro
1262 3906 1469 3974 ordinatione

143 3995 284 4072 ostiarii,
316 3995 512 4061 servandam
535 4000 645 4061 tamen
670 4015 742 4059 esse
764 3994 944 4071 rubricam,
974 4015 1057 4076 quae
1081 3994 1240 4077 praecipit
1263 3995 1372 4061 claves
1397 4018 1468 4062 esse

143 4084 338 4162 tradendas,
368 4105 469 4167 quae,
494 4085 565 4149 sive
588 4089 767 4166 argenteae
790 4083 857 4148 sint
880 4084 950 4147 sive
974 4084 1102 4149 ferreae
1126 4083 1196 4148 sive
1218 4083 1367 4165 ligneae,
1393 4107 1468 4151 oon-

143 4174 283 4239 stituunt
313 4174 483 4239 materiam
515 4177 675 4238 remotam
706 4173 801 4238 huius
831 4172 983 4238 ordinis.“
1033 4173 1209 4238 Collectan.
1235 4173 1267 4239 S.
1292 4173 1413 4256 (lengr.
1438 4175 1466 4241 d.

142 4263 177 4328 P.
202 4262 237 4328 F.
263 4285 293 4328 n.
321 4265 415 4330 1189.

232 4352 263 4417 S.
288 4352 321 4418 C.
347 4352 387 4416 de
410 4352 463 4417 Pr.
488 4351 524 4416 F.
549 4372 607 4433 pro
632 4353 701 4418 Sin.
732 4350 938 4432 interrogata
974 4371 1034 4428 „an
1065 4350 1097 4415 iu
1129 4350 1335 4417 ordinatione
1366 4353 1467 4418 ostia-

143 4440 263 4506 riorum
288 4441 391 4524 possit
421 4439 526 4505 omitti
550 4439 685 4505 traditio
709 4440 866 4516 clavium,
899 4444 957 4505 aut
988 4444 1141 4522 oporteat
1170 4440 1218 4503 uti
1248 4440 1335 4505 clavi
1367 4442 1466 4524 quali·

142 4533 312 4612 cumque“,
336 4530 375 4595 R.
400 4530 429 4595 d.
456 4531 495 4593 27
515 4529 604 4612 Sept.
633 4532 716 4594 1843
742 4528 925 4610 „Negative
949 4529 990 4594 ad
1011 4535 1076 4593 lm
1099 4534 1242 4611 partem;
1268 4528 1467 4596 affirmative

141 4619 183 4684 ad
208 4620 270 4683 2‘¹¹¹ln
293 4618 382 4698 (ibid.
408 4641 437 4683 n.
466 4621 574 4698 1197).
