3044 5174
83 1201 139 1256 688

147 287 214 352 362
488 283 695 339 Sacramentum
713 285 904 354 paenitentias.
921 314 958 325 -
977 285 1131 356 Appendix.

147 465 287 546 possunt
309 460 467 528 exerceri.
499 462 658 528 Attamen
680 465 758 528 sunt
779 464 862 528 fines
884 461 1070 529 formaliter
1085 462 1220 530 altiores
1239 467 1274 530 et
1289 463 1478 541 nobiliores,

146 573 245 634 quam
269 550 325 617 ille
347 551 421 617 linis
444 551 704 634 exstinguendae
726 573 851 636 poenas
874 552 1074 635 temporalis.
1121 552 1212 629 Quae
1235 553 1414 620 exstinctio
1437 553 1479 619 ad

146 640 359 706 sanctitatem
383 643 573 707 secundarie
596 644 735 725 spectat.
781 640 872 717 Quae
901 645 1011 707 autem
1041 641 1267 726 principaliter
1295 646 1330 709 et
1354 643 1479 710 directe

147 731 289 797 tendunt
303 729 337 795 in
354 733 566 812 augmentum
583 730 733 796 caritatis
749 735 784 796 et
798 729 928 812 gratiae
944 729 1190 808 sanctificantis,
1214 752 1295 797 sane
1311 732 1479 798 excellen-

147 819 236 886 tiora
258 824 353 889 saniz
378 824 412 884 et
436 839 519 900 quae
535 818 712 902 disponunt
726 819 873 884 homines
889 820 932 885 ad
946 818 1093 885 tollenda
1108 821 1280 886 obstacula
1295 821 1479 904 frequentis

148 912 183 973 et
205 908 356 974 heroicae
379 908 529 974 caritatis
552 909 765 987 exercendae,
791 908 936 990 adeoque
952 909 1116 975 internam
1137 910 1245 994 ipsam
1263 910 1479 977 sanctitatem

147 1001 359 1082 promovent,
389 997 550 1080 praeferri
573 1000 749 1064 merentur.
797 997 918 1075 Quodsi
941 1018 1014 1062 curn
1037 997 1088 1062 his
1111 998 1278 1065 exercitiis
1301 998 1400 1065 simul
1423 1021 1478 1065 ac·

89 1106 92 1113 ·
149 1086 232 1169 quiri
255 1088 395 1171 possunt
416 1085 651 1168 indulgentiae,
675 1086 708 1151 id
731 1107 811 1152 sane
835 1107 873 1152 eo
897 1086 1013 1152 melius
1037 1090 1099 1153 est.

237 1193 276 1260 R.
302 1196 331 1260 2.
376 1193 455 1258 (lum
479 1193 531 1258 die
555 1192 786 1259 Portiunculae
809 1214 845 1258 re
868 1214 948 1258 vera
971 1196 1059 1259 toties
1089 1197 1207 1279 quoties
1238 1194 1399 1261 offeratur
1427 1194 1475 1259 in·

148 1282 319 1365 dulgentia
341 1281 489 1366 plenaria
513 1282 676 1348 defunctis
699 1282 800 1347 etiam
823 1282 1044 1366 applicabilia,
1070 1285 1160 1347 certe
1184 1281 1386 1349 christianae
1408 1283 1477 1368 pie·

147 1371 211 1438 tati
234 1393 273 1438 ac
296 1371 428 1437 caritati
453 1371 582 1437 omnino
606 1375 861 1436 consentaneum
885 1376 952 1448 est,
982 1376 1019 1438 ut
1042 1370 1097 1453 qui
1119 1371 1218 1438 facile
1239 1372 1347 1456 possit
1370 1393 1475 1455 neque

148 1465 241 1527 certa
265 1460 426 1543 quaedam
449 1460 558 1526 officia
580 1465 757 1544 propterea
780 1461 975 1543 neglexerit,
1000 1460 1131 1544 saepius
1146 1461 1281 1527 studeat
1303 1461 1366 1527 hoc
1382 1462 1477 1527 modo

149 1551 312 1616 defunctis
327 1550 361 1615 in
375 1549 566 1634 purgatorio
583 1549 818 1615 exsistentibus
833 1550 987 1615 iuvamen
1003 1551 1130 1616 afferre.
1162 1550 1239 1634 lpsa
1250 1552 1284 1616 S.
1299 1551 1334 1616 0.
1348 1552 1475 1636 Indalp.

148 1640 263 1705 laudat
284 1639 443 1723 pietatem
467 1638 632 1703 hominum
656 1639 867 1723 simplicium,
898 1639 953 1720 qui
976 1642 1052 1722 post
1080 1639 1215 1704 brevem
1239 1639 1421 1706 orationem
1445 1641 1476 1705 in

147 1728 287 1794 ecclesia
311 1749 349 1794 eo
372 1728 425 1793 die
447 1727 657 1812 privilegiata
680 1728 787 1793 fusam
811 1728 1039 1810 egrediantur,
1070 1731 1108 1794 ut
1130 1728 1244 1793 statim
1266 1732 1478 1795 revertantur

147 1822 183 1884 et
207 1818 312 1882 denuo
342 1838 457 1902 preces
479 1816 629 1883 fundant.
676 1817 833 1883 Attamen
857 1816 1017 1883 Achatius
1046 1816 1212 1882 obstinere
1242 1818 1386 1885 debota
1411 1819 1477 1883 cal-

148 1907 287 1973 culando
311 1927 444 1971 numero
469 1927 580 1972 eorum
605 1926 686 1987 quos
709 1928 793 1971 unus
817 1907 935 1988 aliquis
952 1927 993 1971 ex
1009 1906 1077 1971 suis
1094 1906 1338 1989 paenitentibus
1362 1928 1477 1992 epur-

148 1996 278 2079 gatorio
302 1996 335 2060 in
359 1996 485 2061 caelum
508 1995 641 2061 mittere
664 1996 778 2079 possit.
810 1996 896 2061 Nam
921 2016 963 2060 ex
986 1995 1026 2060 iis
1045 2016 1129 2077 quae
1153 2016 1253 2078 supra
1276 1996 1367 2063 dicta
1389 2002 1475 2071 sunt,

149 2085 231 2151 haec
261 2107 314 2150 res
344 2089 396 2150 est
418 2084 515 2149 valde
545 2083 688 2161 incerta,
721 2089 755 2150 et
786 2105 982 2166 quamquam
1014 2084 1055 2150 ab
1079 2084 1229 2149 Ecclesia
1252 2085 1322 2151 Deo
1346 2090 1474 2151 tantum

149 2175 286 2241 offertur
309 2194 351 2238 ex
374 2172 655 2239 satisfactionibus
678 2174 813 2248 Christi,
845 2179 1003 2255 quantum
1032 2173 1177 2238 sufficiat
1207 2173 1249 2239 ad
1279 2194 1379 2239 unam
1409 2175 1477 2240 aui-

150 2284 237 2328 mam
256 2285 274 2328 e
290 2263 483 2346 purgatorio
499 2262 712 2340 liberandam,
737 2262 833 2344 idque
849 2264 958 2339 toties,
983 2263 1112 2344 quoties
1128 2262 1200 2344 quis
1216 2267 1347 2346 repetat
1363 2285 1477 2347 preces

149 2374 223 2417 cum
241 2352 431 2417 visitatione
454 2351 621 2430 ecclesiae,
645 2356 756 2417 tamen
773 2353 919 2418 nescitur
934 2351 975 2417 ad
992 2373 1087 2434 quem
1104 2353 1255 2418 effectum
1271 2352 1478 2418 haecomnia

149 2462 170 2507 a
193 2441 263 2506 Deo
286 2444 507 2524 acceptentur.

84 2554 141 2609 639
240 2548 278 2613 R.
304 2550 334 2613 3.
367 2548 497 2612 Aeneas
512 2567 591 2611 vero
607 2545 738 2611 omnino
762 2552 852 2612 errat
875 2550 990 2613 contra
1012 2546 1234 2628 indulgentias
1253 2551 1354 2630 atque
1378 2521 1478 2614 sentit

151 2636 246 2702 modo
262 2636 389 2720 piarum
407 2635 533 2701 aurium
549 2635 717 2712 offensivo,
740 2635 837 2701 immo
854 2636 887 2700 in
903 2635 1064 2701 haeresim
1081 2636 1236 2702 ducente:
1260 2636 1356 2718 quasi
1371 2636 1477 2703 indul·

150 2725 264 2808 gentis
288 2747 351 2790 non
375 2727 487 2791 valeat
511 2725 553 2789 ad
577 2724 835 2806 exstinguendas
849 2746 973 2809 poenas
996 2725 1117 2807 alioqui
1132 2725 1201 2790 Deo
1224 2725 1258 2789 iu
1282 2726 1474 2809 purgaton'o

150 2814 335 2881 solvendas.
383 2815 456 2880 Etsi
488 2813 619 2878 dubium
642 2814 768 2878 moveri
792 2818 903 2897 potest
926 2814 966 2878 de
990 2815 1181 2880 extensione
1205 2818 1240 2880 et
1262 2814 1476 2898 amplitudine

149 2904 273 2970 valoris
304 2903 336 2968 in
368 2907 458 2969 certo
492 2924 587 2982 casu,
626 2907 737 2969 tamen
768 2903 802 2967 in
834 2924 955 2986 genere
987 2902 1212 2985 indulgentiae
1244 2903 1395 2969 efficacia
1429 2909 1477 2970 est

149 2993 342 3060 certissima.

239 3100 278 3166 R.
303 3102 333 3167 4.
381 3099 473 3175 Quod
501 3102 611 3164 autem
636 3097 714 3164 dicit
737 3099 867 3163 Aeneas
890 3098 1117 3181 purgatorium
1149 3098 1267 3164 cotidie
1299 3099 1475 3176 exhauriri,

148 3189 178 3254 si
201 3188 425 3270 indulgentiae
448 3189 597 3253 valeant:
622 3187 654 3251 in
677 3209 715 3252 eo
739 3188 771 3252 id
795 3189 879 3253 latet
902 3187 981 3264 veri,
1006 3187 1166 3253 incertum
1189 3209 1272 3265 esse,
1297 3192 1400 3272 atque
1423 3190 1477 3254 vix

149 3278 333 3363 probabile,
365 3299 470 3343 omnes
499 3276 720 3358 indulgentias
750 3279 923 3343 secundam
954 3285 1052 3341 totam
1081 3280 1219 3342 calorem
1249 3277 1304 3359 qui
1329 3279 1474 3356 offertur,

151 3367 314 3433 defunctis
344 3366 521 3450 applicari;
554 3366 652 3430 immo
683 3365 783 3432 etiam
814 3365 1028 3449 improbabile
1059 3387 1131 3431 esse
1155 3366 1249 3431 vivos
1272 3366 1335 3431 sibi
1358 3366 1478 3433 lucrari

148 3478 262 3521 omnes
286 3455 507 3537 indulgentias
531 3455 708 3520 secundum
739 3460 845 3520 totum
870 3456 1016 3519 valorem
1040 3455 1255 3522 enuntiatum.
1303 3455 1397 3532 Quod
1422 3479 1478 3541 po·

147 3545 270 3610 sterius
293 3544 397 3609 habeo
421 3566 479 3628 pro
504 3544 674 3609 verissimo
698 3565 739 3608 ex
763 3545 824 3609 hac
847 3544 918 3608 sola
941 3544 1078 3621 ratione,
1104 3545 1189 3626 quod
1212 3566 1288 3610 raro
1311 3545 1478 3612 invenitur

149 3635 256 3713 homo,
280 3633 335 3716 qui
359 3635 400 3698 ab
424 3633 510 3699 omni
533 3636 652 3699 veniali
674 3637 767 3718 culpe
791 3633 835 3698 sit
856 3633 1017 3698 immunis.
1052 3634 1204 3698 Veniales
1227 3640 1339 3700 autem
1363 3636 1478 3719 culpae

149 3723 251 3789 etiam
275 3724 374 3799 solae,
399 3722 515 3805 quibus
538 3721 698 3787 obnoxius
722 3722 840 3803 aliquis
864 3723 1051 3799 decesserit,
1077 3744 1178 3788 causa
1200 3723 1478 3791 sufficientissima

150 3833 224 3877 esse
258 3816 413 3895 possunt,
455 3833 512 3876 our
550 3811 774 3893 longissimum
810 3816 844 3877 et
883 3812 1128 3877 acerbissimum
1167 3814 1397 3895 purgatorium
1437 3813 1478 3879 sit

91 3938 94 3948 ·
146 3901 366 3968 tolerandum.

240 3990 389 4055 Ecclesia
411 3993 521 4055 autem
544 4011 602 4054 seu
620 3989 769 4054 Summus
786 3989 939 4054 Pontifex
963 3990 1150 4071 largissima
1172 4011 1271 4054 manu
1287 3989 1479 4057 thesaurum

149 4079 354 4162 spiritualem
372 4079 466 4161 quasi
482 4078 660 4162 profundit,
687 4080 755 4143 Deo
773 4078 959 4161 plenissime
982 4083 1017 4144 et
1032 4079 1201 4144 multoties
1224 4080 1368 4146 offerens
1391 4082 1479 4146 solu-

150 4169 272 4236 tionem
296 4191 355 4252 pro
379 4168 492 4253 poenis
515 4167 751 4251 temporalibus
775 4168 944 4244 iustorum,
969 4173 1016 4244 ut,
1041 4169 1128 4250 quod
1143 4189 1209 4233 una
1225 4169 1392 4236 oblatione
1415 4191 1478 4236 nou

151 4258 355 4334 obtineatur,
386 4258 530 4323 fortasse
561 4258 682 4324 iterata
713 4261 747 4322 et
770 4257 901 4339 saepius
925 4256 1047 4323 iterata
1077 4256 1243 4323 oblatione
1267 4258 1397 4324 demum
1422 4259 1478 4324 ob-

149 4348 250 4413 tineri
273 4347 387 4431 possit.

240 4460 279 4525 R.
305 4463 335 4526 5.
382 4459 512 4524 Dictum
536 4458 569 4523 S.
593 4457 770 4523 Therasiae
793 4458 916 4540 optime
947 4458 1132 4541 explicatur
1162 4458 1268 4524 exiis
1300 4480 1387 4542 quae
1410 4481 1477 4525 mo·

151 4549 207 4612 nui
231 4549 318 4614 circa
342 4553 480 4631 peccata
504 4547 655 4613 venialia.
703 4547 767 4612 Sed
791 4546 866 4611 inde
890 4569 955 4611 non
985 4547 1134 4628 sequitur
1156 4568 1221 4613 non
1253 4548 1358 4616 fuisse
1381 4571 1478 4633 quam

151 4638 317 4720 plurimos,
343 4638 398 4719 qui
421 4637 596 4703 iubilaeum
620 4637 727 4701 minus
751 4638 845 4719 plene
869 4635 988 4701 lucrati
1011 4637 1079 4701 sint
1102 4642 1136 4703 et
1159 4637 1339 4705 lucrentur.
