3044 5174
152 323 218 388 310
606 317 810 384 Sacramentum
829 319 1020 389 paenitentiae.

151 495 389 562 contessionem
419 494 527 561 reddit
556 499 647 561 certo
678 493 833 561 odiosam.
880 494 987 572 Quare
1017 494 1175 561 eiusmodi
1205 495 1328 562 dictum
1360 517 1381 561 a
1409 497 1471 562 lae·

151 585 243 651 sione
266 584 365 668 sigilli
388 583 530 649 immune
553 605 618 649 non
642 589 703 651 est.

241 673 404 739 Concludo
428 673 528 739 etiam
550 673 711 756 parochos
741 676 856 738 cautos
885 693 959 738 esse
982 673 1117 750 debere,
1148 672 1175 738 si
1200 693 1256 738 eos
1280 695 1363 755 quos
1387 674 1472 739 adiu·

150 767 241 829 tores
264 762 451 840 adhibeant,
475 762 591 827 volunt
606 761 767 827 instruere
785 761 983 827 demonibus
1001 761 1185 847 parochiae.
1217 761 1304 827 Nam
1321 761 1355 827 id
1372 763 1472 829 neuti-

151 873 248 934 quam
280 851 390 917 iacere
413 854 551 934 possunt
574 872 617 916 ex
648 850 687 916 iis
717 872 801 933 quae
824 851 947 917 habent
970 872 1013 916 ex
1035 850 1258 929 confessione,
1291 852 1351 917 sed
1374 873 1417 918 ex
1437 852 1473 918 iis

149 946 279 1007 tantum
303 961 440 1022 quorum
463 939 614 1006 notitiam
638 940 768 1006 aliunde
792 940 981 1007 hauserunt.

181 1149 337 1217 SlGlLLI
360 1150 516 1218 LAESIO
540 1150 791 1216 INDIRItCTA.
816 1189 861 1198 -
891 1148 1222 1216 INTERROGATIO
1247 1149 1445 1217 GURIOSA.

709 1314 819 1380 Casus.
839 1321 916 1391 (155)

238 1455 413 1515 Lactantius
444 1455 562 1531 excepit
592 1455 808 1514 contessionem
838 1453 967 1531 Philippi
999 1454 1143 1527 studiosi,
1175 1475 1207 1513 se
1238 1455 1413 1515 accusantis
1442 1457 1474 1515 de

149 1536 323 1613 quibusdam
344 1535 511 1595 insolentiis
525 1534 704 1594 iuvenilibus
727 1555 792 1593 cum
813 1534 881 1593 aliis
901 1535 1097 1611 perpetratis;
1119 1539 1238 1612 postero
1261 1535 1308 1594 die
1323 1536 1408 1595 audit
1428 1537 1474 1595 nli·
1518 1592 1520 1597 .

149 1622 221 1693 quot
241 1617 365 1676 iuvenes
393 1615 593 1692 deprehensos
622 1634 688 1674 esse
717 1620 747 1674 st
774 1633 898 1691 poenam
926 1615 1008 1673 luere
1036 1620 1159 1691 propter
1184 1615 1261 1674 istas
1291 1615 1473 1676 insolentias.

150 1697 292 1756 Ouriosus
313 1696 404 1772 igitur
424 1695 590 1771 interrogat
610 1714 679 1753 num
700 1695 779 1754 inter
798 1714 866 1753 reos
889 1694 977 1754 etiam
1000 1695 1154 1772 Philippus
1175 1695 1224 1755 sit.

150 1809 327 1881 Quanrurun
347 1810 513 1882 licueritne,
536 1809 621 1868 salvo
643 1808 751 1884 sigillo,
773 1807 932 1867 Lactantio
953 1808 995 1867 ita
1017 1808 1211 1884 interrogare,

351 1909 380 1967 1⁰
401 1908 517 2047 {putando
538 1915 639 1966 notum
661 1907 753 1965 fuerit
772 1905 941 1983 Philippum
971 1906 1048 1983 apud
1070 1906 1258 1965 Lactantium
1279 1907 1390 1967 iecisse
1413 1927 1474 1967 con·

416 2007 573 2047 essionem.

350 2088 380 2144 2⁰
401 2085 517 2162 quando
539 2084 568 2144 id
589 2104 649 2143 non
670 2084 761 2143 fuerit
782 2083 1028 2144 animadversum.

749 2284 886 2351 Solutio.

87 2448 139 2504 546
193 2434 247 2500 An
270 2454 462 2511 ouansrnuu
489 2437 525 2498 1¹n
549 2434 588 2500 R.
616 2437 643 2500 l.
683 2434 771 2500 Usus
794 2433 860 2513 illc,
885 2438 922 2500 ut
945 2434 1011 2499 ium
1034 2433 1166 2518 saepius
1189 2434 1313 2500 dictum
1337 2440 1401 2514 est,
1426 2441 1474 2501 est

149 2529 266 2590 eontra
288 2524 429 2606 sigillum
454 2523 703 2600 sacramentale,
729 2544 770 2588 ex
794 2544 867 2606 quc,
893 2524 920 2588 si
944 2523 1084 2588 sciretur
1107 2544 1171 2588 non
1191 2522 1386 2607 prohibitus
1413 2525 1475 2591 ori·

148 2618 241 2680 retur
263 2612 506 2698 paenitentibus
530 2611 681 2677 molestia
705 2613 815 2696 alique
834 2610 879 2694 (v,
904 2634 1003 2696 supra
1026 2633 1057 2678 n.
1084 2614 1165 2689 5313
1191 2612 1341 2692 Gobat,
1372 2615 1474 2680 sllreol.

149 2703 654 2872 tttlttt·tumlti
671 2701 890 2871 ,lustu
907 2701 1133 2875 lutitant*
1146 2701 1476 2874 lltqtt'tttttt

149 2880 350 2947 manifestat.
397 2880 504 2956 Quare
528 2899 661 2956 censeo,
692 2879 719 2943 si
743 2879 912 2964 Philippus
935 2880 1109 2945 Lactantio
1134 2880 1300 2961 hueusque
1324 2902 1390 2945 non
1416 2882 1477 2946 fuit

149 2974 256 3047 notus,
280 2990 365 3034 nunc
381 2989 459 3034 vero
484 2988 594 3032 coram
618 2968 691 3033 aliis
715 2968 888 3034 confitendi
912 2990 1012 3034 causa
1036 2990 1109 3033 eum
1129 2968 1207 3046 adit,
1232 2973 1267 3035 et
1282 2968 1477 3037 Lactantius

149 3063 265 3143 postea
289 3079 398 3123 eoram
422 3058 534 3122 iisdem
559 3057 599 3121 de
622 3057 771 3140 Philippo
795 3057 995 3139 interrogat:
1020 3058 1088 3122 fiori
1113 3078 1210 3141 posse
1233 3063 1271 3125 ut
1293 3058 1351 3123 illa
1374 3059 1477 3126 inter-

90 3186 92 3191 ·
150 3148 278 3230 rogatio
303 3147 384 3212 certi
408 3146 544 3211 alicuius
567 3145 695 3229 peccati
711 3146 832 3212 iustam
848 3146 1063 3231 suspicionem
1080 3146 1119 3211 do
1135 3151 1272 3231 peccato
1289 3168 1310 3212 a
1325 3147 1478 3234 Philippo

150 3242 303 3303 accusato
328 3238 467 3318 ingerat.
515 3234 606 3311 Quod
636 3235 661 3298 si
686 3236 740 3313 fit,
770 3234 911 3302 habetur
934 3257 1011 3300 usus
1035 3238 1164 3301 illicitus
1188 3257 1299 3301 eorum
1324 3257 1411 3318 quae
1436 3260 1477 3302 ex

151 3326 354 3391 confessione
378 3328 566 3390 noscuntur.

88 3445 139 3499 547
241 3432 278 3497 n.
304 3435 334 3496 2.
372 3430 403 3496 Si
428 3451 506 3496 vero
530 3430 698 3513 Philippus
721 3430 895 3497 Lactantio
919 3430 985 3496 iam
1009 3435 1060 3496 est
1084 3430 1137 3495 diu
1161 3435 1269 3506 notus,
1291 3430 1351 3496 illa
1373 3431 1477 3498 inter·

151 3520 279 3601 rogatio
302 3520 391 3584 nullo
415 3520 511 3584 modo
535 3519 674 3596 indicat,
707 3541 813 3601 neque
836 3521 938 3585 ullam
961 3519 1178 3602 suspicionem
1201 3519 1406 3603 probabilem
1429 3521 1477 3585 in·

149 3608 237 3691 gerit
260 3609 300 3673 de
324 3614 459 3692 peccato
483 3630 503 3673 a
526 3608 675 3691 Philippo
699 3615 869 3686 accusat03
900 3609 1009 3693 potuit
1039 3608 1124 3673 enim
1155 3630 1197 3673 ex
1226 3608 1339 3676 multis
1368 3610 1478 3675 causis

150 3699 235 3763 hanc
258 3698 420 3763 curiosam
441 3697 733 3778 interrogationem
750 3698 868 3763 fucere.
893 3737 937 3745 —
961 3697 1033 3762 Nisi
1050 3702 1159 3763 autom
1176 3697 1394 3780 interrogatio
1419 3699 1477 3765 ali-

150 3809 247 3870 quam
279 3786 579 3852 manifestationem
611 3808 668 3851 seu
702 3786 894 3871 suspicionis
927 3787 1159 3853 excitationem
1194 3787 1377 3865 contineat,
1414 3789 1479 3853 aliu

150 3876 302 3942 molestia
325 3897 389 3940 non
414 3875 545 3940 videtur
567 3875 716 3959 Philippo
741 3876 855 3941 creari.
902 3876 988 3942 Nam
1019 3875 1083 3941 etsi
1113 3875 1252 3941 sciretur
1282 3897 1324 3941 ex
1348 3877 1478 3942 confes·

149 3965 240 4030 sione
272 3965 355 4029 sumi
388 3985 502 4029 ansam
535 3964 716 4029 huiusmodi
749 3966 897 4031 curiosae
928 3965 1196 4046 interrogationis
1231 3964 1318 4030 circa
1352 3965 1477 4032 factum

149 4055 314 4139 publicum
337 4074 442 4136 neque
466 4054 647 4130 diffamans,
674 4075 767 4119 nemo
792 4054 851 4119 nisi
876 4054 963 4120 forte
985 4054 1225 4119 morosissimus
1241 4053 1274 4119 id
1290 4054 1357 4119 ullo
1381 4056 1478 4120 modo

151 4165 250 4226 aegre
274 4143 394 4220 ferret,
428 4143 485 4207 sed
509 4143 618 4225 potius
641 4143 774 4209 rideret.
821 4144 929 4220 Quare
959 4164 994 4207 re
1018 4144 1049 4207 in
1076 4145 1285 4227 suspectata
1309 4144 1478 4210 consentio

151 4234 246 4300 dictis
264 4232 396 4298 Gobat
419 4233 441 4298 l.
466 4253 492 4298 c.
511 4254 541 4296 n.
560 4235 623 4296 855
648 4231 821 4298 referentis
845 4232 981 4297 similem
1006 4254 1127 4310 cesum,
1152 4233 1185 4297 in
1208 4232 1269 4297 tali
1292 4232 1477 4315 interroga-

150 4323 239 4388 tione
263 4326 320 4386 uut
344 4322 467 4386 nullam
492 4325 549 4387 aut
572 4322 654 4386 adeo
684 4321 930 4404 improbabilem
961 4321 1145 4386 molestiam
1175 4321 1376 4405 paenitentis
1407 4323 1478 4387 fun-

151 4412 222 4476 dari
254 4415 291 4475 ut
321 4433 385 4475 non
416 4410 558 4475 sufficiat
588 4411 629 4474 ad
654 4410 914 4477 constituendum
946 4416 1115 4492 peecatum
1139 4411 1287 4477 mortale.
1335 4411 1423 4477 Nam
1446 4411 1479 4476 in

151 4501 206 4565 illo
238 4522 298 4564 usu
331 4500 468 4565 notitiae
499 4499 731 4578 confessionis,
763 4499 817 4581 qui
847 4500 1134 4581 trionifestntioncm
1164 4499 1276 4566 eiusve
1299 4500 1477 4584 perieulum

151 4612 216 4655 non
241 4590 426 4667 contineat,
452 4589 509 4653 sed
534 4592 669 4672 propter
692 4589 795 4653 solam
819 4589 1002 4653 molestiam
1027 4589 1270 4672 paenitentibus
1293 4592 1369 4657 inde
1393 4591 1480 4657 forte

151 4679 322 4743 oriundam
347 4681 391 4747 sit
414 4683 530 4745 contra
553 4678 660 4761 legem
685 4677 794 4759 sigilli,
818 4677 969 4742 molestia
992 4679 1102 4762 aliquo
1118 4679 1213 4743 modo
1229 4681 1387 4746 notabilis
1410 4681 1480 4763 qui·
