3044 5174
390 104 587 175 [mpedimento
605 105 769 160 matrimonii
787 105 956 161 dirimentis:
975 137 1010 144 -
1029 107 1128 162 Metus.
1359 114 1423 177 539

92 302 152 367 pro
181 281 420 367 impedimento
449 281 530 347 iuris
559 283 730 350 naturalis.
778 283 870 361 Quod
900 282 985 349 enim
1018 284 1060 350 ad
1092 285 1254 351 salvanda
1287 293 1320 354 et
1347 308 1423 371 pro·

92 370 240 454 tegenda
262 369 336 437 iura
357 370 545 455 personalia
567 371 731 438 libertatis
754 376 916 440 statutum
940 377 1001 452 est,
1026 392 1131 457 neque
1154 374 1334 459 apositiva
1349 377 1423 460 lege

94 480 201 543 neque
225 459 343 543 alege
369 460 514 527 naturali
537 479 680 542 eousque
703 461 858 528 sustineri
882 461 980 528 debet
1002 466 1040 528 ut
1061 466 1182 545 vergat
1205 463 1237 528 in
1261 484 1421 530 summum

93 549 273 617 eorundem
296 548 517 634 personalium
539 549 656 616 iurium
681 549 922 618 detrimentum.

184 637 288 705 Porro
309 637 338 705 si
363 639 532 722 probabile
548 645 600 707 est
622 644 746 705 metum
761 644 800 707 ut
819 640 1086 723 impedimentum
1103 640 1259 707 dirimens
1275 642 1423 709 desinere

93 732 197 811 atque
226 727 487 807 matrimonium,
519 748 584 793 non
614 729 767 797 obstante
790 733 897 805 metu,
928 729 961 795 in
985 729 1143 796 eiusmodi
1167 730 1423 799 circumstantiis

93 816 205 883 valide
229 816 379 883 contrahi
401 837 515 901 posse,
546 816 657 884 licebit
679 817 802 884 bomini
825 817 858 883 in
882 817 922 884 iis
944 818 1107 901 angustiis
1137 819 1244 902 posito
1268 826 1422 888 contento

93 926 167 972 esse
190 905 254 971 bac
276 905 510 989 probabilitate
533 909 634 988 atque
657 906 865 974 matrimonio
888 907 946 975 uti.
978 907 1026 975 uf.
1048 908 1104 975 lb.
1121 930 1161 976 m.
1179 908 1220 987 ll,
1246 911 1321 976 738.
1347 913 1421 978 739.

93 994 302 1061 Contrarium
326 994 428 1063 scutit
450 994 644 1073 Rosset1,
676 996 726 1061 De
748 999 887 1063 enutrim.
911 1018 942 1063 n.
972 998 1068 1064 1331.
1115 999 1163 1064 At
1191 1002 1325 1065 nostrae
1348 1020 1423 1066 sen·

93 1083 223 1238 {sufisia
245 1083 535 1237 patronosnhabss
567 1083 965 1167 Schmalzgrueber,
1001 1085 1248 1165 Mazzotta,
1282 1088 1423 1155 Thom.

126 1194 191 1241 am
229 1192 473 1251 ur1n1,aos.

344 1365 667 1433 MATRIMONIUM
690 1366 750 1431 EX
773 1366 898 1433 METU
922 1365 1082 1433 INITUM
1105 1366 1174 1448 (ll).

658 1523 769 1591 Casus.
788 1531 865 1600 (269)

187 1666 215 1725 1.
235 1662 334 1725 Proba
348 1664 480 1739 graviter
501 1670 625 1740 aegrota
639 1663 792 1725 Camillum
806 1663 951 1724 medicum
969 1665 1007 1724 ad
1028 1683 1062 1725 se
1076 1667 1240 1725 vocandum
1255 1671 1353 1727 curat:
1375 1667 1423 1743 qui

94 1744 289 1805 manifestato
308 1743 440 1821 periculo
462 1745 633 1821 ampliorem
655 1762 756 1804 curam
776 1762 835 1803 non
856 1745 922 1804 vult
942 1745 1126 1822 impendere,
1147 1746 1205 1805 nisi
1225 1746 1274 1806 hic
1295 1752 1326 1807 et
1345 1764 1424 1806 nunc

95 1844 198 1885 secum
218 1823 301 1884 ineat
321 1824 555 1895 matrimonium
577 1824 654 1901 quod
674 1824 707 1883 in
728 1842 800 1883 casu
821 1823 944 1901 periculi
965 1826 1099 1903 superati
1112 1826 1259 1904 promittit
1280 1846 1313 1887 se
1334 1834 1365 1887 et
1386 1827 1424 1886 oi·

94 1905 197 1967 viliter
217 1904 459 1965 confirmaturum
480 1923 547 1965 esse
568 1910 599 1965 et
619 1924 719 1965 coram
739 1903 876 1963 Ecclesia
902 1905 1133 1966 benedicendum
1155 1911 1326 1967 curaturum
1348 1926 1423 1967 esse.

96 1985 211 2057 Quibus
231 1982 340 2056 Proba,
360 2003 399 2044 ne
421 1984 575 2044 deseratur
596 2005 614 2045 a
634 1984 757 2053 medico,
780 1984 936 2045 consentit.

185 2066 215 2127 2.
242 2064 339 2136 Rosa,
370 2064 432 2124 filia
452 2064 520 2124 Rufi
540 2064 597 2123 viri
625 2064 749 2137 nobilis,
778 2064 860 2124 videt
887 2084 949 2124 rem
977 2064 1152 2125 familiarem
1180 2066 1276 2143 patris
1304 2071 1425 2146 propter

95 2145 268 2205 intricatam
288 2144 371 2204 litem
391 2145 422 2204 in
443 2164 550 2221 magno
571 2144 712 2222 periculo,
734 2163 829 2220 neque
850 2144 936 2205 adest
956 2145 1120 2206 advocatus
1141 2146 1270 2224 peritus,
1293 2147 1424 2224 quirem

95 2224 226 2286 feliciter
245 2230 377 2285 tractare
397 2225 495 2302 possit
514 2224 573 2286 uisi
594 2243 670 2285 unus
691 2226 741 2301 qui
755 2224 887 2285 offensus
910 2225 1053 2285 auxilium
1067 2244 1153 2286 suum
1168 2226 1303 2302 denegat.
1333 2228 1425 2299 Rosa,

95 2305 229 2383 alioquin
242 2304 339 2365 virum
359 2304 449 2365 istum
470 2306 642 2377 abhorrens,
664 2323 764 2366 amore
784 2304 880 2382 patris
901 2311 932 2366 et
951 2306 1057 2367 timore
1077 2306 1176 2377 ducta,
1197 2307 1281 2367 illum
1303 2307 1365 2367 adit
1385 2314 1426 2377 et,

95 2405 163 2447 cum
183 2384 328 2445 auxilium
347 2402 488 2447 recusare
507 2392 629 2462 perget,
657 2404 741 2463 spem
760 2385 836 2444 iacit
862 2386 1041 2447 matrimonii
1068 2407 1170 2447 ascum
1190 2387 1320 2450 ineundi.
1361 2387 1426 2458 Qua

96 2486 128 2527 re
149 2470 316 2527 commotus
344 2465 394 2525 ille
422 2470 518 2525 mutat
545 2466 717 2539 consilium,
746 2465 773 2525 si
799 2485 878 2526 nunc
899 2467 1001 2527 statim
1028 2467 1082 2528 fiat
1109 2467 1266 2545 promissio
1289 2474 1319 2528 et
1339 2488 1427 2544 quam

95 2546 224 2623 primum
244 2544 309 2607 eius
328 2544 469 2624 impletio.
510 2546 610 2606 Rebus
631 2546 675 2607 sic
697 2545 878 2623 compositis,
900 2548 1067 2608 celebratur
1087 2548 1315 2620 matrimonium,
1337 2548 1374 2607 lis
1396 2549 1426 2608 in

96 2627 232 2687 favorem
251 2625 319 2686 Rufi
340 2625 500 2687 deciditur:
529 2645 586 2703 quo
607 2626 704 2696 facto,
733 2626 814 2686 Rosa
836 2625 983 2687 actionem
1004 2627 1134 2688 instituit
1154 2633 1259 2689 contra
1279 2629 1426 2688 matrimo-

95 2706 138 2767 nii
158 2706 292 2767 valorem
313 2705 397 2782 quasi
417 2726 456 2766 ex
477 2710 557 2766 metu
577 2706 652 2767 initi.

96 2820 276 2892 erasurus
295 2821 396 2882 sintne
416 2821 570 2898 praedicta
588 2822 775 2883 matrimonia
788 2821 888 2881 valida
903 2841 941 2881 sn
956 2841 994 2881 ex
1008 2821 1215 2898 impedimento
1229 2827 1325 2882 metus
1335 2822 1425 2882 nulla.

693 3006 829 3074 solutio.

187 3148 227 3218 R.
255 3152 283 3217 1.
321 3148 414 3215 Haec
438 3147 587 3231 quaestio
610 3147 742 3214 indubie
765 3148 914 3228 solvitur,
939 3148 968 3214 si
991 3151 1098 3214 metus
1121 3146 1261 3213 iniustus
1285 3146 1428 3213 adfuerit
1437 3161 1486 3217 941

96 3238 242 3306 inflictus
270 3237 325 3304 vel
354 3241 543 3322 protractus
565 3235 597 3302 in
622 3257 697 3302 eum
719 3238 816 3305 finem
841 3240 878 3302 ut
903 3236 1143 3304 matrimonium
1167 3236 1294 3320 dequo
1318 3236 1428 3320 agitur

189 3416 200 3449 ¹
219 3412 394 3469 Clarissimus
411 3412 459 3468 ille
478 3416 573 3468 auctor
592 3412 694 3467 dictam
713 3412 933 3483 probabilitatem
956 3415 1070 3466 conatur
1089 3414 1220 3476 evertere,
1240 3411 1353 3465 dicendo
1375 3410 1427 3464 fal·

95 3504 159 3543 snm
176 3502 241 3541 esse
256 3502 344 3539 meum
361 3484 548 3556 suppositum,
571 3483 686 3554 ,quippe
703 3501 758 3538 non
777 3483 811 3537 ad
830 3483 993 3537 servandam
1012 3482 1184 3547 libertatem,
1202 3482 1250 3536 sed
1270 3482 1302 3535 ad
1323 3482 1426 3535 evitan-

96 3558 163 3614 dum
181 3561 324 3629 peecatum
342 3556 458 3612 mortale
476 3556 736 3611 consummationem
754 3553 940 3624 [matrimonii]
959 3554 1064 3609 inhibet
1081 3554 1125 3608 ius
1143 3556 1283 3608 naturae“.
1318 3555 1356 3606 nt
1373 3571 1426 3607 non

97 3629 152 3685 iate
177 3632 222 3685 est
239 3631 331 3685 status
357 3626 534 3698 quaestionis.
572 3626 735 3696 Priusquam
760 3630 909 3695 quaeratur
933 3643 998 3681 num
1024 3624 1146 3680 inhibeat
1163 3626 1207 3679 ius
1233 3628 1348 3678 naturae
1366 3642 1426 3677 con-

96 3702 314 3768 summationem,
340 3699 435 3770 quaeri
460 3698 541 3753 debet
558 3701 587 3752 et
604 3698 676 3753 solvi
695 3699 819 3767 quaestio
844 3715 909 3751 num
938 3697 979 3752 ius
998 3700 1113 3751 naturae
1131 3695 1253 3750 inhibeat
1271 3695 1322 3750 sub
1340 3712 1427 3765 poena

97 3770 236 3827 nullitatis
255 3774 343 3840 iprum
359 3772 564 3826 matrimonium
577 3770 803 3824 eontrohmdum:
821 3786 893 3833 nam,
912 3769 966 3824 nisi
978 3767 1179 3823 matrimonium
1192 3770 1303 3821 maneat
1313 3765 1426 3823 nullum.

97 3844 203 3899 frutra
230 3844 339 3913 qnaeris
364 3843 398 3898 de
416 3841 543 3897 evitando
568 3845 681 3911 peccato
699 3841 808 3895 mortali
834 3840 1083 3896 consummationis.
1120 3838 1215 3907 Neque
1233 3842 1300 3909 puto
1326 3837 1427 3893 salsum

97 3915 247 3985 quicquam
264 3931 282 3971 a
298 3932 343 3970 me
360 3913 485 3986 supponi,
503 3913 611 3983 quaudo
630 3913 690 3968 dico
708 3912 848 3975 rationem,
868 3930 916 3967 cur
934 3911 977 3967 ius
995 3915 1110 3966 nabnae
1128 3913 1231 3964 metum
1249 3927 1298 3980 pro
1316 3910 1427 3979 impedi-

97 3989 191 4041 mento
210 3984 347 4041 dirimenti
372 3988 491 4049 statuat,
517 3983 541 4039 si
560 3984 672 4049 statuit,
699 4001 760 4039 esse
777 3982 973 4054 protectionem
1000 3980 1180 4036 efficaciorem
1199 3980 1349 4046 libertatis,
1374 3998 1428 4034 non

99 4060 193 4113 summ
211 4058 344 4112 rationem
363 4074 424 4112 esse
449 4059 592 4127 peccatum
618 4054 733 4109 mortale
761 4053 1000 4109 consummationis
1027 4052 1194 4108 evitandum.
1231 4050 1283 4107 Sed
1301 4052 1429 4121 quoniam

97 4129 126 4183 in
154 4145 221 4184 casn
239 4129 379 4201 supposito
406 4129 450 4182 ius
474 4126 611 4182 libertatis
636 4127 695 4181 eius
720 4126 753 4180 de
772 4143 826 4195 quo
845 4125 936 4193 agitur
961 4125 1064 4179 salvari
1089 4142 1142 4177 non
1168 4126 1271 4194 potest,
1297 4123 1350 4177 nisi
1368 4124 1427 4193 ipse

99 4200 146 4256 ille
164 4200 251 4255 vitam
278 4201 403 4263 amittat,
429 4199 499 4255 ratio
527 4215 609 4267 quam
634 4197 714 4253 attuli
740 4215 789 4268 pro
807 4197 869 4264 lege
894 4200 1020 4251 cessante
1045 4195 1155 4250 videtur
1172 4194 1251 4249 salva
1270 4194 1427 4257 consistere,

98 4271 241 4357 videlieet:
267 4272 339 4329 Num
358 4289 424 4327 vore
441 4271 485 4325 ius
503 4272 618 4353 naturae
636 4269 771 4340 postulat,
790 4273 822 4324 ut
838 4268 993 4350 libertatern
1012 4284 1101 4322 meam
1119 4267 1195 4348 ritae
1212 4266 1364 4349 servandae
1383 4284 1428 4320 ne-

97 4340 931 4485 tatium‘ttttlttnltttttlittatt
944 4336 1289 4477 stabilitabit}
1299 4336 1428 4479 titt?

97 4486 209 4543 hibetur
226 4486 293 4557 quin
305 4486 397 4541 valide
415 4485 617 4540 matrimonium
637 4484 712 4538 insat
729 4487 812 4551 atque
832 4482 899 4535 illud
912 4428 1003 4536 vaiide
1024 4482 1121 4535 initum
1143 4481 1236 4535 statim
1250 4484 1429 4535 consummet.
