3044 5174
645 246 685 301 De
704 263 741 301 aa.
761 246 933 301 eucharistia.

355 422 612 490 APPLICATIO
635 422 863 490 MISSARUM
886 421 972 489 PRO
998 422 1242 488 STIPENDIO.

527 588 779 649 TRANSLATIO
801 587 844 648 IN
864 587 1065 648 ALTERUM.

712 746 822 812 (lasus.
842 751 901 820 (59)

224 885 383 946 Corinthus
412 886 566 956 sacerdos,
592 886 623 944 in
643 886 754 961 Anglia
775 886 941 957 exsistens,
971 886 1018 944 cui
1039 885 1086 944 vir
1113 884 1220 946 nobilis
1242 885 1401 946 committit
1424 890 1461 946 10

132 966 241 1026 missas
270 966 463 1026 celebrandae
493 968 614 1026 tradens
636 969 675 1025 50
695 985 829 1037 marcas,
857 971 960 1025 toxam
990 969 1200 1042 dioecesanam,
1230 966 1349 1026 easdem
1371 968 1459 1026 alteri

132 1046 282 1106 sacerdoti
293 1046 432 1105 dicendae
447 1046 603 1106 committit
613 1046 687 1106 dans
702 1045 880 1123 stipendium
894 1048 1061 1115 rectatur,
1078 1064 1252 1108 marcarum.
1274 1046 1346 1108 (lum
1360 1055 1461 1106 autem

132 1130 172 1186 ab
193 1126 296 1185 eodem
316 1127 381 1185 viro
403 1127 527 1186 eandem
548 1146 690 1186 summam
712 1126 848 1186 similiter
868 1126 899 1185 in
920 1126 1079 1186 Germania
1100 1126 1265 1203 acciperet,
1295 1132 1398 1186 taxam
1420 1128 1461 1186 ibi

134 1212 306 1266 consuetam
329 1209 384 1276 1¹l,
400 1225 566 1265 marcarum
587 1206 674 1265 alteri
694 1206 793 1266 tradit.

224 1286 305 1345 ldem
327 1287 373 1345 vir
400 1287 484 1346 dives
511 1287 663 1363 praefecto
691 1285 855 1346 sanctuarii
876 1285 910 1346 B.
932 1284 1066 1360 Virginis
1094 1285 1146 1344 dat
1167 1287 1227 1346 500
1253 1306 1370 1346 marcas
1394 1307 1461 1346 cum

134 1385 225 1425 onere
245 1371 278 1425 nt
298 1365 405 1425 ibidem
426 1367 465 1424 20
486 1368 595 1426 missae
616 1368 802 1426 celebrentur
822 1385 875 1442 pro
896 1384 951 1424 sua
972 1365 1100 1425 familia:
1124 1385 1197 1442 quae
1218 1367 1389 1444 praefectus
1410 1367 1461 1426 ille

134 1446 328 1505 celebrandas
365 1446 522 1506 committit
554 1447 758 1506 sacerdotibus
791 1447 861 1505 illuc
889 1445 1103 1505 confluentibus
1132 1446 1254 1506 tradens
1281 1447 1461 1525 stipendium

100 1556 103 1564 ν
133 1531 309 1586 consuetum
330 1527 547 1586 dioecesanum.

223 1607 313 1683 Apud
337 1607 415 1666 idem
436 1606 637 1665 sanctuarium
658 1605 780 1666 exsistit
799 1605 933 1665 fundatio
954 1605 1123 1675 missarum,
1153 1626 1227 1682 qnae
1248 1606 1382 1666 fundatio
1404 1607 1463 1666 col·

132 1686 234 1745 locata
262 1692 310 1746 est
338 1686 370 1745 in
390 1687 527 1764 praedio,
556 1687 633 1762 quod
660 1691 766 1764 postea
794 1685 881 1745 civile
908 1685 1082 1761 gubernium
1103 1705 1252 1764 occupans
1281 1687 1409 1746 mutavit
1430 1687 1462 1746 in

133 1786 265 1825 annuum
287 1785 407 1826 censum
428 1765 646 1843 pecuniarium
669 1786 725 1842 quo
739 1766 851 1825 factum
874 1772 922 1825 est
943 1771 976 1824 ut
996 1785 1075 1825 nunc
1088 1786 1142 1844 pro
1161 1786 1282 1826 numero
1302 1767 1462 1826 missarum

134 1845 314 1922 stipendium
335 1851 487 1906 ternarum
508 1847 665 1906 missarum
693 1845 731 1905 ad
758 1845 844 1905 binas
872 1864 987 1905 marcae
1015 1847 1166 1906 redactum
1194 1847 1243 1907 sit.
1284 1847 1462 1907 Praefectus

133 1932 293 2004 propterea
314 1926 450 1986 diminuit
478 1927 586 1986 missas
614 1926 806 1986 celebrandas
828 1931 1002 2002 computans
1031 1946 1085 2002 pro
1115 1927 1241 2003 singulis
1270 1932 1372 1986 texam
1395 1948 1463 1987 con·

134 2013 259 2067 suetam.

136 2137 314 2207 Quassusua
336 2140 365 2197 1⁰
391 2157 539 2214 quaenam
564 2137 724 2197 universim
752 2137 875 2196 valeant
901 2137 937 2197 de
965 2137 1163 2197 celebratione
1191 2136 1347 2197 missarum
1376 2138 1464 2198 alteri

389 2217 597 2277 committenda
619 2222 708 2293 atque
729 2217 765 2275 de
787 2217 998 2294 stipendiorum
1019 2217 1250 2278 transmissione.

337 2317 367 2374 2⁰
389 2315 414 2373 si
430 2315 555 2374 decursu
569 2319 733 2392 temporum
754 2315 933 2391 stipendium
947 2316 1104 2374 missarum
1125 2316 1315 2374 fundatarum
1331 2316 1464 2375 evaserit

389 2395 487 2453 minus
507 2400 579 2454 taxa
601 2402 752 2465 consueta,
773 2395 901 2454 liceatne
922 2414 1074 2454 numerum
1096 2396 1251 2456 missarum
1273 2397 1417 2455 reducere
1435 2404 1464 2455 et

392 2494 487 2550 aquo
508 2474 565 2533 hoc
586 2474 651 2534 fieri
671 2475 776 2552 possit.
831 2541 834 2546 ,

341 2573 371 2633 3⁰
392 2571 461 2648 quid
482 2571 519 2631 ad
540 2572 709 2649 propositos
730 2591 817 2632 casus
839 2572 879 2631 sit
899 2571 1061 2632 dicendum.

734 2754 869 2821 Salutio.

72 2914 127 2968 aas
227 2897 280 2961 An
303 2916 494 2972 ouansrsuu
522 2899 559 2960 1ΙΙΙ
582 2895 621 2962 R.
648 2898 677 2962 1.
723 2895 812 2961 Nihil
845 2917 904 2980 per
932 2918 969 2962 se
992 2901 1087 2963 vetat
1116 2896 1193 2978 quin
1224 2897 1319 2964 alteri
1351 2919 1465 2963 sacer·

138 2985 206 3051 doti
229 2984 329 3050 missa
359 2985 555 3051 celebranda
579 2984 820 3063 committatur,
852 3006 924 3051 cum
955 2985 1024 3051 eins
1048 2986 1142 3051 valor
1172 2988 1207 3051 et
1236 2986 1462 3053 ministerialis

136 3077 264 3140 tructus
294 3074 480 3140 essentialis
509 3095 573 3138 non
603 3074 746 3158 pendeat
776 3095 796 3139 a
827 3074 1024 3141 celebrante.
1079 3077 1236 3142 Attamen
1266 3097 1462 3160 responsum

138 3164 239 3240 valet,
263 3163 410 3228 simodo
434 3163 701 3229 circumstantiae
724 3163 766 3228 ab
790 3163 1017 3247 eleemosynae
1041 3164 1197 3230 collatore
1220 3163 1291 3229 sive
1307 3165 1465 3248 explicite

137 3253 209 3317 sive
239 3251 342 3318 tacite
373 3252 547 3336 impositae
579 3256 762 3318 serventur.
815 3252 922 3329 Quare
954 3252 981 3316 si
1014 3252 1100 3336 apud
1133 3258 1258 3320 certam
1290 3255 1463 3319 ecclesiam

138 3341 257 3406 missae
280 3341 478 3419 fundantur,
513 3340 735 3425 praesumptio
759 3345 811 3407 est
840 3341 926 3406 velle
956 3341 1163 3407 fundatorem
1193 3342 1311 3407 missas
1341 3342 1407 3408 dici
1430 3343 1463 3408 in

137 3431 210 3513 ipsa
232 3430 290 3494 illa
313 3431 468 3506 ecclesia,
500 3429 562 3495 nisi
585 3451 627 3495 ex
650 3429 809 3514 temporis
831 3430 926 3514 lapsu
956 3430 1221 3495 immemorabilis
1244 3431 1297 3496 vel
1322 3432 1398 3497 aliis
1422 3453 1464 3497 ex

138 3518 246 3584 causis
269 3518 357 3585 alind
380 3519 559 3603 prudenter
581 3519 765 3600 colligatur.
795 3518 834 3584 In
857 3519 1028 3603 stipendiis
1043 3520 1248 3585 manualibus
1263 3541 1282 3585 e
1298 3522 1464 3587 contrario

138 3612 314 3674 censentur
343 3608 419 3674 illae
449 3607 716 3674 circumstantiae
745 3629 811 3673 non
840 3608 980 3693 imponi,
1011 3608 1074 3674 nisi
1103 3630 1160 3674 eas
1189 3610 1360 3693 impositas
1391 3631 1465 3676 esse

138 3700 279 3763 constat.

227 3803 266 3869 R.
292 3799 321 3869 2'.
369 3803 451 3868 Tum
482 3824 525 3868 ex
555 3823 628 3868 sese
651 3802 793 3887 speciem
817 3803 923 3886 turpis
946 3803 1028 3869 lucri
1051 3805 1177 3870 redolet
1209 3805 1342 3870 missam
1368 3806 1465 3872 alteri

139 3892 353 3970 committere,
377 3895 509 3957 retenta
531 3896 627 3976 parte
650 3891 819 3976 stipendii;
844 3896 913 3957 tum
937 3893 1081 3977 positiva
1104 3893 1278 3976 prohibitio
1295 3894 1466 3962 Ecclesiae

138 3982 172 4047 id
195 3981 325 4046 omnino
350 3984 460 4055 vetat;
484 3980 582 4046 immo
599 3980 854 4048 Benedictus
876 3981 953 4046 XIV
977 3982 1216 4048 Constitutione
1233 3986 1363 4065 Quanto
1385 4009 1466 4052 curo

139 4071 171 4137 d.
196 4069 227 4138 d.
252 4072 294 4136 30
317 4069 402 4135 Iunii
427 4071 510 4135 1741
546 4090 701 4152 expresse
725 4070 871 4136 declarat
905 4093 988 4148 „non
1019 4093 1116 4155 posse
1146 4073 1242 4138 alteri
1265 4073 1465 4157 stipendium

139 4158 273 4225 minoris
296 4159 394 4243 pretii
416 4158 563 4241 erogari,
587 4159 650 4223 etsi
672 4159 777 4224 eidem
800 4161 964 4227 sacerdoti
988 4161 1166 4227 celebranti
1190 4166 1224 4227 et
1246 4164 1466 4230 consentienti

139 4269 175 4313 se
199 4248 332 4314 maioris
354 4247 452 4332 pretii
476 4247 716 4330 eleemosynam
741 4249 906 4333 accepisse
929 4249 1138 4316 indicasset“.
1171 4250 1273 4316 Immo
1292 4249 1320 4316 si
1344 4254 1383 4318 fit
1406 4255 1465 4318 cot-

139 4341 226 4403 lectio
250 4336 485 4421 stipendiorum
515 4358 619 4418 eaque
650 4337 808 4402 diminuta
833 4338 905 4403 aliis
929 4339 1195 4416 committuntur,
1227 4340 1282 4405 ubi
1306 4340 1464 4407 eiusmodi

141 4427 333 4493 diminutum
357 4425 553 4510 stipendium
578 4431 767 4491 consuetam
790 4432 903 4491 taxam
928 4431 1058 4509 aequat,
1083 4428 1162 4493 illud
1186 4433 1281 4512 turpe
1305 4451 1466 4496 commer-

111 4564 120 4584 .
141 4515 225 4579 cium
239 4538 311 4581 cum
324 4515 495 4599 stipendiis
510 4514 682 4579 missarum
698 4536 809 4580 secum
822 4516 925 4582 trahit
938 4518 1302 4583 excommunicationem
1317 4520 1466 4586 Romano

143 4604 288 4687 pontifici
312 4610 527 4680 reseruatam,
551 4604 621 4687 ipso
645 4604 735 4669 facto
759 4605 996 4672 incurrendam.
1033 4609 1089 4673 Th.
1110 4631 1149 4672 nr.
1171 4607 1211 4684 ΙΙ,
1237 4610 1313 4674 203.
1339 4612 1415 4676 900.
