3044 5174
403 239 599 309 [mpedimenta
616 239 782 294 matrimonii
800 240 968 295 dirimentis:
989 269 1022 279 -
1042 240 1131 294 Error.
1364 246 1428 310 535

100 438 158 501 per
181 419 352 498 occiduum
371 415 429 482 alii
451 420 562 482 autem
584 419 748 493 tenentur,
781 417 844 483 etsi
867 437 933 482 ιιοιι
955 420 1056 495 certe,
1080 420 1192 484 tamen
1215 415 1429 502 probabiliter

100 527 158 590 per
180 526 225 589 se,
250 508 290 572 ut
303 505 427 572 dictum
442 509 495 572 est
509 526 610 588 supra
625 505 668 572 ad
683 505 720 583 Q.
737 508 786 584 3¹¹²,
811 527 851 573 ac
866 505 1001 589 proinde
1016 505 1198 574 auotoritas
1219 507 1349 591 publiea
1371 528 1429 573 auo

102 598 172 660 iure
202 594 327 673 utitur,
359 594 388 660 si
418 614 476 678 pro
505 614 572 660 non
601 594 777 678 baptizatis
806 599 916 661 certas
941 595 1033 677 leges
1055 594 1162 679 ipsum
1185 595 1427 663 matrimonium

102 683 241 766 eiusque
264 683 412 749 valorem
434 687 625 768 spectantes
648 684 746 762 terat,
769 684 865 750 modo
888 705 930 750 ne
953 689 1138 769 repugnent
1160 685 1225 768 legi
1244 684 1383 751 divinae.

251 876 602 951 lMPEDIMENTA
625 878 933 953 MATRIMONII
963 878 1277 954 DIRIMENTIA.

496 1058 645 1125 ERROR
667 1056 716 1125 IN
740 1057 1034 1126 MATRIMONIO.

663 1198 773 1265 Casus.
792 1205 868 1274 (267)

188 1337 371 1403 Pancratins
391 1356 491 1397 amere
511 1338 559 1397 sui
579 1341 756 1414 captaverat
768 1337 904 1429 puellam
925 1336 1070 1409 nobilem,
1101 1357 1176 1413 quae
1197 1342 1297 1398 tamen
1319 1339 1428 1400 asserit

100 1438 132 1483 ee
151 1418 236 1479 nelle
255 1416 322 1479 siue
343 1435 491 1478 consensu
510 1423 678 1509 parentum·
687 1416 934 1479 matrimonium'
925 1416 1016 1477 mire:
1039 1437 1127 1509 quam
1145 1422 1178 1477 ut
1198 1417 1329 1510 inducat,
1351 1419 1428 1481 Pan-

100 1498 214 1591 oratins
235 1517 270 1559 ee
290 1497 385 1559 iactat
404 1498 483 1575 apud
503 1496 678 1575 puellam
653 1517 773 1575 ermque
814 1501 934 1557 arentes
947 1496 1039 1556 filium
1054 1497 1128 1557 certi
1143 1497 1232 1558 comit
1233 1497 1260 1558 is
1219 1497 1332 1558 ιιιιι
1310 1499 1427 1572 trasimi,

101 1579 184 1639 ouius
206 1576 321 1673 familis
340 1576 421 1655 patri
440 1576 558 1670 puellae
579 1582 650 1638 nota
671 1584 744 1638 erat.
808 1582 873 1637 ater
893 1576 984 1654 igitur
1005 1577 1126 1654 cupiens
1149 1596 1214 1637 cum
1235 1579 1293 1638 hac
1313 1546 1427 1641 familiai

100 1656 265 1720 intimius
256 1657 354 1733 iungi,
383 1657 450 1717 ab
441 1677 506 1735 ipso
526 1657 577 1718 illo
607 1657 712 1718 comite
739 1657 788 1716 litt
776 1657 848 1717 teris
876 1657 952 1734 petit
979 1675 1156 1716 consensum
1176 1658 1208 1716 in
1236 1657 1307 1717 illud
1328 1661 1427 1720 matri-

100 1740 232 1801 monium
252 1738 359 1798 inter
350 1737 444 1815 ipsius
464 1738 557 1797 tilium
579 1757 719 1815 suumque
740 1737 845 1797 filiam·
867 1737 1036 1813 quibuslitt
1037 1737 1096 1797 eris
1116 1738 1287 1797 fraude't
1241 1756 1273 1796 ιιι
1274 1741 1426 1817 terceptis‚

99 1819 281 1880 Panos-atius
300 1816 405 1878 deame
424 1817 512 1894 fingit
531 1837 705 1896 responsum
720 1818 849 1878 omnium
862 1818 942 1878 votis
963 1818 1133 1889 secundum,
1155 1817 1199 1877 ita
1213 1824 1246 1877 ιιι
1260 1819 1343 1879 ιιοιι
1357 1826 1426 1896 post

99 1898 321 1962 matrimonium
342 1917 408 1958 cum
428 1918 537 1974 magna
558 1900 756 1962 sollemnitate
777 1899 951 1958 celebretur.
980 1897 1088 1959 Paucis
1101 1898 1293 1959 hebdomadis
1315 1900 1426 1976 elapsis

99 1981 182 2042 naus
203 1985 237 2040 et
257 1998 339 2040 error
360 1979 516 2054 detegitur.
558 1979 616 2039 Sed
636 1979 730 2039 oritur
751 1979 901 2056 quaestio:

303 2094 334 2152 1ο
353 2093 402 2170 qui
423 2093 463 2154 eit
483 2112 566 2153 error
586 2093 827 2170 impedimentum
847 2093 1027 2154 matrimonii
1048 2093 1197 2153 dirimens.

301 2192 333 2249 2⁰
352 2190 384 2250 ιιι
404 2208 477 2250 casu
498 2191 682 2251 subsistatne
701 2190 918 2250 matrimonium
940 2190 1018 2251 inter
1030 2190 1221 2250 Pancratium
1235 2196 1323 2267 atque
1344 2190 1425 2250 illam

355 2270 483 2347 puellam
504 2270 641 2340 nobilem,
663 2271 712 2330 vel
733 2270 802 2347 quid
822 2270 896 2330 iuris
917 2270 969 2330 illa
990 2271 1112 2348 eiusque
1132 2275 1218 2349 pater
1238 2272 1355 2331 habeat.

696 2452 831 2520 Salutio.

187 2600 243 2665 Ao
265 2617 457 2674 ouansrruu
484 2600 520 2662 1¹²¹
544 2597 583 2664 R.
603 2601 631 2663 l.
677 2598 795 2675 Error,
826 2597 880 2680 qui
911 2619 954 2664 ex
982 2619 1056 2665 sese
1084 2599 1129 2667 sit
1157 2597 1424 2682 impedimentum
1434 2608 1487 2664 933

97 2687 272 2767 dirimens,
297 2691 350 2753 eet
372 2707 464 2752 error
487 2686 527 2752 de
550 2706 691 2770 persona
713 2686 893 2771 praesenti,
919 2707 1058 2770 quacum
1080 2687 1287 2771 specietenus
1310 2686 1424 2754 matri·

97 2776 243 2844 monium
272 2775 389 2855 initur,
423 2775 477 2842 vel
500 2774 600 2843 etiam
624 2796 716 2841 error
739 2775 774 2842 in
795 2796 969 2860 personam
992 2777 1189 2843 redundans.
1236 2776 1315 2842 Cum
1339 2776 1424 2842 enim

97 2865 184 2934 inter
215 2870 325 2933 certas
354 2869 389 2932 et
418 2863 655 2932 determinatas
683 2885 842 2949 personas
872 2863 1114 2932 matrimonium
1137 2864 1187 2931 ita
1209 2865 1355 2943 ineatur,
1388 2871 1425 2933 ut

97 2976 240 3040 persona
271 2954 329 3021 illa
360 2954 581 3020 determinata
611 2954 656 3020 sit
684 2954 791 3037 ipsum
821 2953 984 3020 obiectum
1014 2953 1190 3020 essentiale
1220 2953 1308 3019 circa
1338 2956 1424 3036 quod

96 3048 250 3112 versetur
279 3047 484 3111 contractus:
516 3063 608 3109 error
637 3063 737 3127 supra
764 3042 870 3110 dietus
897 3047 949 3110 est
979 3041 1065 3109 circa
1094 3046 1285 3109 contractus
1311 3063 1423 3108 essen·

96 3132 191 3212 ιιιιιιι,
214 3132 361 3215 adeoque
384 3131 579 3199 consensuri
602 3136 723 3199 natura
745 3152 806 3199 sua
828 3131 930 3199 efficit
953 3131 1087 3197 nullum.

188 3238 226 3306 R.
246 3242 275 3306 2.
315 3240 417 3305 Ειιοι
440 3239 481 3304 de
504 3238 692 3305 condicione
715 3238 845 3316 servili,
873 3258 931 3303 seu
954 3237 1064 3322 potius
1087 3237 1158 3303 eius
1180 3236 1367 3320 ignorantia
1390 3235 1424 3303 in

96 3330 204 3397 altero
228 3328 442 3395 contrahente
465 3331 573 3409 libero,
598 3328 728 3410 quando
752 3332 804 3395 est
827 3326 973 3393 condicio
996 3326 1126 3394 servilis
1146 3347 1225 3393 vero
1249 3331 1284 3394 et
1306 3325 1423 3394 stricto

96 3439 213 3495 seusu,
244 3420 317 3484 iare
346 3420 551 3484 ecclesiast-ico
580 3417 688 3483 reddit
715 3416 958 3484 matrimonium
981 3416 1116 3483 nullum.
1163 3416 1299 3493 Quando
1322 3415 1424 3499 igitur

95 3509 149 3573 vir
171 3506 255 3572 liber
277 3507 372 3573 duxit
394 3507 579 3583 mulierem,
604 3526 698 3589 quae,
722 3527 795 3572 cum
818 3509 992 3590 putaretur
1014 3526 1035 3572 a
1057 3506 1129 3572 viro
1152 3505 1267 3582 libera,
1291 3510 1364 3573 erat
1386 3526 1423 3570 re

94 3597 170 3682 ipsa
192 3616 291 3662 serva
313 3617 411 3664 seusu
434 3596 560 3673 stricto,
585 3595 827 3664 matrimonium
850 3617 915 3662 non
930 3596 1038 3674 valet;
1061 3595 1116 3661 vel
1138 3595 1167 3661 si
1188 3593 1305 3662 mulier
1319 3593 1422 3661 bbere

94 3684 247 3771 nupserit
278 3685 348 3752 viro
382 3707 420 3752 re
452 3685 525 3769 ipsa
558 3705 672 3764 servo,
707 3685 763 3767 qui
796 3685 976 3770 putabatur
1009 3706 1030 3753 a
1064 3684 1201 3753 muliere
1235 3705 1308 3751 esse
1342 3683 1424 3749 liber

95 3774 153 3858 (ci.
178 3795 206 3840 c.
231 3776 251 3839 2
275 3775 305 3840 Χ
328 3779 359 3854 4,
384 3777 421 3851 9;
450 3777 506 3842 Tb.
531 3797 572 3841 m.
589 3774 630 3853 Π,
655 3775 744 3856 752).
776 3773 868 3851 Quod
883 3774 1151 3859 impedimentum
1174 3778 1289 3841 nostra
1311 3776 1423 3840 aetate

95 3863 299 3931 rarissimam
323 3865 423 3931 habet
445 3863 707 3948 applicationem.

186 3970 226 4037 R.
251 3973 282 4036 3.
328 3971 430 4037 Error
452 3970 486 4035 in
510 3970 698 4036 condicione
721 3990 882 4054 personae
908 3970 1091 4054 generatim
1115 3990 1180 4035 non
1203 3968 1283 4034 facit
1306 3967 1485 4038 matri-934

95 4059 240 4125 monium
263 4059 454 4136 invalidum,
478 4059 609 4127 etiamsi
624 4080 717 4125 error
732 4058 930 4126 condicionis
950 4059 1027 4125 talis
1050 4058 1160 4134 fuerit,
1185 4061 1231 4136 ut,
1256 4057 1422 4123 s1fuisset

96 4148 245 4217 condicio
275 4155 369 4227 nota,
402 4148 644 4216 matrimonium
673 4149 781 4215 locum
811 4170 875 4215 non
905 4148 1083 4215 habuisset.
1130 4147 1216 4213 Nam
1243 4167 1421 4212 consensus

96 4239 228 4305 domum
253 4237 425 4305 datust
373 4243 441 4316 eet;
465 4259 526 4304 uec
548 4238 717 4320 quaeritur
740 4237 818 4321 quid
836 4238 961 4304 factum
977 4236 1104 4312 fuisset,
1128 4237 1187 4301 sed
1203 4235 1364 4318 quidt
1296 4235 1421 4303 factum

95 4348 133 4393 re
156 4328 230 4412 ipsa
252 4327 305 4395 sit.
351 4327 514 4411 Exceptio
544 4334 611 4396 est·
604 4378 611 4393 .
646 4328 679 4411 1)
709 4326 737 4393 si
767 4331 860 4394 certa
883 4327 1043 4409 quaedam
1070 4324 1215 4391 condicio
1238 4325 1382 4391 habebat
1367 4329 1422 4391 tur

97 4422 134 4485 ut
164 4415 311 4484 condicio
341 4417 412 4484 eine
442 4437 508 4500 qua
537 4438 618 4496 non,
649 4416 698 4484 ita
727 4421 765 4484 ut
795 4436 973 4482 consensus
1000 4436 1064 4481 non
1088 4413 1239 4481 absolute
1261 4414 1320 4479 sed
1344 4435 1420 4479 con·

95 4506 259 4574 dicionate
290 4507 387 4574 datus
416 4505 461 4572 sit
491 4527 595 4589 neque
618 4505 764 4572 condicio
790 4505 848 4571 illa
870 4504 914 4572 sit
937 4503 1122 4580 verificata3
1155 4504 1189 4583 2)
1213 4504 1241 4570 si
1265 4501 1420 4580 condicio,

94 4596 183 4663 circa
213 4617 311 4680 quam
342 4596 386 4662 eit
416 4600 578 4674 erratum,
602 4595 765 4663 redundat
787 4595 820 4661 ιιι
843 4614 1035 4678 personam,
1062 4592 1111 4660 ita
1135 4597 1173 4660 ut
1196 4614 1239 4659 ex
1262 4591 1320 4657 illa
1342 4611 1420 4657 con·
