3044 5174
131 289 196 365 246
583 285 788 340 Sacramentum
807 287 999 358 paenitentiae.

128 461 195 528 cite
218 465 338 545 potest,
363 461 426 526 nisi
442 482 529 527 nova
545 463 795 545 superveniente
812 485 911 529 causa
927 463 1016 546 ipsas
1033 464 1253 530 confessiones
1269 469 1458 548 spectante:

128 571 227 632 quam
255 555 366 616 tamen
398 572 463 617 non
492 556 624 618 tenetur
654 552 825 636 episcopus
856 552 1007 634 religioso
1038 553 1266 632 manifestare,
1300 554 1359 619 sed
1383 554 1459 619 Sedi

129 639 359 723 Apostolicae‚
398 640 426 705 si
458 661 556 722 quam
594 642 754 708 rationem
787 642 985 708 reddendam
1018 643 1177 726 exegerit.
1222 642 1270 709 Ib.
1303 642 1338 707 in
1370 643 1459 708 bulla

131 729 333 814 „Srcperao“.
385 730 441 797 Tb.
465 753 506 797 m.
530 731 571 808 ΙΙ,
597 733 671 797 382.

144 878 146 882 ψ
219 835 257 901 R.
284 839 313 902 3.
362 836 528 919 Expressa
558 837 657 903 etiam
688 841 825 903 cavetur
853 837 1046 904 inlaudata
1075 838 1180 903 bulla:
1218 837 1459 913 „confessiones

130 923 283 989 audiendi
306 926 500 992 facultatem
524 927 673 992 omnibus
703 927 798 991 simul
824 927 918 992 unius
942 932 1122 992 conventus
1152 927 1359 1009 regularibus
1383 949 1459 991 cen-

130 1012 278 1079 fessariis
308 1014 407 1079 adimi
438 1016 479 1079 ab
510 1015 678 1099 episcope,
710 1016 894 1082 inconsulta
925 1015 1008 1081 Sede
1031 1014 1240 1100 Apostolica,
1269 1017 1458 1081 nullatenus

130 1105 256 1186 posse.“
291 1103 380 1179 Quae
402 1105 580 1184 revocatio,
604 1105 632 1169 si
648 1107 752 1183 fieret,
777 1126 850 1171 cum
874 1110 962 1170 esset
985 1106 1174 1171 contraius
1198 1106 1239 1170 ab
1263 1105 1382 1170 altiore
1406 1127 1459 1169 su-

130 1192 259 1275 periore
291 1195 470 1273 statutum,
503 1194 649 1259 invalida
681 1199 785 1273 esset,
818 1216 923 1277 neque
955 1216 991 1260 re
1023 1194 1095 1278 ipsa
1125 1198 1325 1278 potestatem
1351 1195 1459 1259 absol·

131 1281 230 1347 vendi
252 1282 409 1349 auferret.

219 1389 258 1456 R.
290 1391 321 1455 4.
368 1389 484 1472 Neque
518 1389 634 1455 mirum
669 1394 721 1456 est
757 1390 944 1474 episcopum
980 1390 1014 1454 in
1046 1390 1179 1472 negotio
1212 1390 1459 1474 approbationis

131 1477 238 1543 minus
267 1500 364 1562 pesse
394 1500 488 1543 suum
518 1479 688 1545 arbitrium
719 1481 810 1561 sequi
844 1479 951 1562 quoad
983 1479 1171 1545 sacerdotes
1201 1479 1372 1561 regulares
1402 1501 1458 1543 ex-

132 1571 271 1650 emptos,
297 1588 394 1649 quam
419 1568 527 1649 quoad
550 1569 737 1634 saeculares
761 1570 950 1635 sacerdotes
973 1568 1035 1634 sibi
1058 1567 1216 1635 subditos.
1255 1568 1343 1634 Nam
1368 1569 1458 1632 iuris·

130 1656 306 1721 dictionem
337 1657 468 1740 proprie
492 1657 613 1723 dictam
642 1657 848 1740 regularibus
878 1658 1049 1742 episcopus
1079 1661 1189 1742 potest
1218 1657 1348 1739 quidem
1373 1679 1457 1722 com·

130 1745 314 1822 municare‚
346 1746 403 1810 sed
426 1768 560 1812 necesse
581 1758 656 1811 'non
687 1752 754 1824 est,
785 1751 824 1812 ut
847 1747 1078 1821 communicet;
1109 1747 1232 1813 habent
1256 1747 1341 1812 enim
1366 1747 1457 1811 iuris·

37 1906 41 1912 ⁸
130 1833 325 1913 dictionem,
356 1835 575 1901 mediantibus
605 1837 673 1902 suis
703 1836 941 1919 superioribus,
973 1837 1015 1901 ab
1044 1837 1115 1920 ipso
1146 1856 1272 1900 summo
1296 1836 1454 1919 pontifice.

132 1925 177 1988 Et
200 1945 397 2006 quamquam
422 1925 464 1989 ad
487 1924 632 1990 validum
661 1925 757 1990 huius
786 1925 1019 1992 iurisdictionis
1050 1925 1243 1990 exercitium
1267 1925 1454 2009 approbatio

133 2013 326 2095 requiritur,
357 2019 469 2080 tamen
493 2015 545 2079 fas
569 2036 633 2079 non
657 2020 724 2091 est,
757 2016 798 2080 ad
829 2036 954 2079 merum
978 2013 1148 2080 arbitrium
1180 2014 1306 2079 obicem
1329 2035 1453 2097 ponere,

133 2103 304 2185 quominus
319 2103 482 2169 iurisditio
498 2125 519 2168 a
534 2105 869 2188 supremosuperiore
885 2105 964 2170 data
978 2104 1046 2169 vim
1062 2125 1154 2168 suam
1171 2123 1326 2168 exserere
1348 2103 1452 2186 possit.

68 2253 123 2305 427
223 2236 275 2300 Aa
299 2256 491 2310 ounxsrrsu
516 2239 555 2300 3¹n
578 2237 616 2302 R.
645 2239 672 2302 1.
719 2236 757 2300 ln
787 2236 847 2302 hoc
878 2236 1048 2320 episcopus
1078 2234 1220 2301 excessit
1252 2257 1346 2301 suam
1370 2240 1453 2319 pote·

133 2327 272 2402 statem,
306 2325 392 2406 quod
423 2325 519 2389 unius
543 2325 657 2389 demus
689 2325 898 2390 confessariis
929 2327 1073 2390 coraibus·
1102 2326 1297 2391 facultatem
1321 2324 1453 2390 veluerit
1481 2332 1483 2376 ἐ

133 2413 294 2488 adimere;
319 2414 361 2478 ad
385 2435 525 2479 examen
548 2435 667 2479 vocare
690 2418 838 2498 poterat3
863 2415 920 2480 sed
944 2415 1020 2497 quia
1044 2415 1076 2479 id
1092 2435 1156 2479 non
1179 2414 1268 2490 fecit,
1294 2412 1451 2480 revocatio
1481 2422 1483 2504 ξ

83 2556 90 2602 4
133 2505 246 2567 autem
270 2503 514 2586 approbationis
538 2503 683 2568 invalida
707 2509 768 2582 est,
793 2525 906 2569 omnes
929 2505 1015 2569 illius
1039 2504 1153 2569 domus
1177 2503 1370 2570 confessarii
1392 2504 1452 2567 iure
1481 2516 1483 2539 ¹

133 2614 195 2657 suo
217 2592 250 2657 in
275 2591 474 2675 excipiendis
498 2592 754 2658 confessionibus
778 2598 916 2676 possunt
939 2614 1086 2676 pergere.
1134 2593 1256 2658 Verum
1280 2593 1451 2658 cavendum

134 2684 187 2746 est
210 2702 230 2745 a
253 2682 407 2746 scandalo
433 2687 467 2748 et
490 2682 754 2765 perturbatione;
786 2704 887 2764 quare
918 2689 1054 2748 eatenus
1077 2682 1252 2765 prudentia
1283 2687 1318 2748 et
1342 2683 1453 2748 caritas

136 2791 200 2834 non
224 2791 299 2835 raro
324 2770 482 2852 exegerit,
508 2778 544 2838 ut
567 2772 788 2854 acquiescant.

225 2885 264 2952 R.
290 2889 319 2952 2.
366 2887 419 2952 Ad
443 2907 581 2952 examen
604 2887 715 2952 vocari
746 2909 859 2953 omnes
888 2892 1041 2970 possunt:
1073 2906 1175 2967 quare
1205 2907 1261 2950 eos
1290 2886 1407 2967 quibus
1426 2882 1453 2948 id

136 2973 295 3040 indictum
319 2981 379 3053 est,
405 2976 466 3041 nisi
490 2976 731 3060 comparuerint
754 2981 788 3041 et
811 2976 919 3041 album
936 2976 1096 3042 calculum
1120 2975 1267 3051 tulerint,
1293 2975 1454 3060 episcopus

135 3065 206 3129 iure
230 3064 342 3147 privat
364 3066 609 3149 approbatione.

228 3180 267 3246 R.
300 3183 329 3247 3.
385 3180 476 3256 Quod
508 3181 549 3246 ad
580 3202 700 3246 annum
731 3184 861 3247 tantum
891 3180 950 3245 dat
981 3179 1153 3263 episcopus
1183 3179 1455 3263 approbationem,

60 3275 66 3283 ’
138 3269 282 3352 practice
307 3270 514 3352 acquiescere
537 3271 657 3336 debent
680 3270 841 3352 religiosi;
872 3270 930 3334 sed
960 3269 1022 3334 nisi
1045 3290 1081 3334 re
1104 3289 1184 3334 vera
1214 3290 1327 3333 omnes
1352 3288 1456 3351 pamm

138 3359 245 3422 idonei
269 3359 390 3441 reperti
415 3359 537 3425 fuerint
561 3381 665 3441 neque
690 3361 774 3425 ullus
797 3359 989 3442 simpliciter
1012 3363 1125 3441 aptus,
1157 3357 1329 3441 episcopus
1352 3356 1458 3422 illicite

139 3448 224 3512 hunc
248 3447 384 3513 limitem
407 3450 527 3533 posuit.
560 3449 676 3531 Neque
700 3449 924 3514 controversia
940 3449 980 3513 de
1002 3447 1125 3514 mutuis
1144 3446 1267 3512 iuribus
1284 3447 1371 3512 ratio
1395 3465 1458 3512 esse

138 3541 250 3620 potest
274 3538 521 3620 restringendae
544 3537 800 3622 approbationis.

76 3674 130 3727 428
230 3652 269 3718 R.
294 3656 324 3720 4.
372 3655 463 3731 Quod
494 3655 644 3738 excipere
668 3653 749 3719 velit
779 3653 950 3737 episcopus
974 3652 1166 3717 facultatem
1190 3651 1296 3716 relate
1327 3652 1370 3717 ad
1393 3671 1459 3735 pen

141 3740 289 3824 egrinos‚
313 3743 461 3809 inaudita
485 3749 536 3810 est
559 3743 739 3820 restricti0;
768 3744 864 3808 immo
889 3741 996 3823 quoad
1019 3743 1189 3822 regulares
1213 3740 1355 3806 dicenda
1378 3741 1460 3804 vide·

140 3835 196 3896 tur
218 3832 384 3902 restrictio
409 3833 470 3898 hac
495 3834 601 3898 forma
624 3854 697 3898 esse
721 3835 865 3898 iaarctido
919 3830 1004 3896 Nam
1028 3830 1054 3894 si
1079 3830 1250 3911 regulares
1272 3830 1321 3895 illi
1345 3828 1461 3913 reperti

141 3923 218 3985 sunt
240 3920 347 3985 idonei
371 3944 434 3987 non
459 3922 660 4006 simpliciter,
685 3922 797 4003 negari
822 3920 950 4002 quidem
975 3923 1085 4003 potest
1108 3918 1314 4002 approbatio,
1339 3920 1394 3984 vel
1416 3939 1461 3982 re·

141 4009 261 4091 stringi
293 4011 335 4074 ad
365 4016 510 4094 tempus,
544 4012 586 4077 ad
617 4016 725 4076 certas
748 4010 913 4074 hominum
944 4010 1066 4073 classes
1097 4030 1155 4091 pro
1187 4008 1304 4090 quibus
1327 4029 1394 4073 nou
1416 4028 1461 4072 re·

142 4099 282 4181 quiritur
304 4104 401 4166 tanta
423 4100 579 4177 eruditi03
613 4121 727 4165 verum
758 4121 815 4163 cur
845 4097 1006 4181 peregrini
1038 4119 1150 4162 omnes
1179 4096 1316 4162 iudicari
1342 4098 1462 4182 possint

90 4263 93 4274 Ι
142 4189 343 4254 difficiliores
367 4211 454 4266 esse,
486 4191 534 4255 ita
558 4194 596 4255 ut
618 4190 721 4255 maior
744 4187 882 4252 eruditio
906 4187 1129 4269 postularetur
1152 4186 1184 4251 in
1208 4186 1462 4254 confessionibus

143 4299 264 4354 eorum,
291 4300 355 4343 ncn
378 4284 488 4362 potest
511 4279 650 4361 cogitari
674 4279 759 4342 ratic
783 4282 872 4359 apta.
906 4277 938 4340 Si
962 4297 1040 4340 vero
1058 4276 1228 4357 regulares
1244 4279 1372 4360 reperti
1395 4279 1462 4343 sunt

143 4367 335 4450 simpliciter
358 4368 481 4448 idonei,
506 4368 713 4434 nullomodo
738 4366 844 4431 estin
869 4365 1004 4430 arbitrio
1029 4365 1170 4448 episcopi
1196 4367 1461 4449 approbationem

143 4456 352 4539 restringere.

234 4554 385 4633 Accedit,
418 4557 501 4638 quod
526 4556 713 4621 Clemens
736 4554 766 4618 X
796 4552 1027 4619 constitutione
1054 4551 1241 4637 „Supernffl
1269 4574 1289 4617 a
1314 4548 1463 4636 regulari·

146 4645 204 4707 bus
229 4647 376 4727 postulat
400 4650 537 4723 tantum,
562 4650 598 4711 ut
621 4645 687 4710 sint
710 4644 743 4708 in
768 4642 916 4732 dioecesi,
941 4642 995 4707 ubi
1012 4641 1220 4725 excipiuntur
1236 4641 1463 4717 confessiones,
