3044 5174
439 297 559 364 Quando,
578 287 685 367 quoties
704 296 836 352 celebrari
854 297 944 353 liceat.
1291 304 1354 368 139

112 476 194 541 Sola
216 474 330 540 viatici
355 473 546 539 conficiendi
569 474 748 540 necessitas
764 474 925 557 permittit
947 474 1068 541 missae
1085 477 1353 543 celebrationem:

25 562 66 631 cf.
88 562 406 630 Baller.·Palm.
429 568 471 629 tr.
499 565 550 641 10,
575 568 655 630 sect.
679 566 710 641 4,
735 585 766 629 n.
792 566 867 629 300.

112 670 154 736 R.
179 672 211 736 2.
256 668 353 735 Faria
375 670 406 733 V
429 670 463 733 in
487 670 573 735 Cena
595 668 725 734 Domini
755 690 815 752 per
838 690 873 735 se
903 670 1002 735 etiam
1026 670 1232 736 interdicitur
1254 671 1354 738 missa

27 760 168 844 privata.
206 757 310 824 Missa
329 760 459 845 publico
483 758 581 824 debet
601 779 673 824 esse
688 758 856 823 sollemnis
879 760 931 825 vel
956 760 1084 835 saltem,
1109 763 1277 843 utsupra,
1302 782 1354 826 se·

29 849 167 915 cundum
191 847 324 913 Rituale
347 868 485 931 parvum
508 848 589 913 Ben.
613 847 708 921 XIIl;
733 867 838 930 eaque
861 847 914 930 agi
939 851 1050 931 potest
1071 849 1105 913 in
1129 850 1277 914 omnibus
1301 870 1355 915 ec·

29 938 136 1005 clesiia
158 957 245 1020 quae
267 936 318 1001 ius
341 935 464 1002 habent
487 937 529 1002 ad
552 936 787 1001 asservandam
812 957 838 1003 s.
862 936 1096 1003 eucharistiam
1119 940 1153 1004 et
1179 938 1213 1002 in
1237 937 1354 1020 quibus

29 1047 139 1093 omnes
162 1025 349 1092 functiones
372 1025 472 1090 tridui
496 1026 582 1091 sacri
611 1025 816 1092 sollemniter
838 1024 908 1090 fieri
931 1030 1084 1109 possunt;
1116 1027 1213 1094 debet
1243 1027 1298 1110 agi
1321 1028 1355 1092 in

29 1114 176 1183 ecclesiis
198 1113 441 1198 parochialibus
464 1120 499 1182 et
522 1114 802 1181 conventualibus.
847 1177 849 1181 .

114 1211 242 1278 Verum
267 1211 373 1293 quoad
396 1211 514 1277 missas
537 1211 687 1295 privatas
710 1211 822 1294 aliqua
844 1212 994 1296 exceptio
1018 1211 1219 1280 admittitur:
1364 1221 1415 1276 241

118 1308 153 1392 1)
177 1312 313 1376 Praeter
327 1313 457 1375 musam
474 1311 651 1376 sollemnem
667 1308 886 1394 episcopusin
902 1309 1050 1375 favorem
1067 1314 1276 1392 aegrotorum
1300 1311 1354 1393 qui

30 1420 122 1466 sacra
157 1398 385 1464 commuuione
418 1398 507 1464 refici
542 1398 676 1482 cupiant
705 1398 764 1464 sed
798 1402 963 1480 nequeant
995 1404 1189 1487 exspectare
1220 1399 1353 1466 missam

31 1489 237 1567 sollemnem,
263 1487 441 1553 concedere
464 1491 591 1571 potest,
615 1490 653 1552 ut
675 1507 772 1552 mane
795 1507 860 1552 una
882 1488 1066 1554 celebretur
1089 1489 1190 1554 missa
1212 1488 1353 1572 privata.

31 1577 65 1643 ld
86 1576 176 1661 quod
199 1576 300 1643 etiam
322 1575 399 1642 licet
422 1576 628 1660 regularibus
649 1575 684 1641 in
706 1576 849 1642 oratorio
874 1575 1004 1659 privato
1029 1577 1093 1655 vel,
1118 1598 1156 1643 eo
1173 1578 1354 1657 deficiente,

32 1668 62 1732 in
82 1687 144 1733 sua
160 1666 300 1732 ecclesia
322 1664 428 1730 ianuis
452 1665 588 1740 elausis;
611 1665 710 1730 immo
733 1664 773 1730 iis
796 1666 856 1729 hoc
880 1665 966 1744 licet,
992 1666 1055 1731 etsi
1071 1666 1151 1732 haec
1167 1667 1239 1732 sola
1254 1668 1354 1734 missa

33 1760 81 1823 est
102 1775 190 1839 quae
213 1754 371 1821 celebrari
394 1754 509 1839 possit.
541 1754 573 1822 S.
590 1753 629 1820 R.
647 1754 679 1820 Ο.
704 1753 736 1819 in
762 1755 846 1820 decr.
871 1757 958 1821 outlu
983 1777 1014 1822 ιι.
1040 1757 1137 1822 2799.
1170 1755 1217 1822 cf.
1243 1757 1355 1823 Marc

32 1867 61 1912 u
86 1846 186 1923 1623,
209 1842 496 1910 Ballou-Palm.
520 1843 541 1909 1.
567 1864 594 1910 c.

118 1941 154 2023 2)
172 1941 213 2008 In
224 1940 370 2008 ecclesiis
382 1939 623 2025 parochialibus
639 1938 691 2004 ubi
705 1960 746 2004 ne
758 1939 801 2004 ad
813 1940 943 2005 modum
962 1941 1092 2023 quidem
1105 1940 1247 2008 Rit'ualis
1258 1941 1355 2027 parvi

33 2030 216 2098 functiones
238 2050 353 2098 sacrae
375 2029 446 2096 fieri
469 2033 607 2113 possunt
630 2028 802 2113 episcopus
825 2029 866 2094 ob
882 2030 992 2114 populi
1016 2031 1280 2097 commoditatem
1304 2031 1355 2097 in·

35 2120 166 2204 dulgere
188 2124 300 2204 potest
323 2117 512 2202 (quotannis
535 2118 632 2183 venia
656 2117 761 2202 petita
794 2123 828 2184 et
850 2119 1024 2202 renovata)
1047 2125 1085 2187 ut
1108 2119 1237 2185 omissis
1259 2119 1355 2186 func·

33 2209 173 2287 tionibus
196 2207 300 2274 feriae
323 2208 369 2273 VI
392 2228 457 2274 una
481 2207 581 2273 missa
603 2207 690 2272 lecta
713 2207 906 2273 celebretur.

118 2305 154 2389 3)
177 2305 342 2390 Episcopo
364 2303 437 2388 ipsi,
460 2304 488 2369 si
511 2324 576 2369 non
599 2303 704 2388 possit
723 2303 889 2370 celebrare
904 2303 937 2368 iu
953 2304 1134 2370 cathedrali
1149 2327 1219 2384 sua,
1244 2305 1356 2373 licebit

36 2395 113 2462 satis
136 2394 352 2479 probabiliter
375 2393 540 2459 celebrare
563 2393 596 2459 iu
619 2394 742 2459 sacello
765 2414 824 2458 suo
848 2393 1037 2471 domestico,
1062 2395 1161 2460 etiam
1179 2394 1213 2460 in
1236 2395 1355 2463 itinere

36 2484 65 2549 in
85 2486 183 2550 domo
207 2483 261 2548 ubi
285 2482 424 2550 habitat.
471 2481 780 2549 Bellen-Palm.
803 2483 825 2549 1.
851 2503 877 2549 c.
903 2504 934 2549 n.
959 2485 1033 2548 300.

118 2581 154 2666 4)
178 2579 313 2658 Quando
336 2579 370 2646 in
392 2579 556 2646 feriamV
579 2580 612 2646 in
635 2580 722 2646 Cena
738 2579 868 2646 Domini
890 2579 1003 2647 incidit
1026 2581 1147 2647 festum
1169 2579 1356 2649 Annuntia-

39 2670 131 2736 tionis
154 2670 192 2737 B.
209 2669 254 2736 M.
271 2670 312 2738 V.
336 2671 389 2736 vel
413 2670 535 2736 festum
558 2669 591 2737 S.
606 2668 724 2754 Ioseph
747 2671 805 2734 areb
826 2678 992 2754 praecepto
1012 2670 1197 2751 feriationis
1220 2693 1273 2736 eeu
1297 2694 1355 2737 ou-

39 2761 172 2825 ciendae
194 2763 312 2826 mbsoe
335 2758 567 2842 celebrandum,
592 2757 775 2824 ordinarius
790 2758 963 2842 providere
987 2758 1084 2825 debet
1099 2762 1136 2824 ut
1152 2759 1185 2824 in
1208 2759 1356 2825 ecclesiis

39 2853 83 2914 tot
104 2848 227 2913 missae
250 2846 457 2914 celebrentur
480 2867 563 2928 quae
587 2846 752 2913 sufficiant
775 2851 812 2914 ut
828 2847 966 2932 populus
981 2852 1158 2931 praecepto
1175 2848 1355 2915 audiendae

39 2936 151 3003 nissae
174 2934 369 3003 satisfacere
391 2936 505 3020 possit.
554 2938 585 3003 S.
610 2937 648 3002 R.
673 2936 706 3003 Ο.
731 2935 765 3001 in
790 2939 873 3003 decr.
898 2937 985 3002 autb.
1011 2958 1041 3002 n.
1067 2939 1164 3004 2240.

118 3042 159 3110 R.
177 3045 208 3108 3.
240 3042 384 3109 Sabbato
400 3045 516 3108 sancto
532 3043 603 3108 sola
619 3041 720 3107 missa
736 3043 902 3108 sollemnis
917 3043 1119 3126 permittitur
1135 3043 1168 3108 in
1190 3043 1231 3108 iis
1251 3043 1417 3111 eccle-242

36 3131 88 3197 siis
102 3131 158 3197 ubi
175 3130 249 3197 aliis
271 3130 384 3198 diebus
407 3131 591 3198 functiones
606 3133 781 3197 sollemnes
796 3131 867 3196 fieri
882 3135 1034 3215 possunt;
1059 3132 1166 3198 minus
1189 3132 1356 3198 sollemnis

37 3221 210 3287 secundum
233 3220 366 3289 Rituale
389 3241 526 3305 parvum
550 3220 630 3286 Ben.
655 3220 733 3285 XIII
757 3220 790 3286 in
813 3220 991 3286 minoribus
1015 3221 1161 3287 ecclesiis
1185 3221 1356 3288 deficiente

38 3331 166 3376 numero
179 3309 355 3377 sufficienti
367 3309 574 3375 clericorum:
588 3330 671 3391 quae
684 3309 791 3375 minus
803 3310 969 3376 sollemnis
980 3309 1013 3375 in
1027 3309 1172 3376 ecclesiis
1183 3310 1356 3394 parochia·

36 3399 115 3465 libus
143 3399 200 3464 ubi
222 3398 297 3464 fons
318 3397 523 3482 baptismalis
554 3397 692 3465 habetur
721 3399 829 3465 omitti
857 3399 986 3481 nequit,
1018 3399 1052 3464 in
1082 3399 1215 3482 reliquis
1246 3403 1356 3483 potest

37 3488 157 3566 omitti,
189 3487 319 3554 etiamsi
347 3487 408 3554 fer.
436 3487 466 3551 V
497 3492 531 3554 et
561 3487 607 3554 VI
636 3488 819 3554 functiones
848 3488 1025 3553 secundum
1054 3488 1188 3555 Rituale
1216 3510 1356 3573 parvum

35 3581 188 3660 peractae
211 3580 297 3642 sunt.
343 3578 437 3643 Decr.
462 3575 494 3642 S.
519 3576 558 3641 R.
583 3579 616 3642 C.
642 3579 661 3642 9
685 3577 764 3644 Dec.
791 3577 875 3642 1899
906 3576 939 3641 in
961 3577 1056 3644 Decr.
1087 3579 1176 3645 autb.
1199 3600 1231 3643 n.
1256 3581 1354 3644 4049.

119 3664 244 3732 Missae
270 3667 420 3753 privatae
453 3664 583 3730 omnino
618 3665 832 3748 prohibentur
864 3687 924 3750 per
958 3667 1065 3750 legem
1099 3667 1287 3750 generalem
1321 3667 1355 3733 in

34 3755 288 3837 qmbuscumque
312 3753 458 3821 ecclesiis
481 3758 515 3820 et
539 3753 691 3819 oratoriis
714 3753 864 3837 privatis,
888 3776 952 3820 non
976 3757 1130 3822 obstante
1153 3776 1356 3839 quacumque

34 3843 268 3911 consuetudine
289 3843 323 3908 in
347 3842 562 3910 contrarium:
593 3842 641 3907 ita
669 3843 755 3909 decr.
779 3864 890 3925 gener.
915 3845 947 3911 S.
971 3844 1011 3912 R.
1035 3845 1069 3912 C.
1093 3845 1126 3910 in
1150 3846 1243 3913 Deor.
1268 3847 1355 3914 areth.

34 3955 63 4001 n.
90 3935 186 4000 1822.

120 4019 339 4089 Nihilominus
363 4019 537 4102 aliquando
562 4021 593 4086 S.
619 4020 719 4085 Sedes
749 4020 956 4105 privilegium
987 4021 1116 4088 omnino
1146 4022 1289 4106 speciale
1314 4023 1357 4088 ad

32 4110 246 4177 celebrandas
262 4111 378 4176 missas
393 4109 541 4194 privatas
564 4110 726 4176 concessit
742 4115 841 4191 atque
864 4111 1014 4189 sustinet,
1039 4133 1122 4192 quae
1145 4112 1177 4176 in
1194 4111 1254 4175 hoc
1278 4132 1357 4176 casu

35 4220 97 4266 non
120 4220 143 4266 a
160 4201 348 4285 prophetiis,
372 4198 430 4264 sed
452 4203 529 4282 post
551 4198 792 4264 Confessionem
817 4221 837 4264 a
860 4200 963 4285 Kyrie
986 4194 1189 4284 incipiendae
1212 4204 1298 4266 sunt.

119 4297 299 4363 Decretum
331 4316 431 4380 supra
463 4295 633 4362 laudatum
666 4295 695 4361 d.
731 4296 761 4361 d.
796 4299 814 4361 9
847 4297 925 4363 Dec.
962 4299 1046 4363 1899
1077 4297 1110 4363 in
1140 4298 1234 4363 Decr.
1269 4299 1418 4368 colluam

34 4409 62 4453 ιι.
86 4388 176 4452 4049
200 4388 252 4451 est
279 4384 357 4449 hoc:
392 4384 493 4463 ,Dub.
519 4385 543 4451 Ι.
576 4384 629 4449 An
652 4385 735 4450 feria
759 4385 789 4449 V
819 4385 852 4449 in
875 4386 963 4451 Cena
986 4387 1024 4451 D.
1050 4387 1082 4450 in
1114 4385 1259 4451 ecclesiis
1282 4407 1358 4470 par·

33 4475 212 4542 ochialibus
244 4472 383 4556 aliisque
414 4495 479 4539 non
501 4474 741 4558 parochialibus
765 4475 922 4539 celebrari
945 4475 1048 4559 possit
1071 4476 1171 4540 missa
1194 4474 1281 4540 lecta
1305 4474 1358 4540 rel

34 4586 103 4630 cum
139 4568 257 4640 cantu,
294 4562 371 4644 quin
401 4570 602 4646 peragantur
631 4564 815 4628 functiones
843 4564 944 4629 feriae
975 4564 1020 4628 Vl
1050 4564 1083 4628 in
1114 4584 1294 4648 parasceve
1324 4569 1358 4631 et

31 4653 161 4721 sabbati
183 4649 316 4719 sancti?
