3044 5174
510 1095 585 1179 DE
615 1094 681 1179 SS.
712 1092 1106 1179 EUOHARISTIA.

239 1294 302 1365 Du
331 1292 393 1367 SS.
422 1291 765 1382 EUOHARISTIA‚
795 1293 859 1365 UT
888 1289 1256 1365 SACRAMENTUM
1283 1287 1385 1363 EST.

377 1474 661 1542 SAORAMENTI
683 1474 1008 1542 EUOHARISTIAE
1032 1474 1243 1542 MATERIA.

714 1639 825 1707 Gasus.
845 1647 904 1716 (33)

238 1780 387 1840 Ascanius
408 1780 548 1840 sacerdos
577 1780 749 1840 accinxerat
776 1801 808 1840 se
829 1781 876 1840 die
897 1780 1054 1840 Dominica
1082 1780 1120 1840 ad
1147 1780 1353 1841 celebrandum
1377 1801 1475 1841 coram

149 1862 283 1921 conferta
303 1861 498 1920 multitudine.
527 1860 597 1920 Sine
611 1860 833 1938 perturbatione
847 1880 909 1920 rem
924 1860 1053 1920 divinam
1068 1867 1225 1938 peregerat
1238 1880 1331 1938 usque
1346 1862 1385 1922 ad
1400 1882 1475 1922 cem·

148 1942 334 2014 munionem,
364 1960 428 2000 cum
451 1961 489 1999 ex
510 1946 598 2016 gustu
621 1940 829 2001 animadvertit
849 1960 882 2000 se
902 1941 1043 2000 habuisse
1063 1959 1170 2018 panem
1197 1947 1368 2019 corruptum
1397 1942 1475 2002 dubi·

148 2027 251 2097 tatque
273 2021 360 2098 plane
382 2021 418 2080 de
439 2021 540 2079 valida
561 2020 794 2080 consecratione.

238 2102 295 2161 Sed
317 2120 351 2160 eo
373 2101 467 2160 maior
487 2101 588 2160 evadit
608 2101 769 2160 difficultas
791 2100 868 2177 quod
888 2100 967 2159 hanc
990 2101 1084 2160 solam
1105 2100 1233 2160 hostiam
1254 2120 1356 2160 seeum
1379 2121 1475 2180 sump-

149 2188 229 2242 serat
258 2201 352 2257 neque
382 2181 478 2257 possit
507 2181 595 2240 aliam
623 2182 741 2241 habere.
783 2180 1026 2240 Hassitabundus
1054 2181 1168 2240 demum
1192 2180 1286 2241 mittit
1305 2181 1336 2240 in
1359 2182 1474 2242 domum

148 2263 278 2321 vicinam
299 2268 332 2320 ut
354 2262 481 2320 frustum
502 2260 589 2336 panis
611 2261 724 2320 usualis
747 2261 804 2321 eibi
826 2262 981 2331 efferatum
1004 2261 1053 2338 qui
1077 2280 1143 2320 cum
1157 2262 1198 2320 sit
1212 2280 1250 2320 ex
1271 2262 1365 2321 secali
1385 2263 1474 2322 mixto

148 2342 258 2414 tritico,
280 2341 485 2400 condicionate
501 2349 664 2401 consecrat,
694 2342 735 2400 At
748 2360 828 2399 nova
842 2341 1003 2400 difficultas
1018 2341 1111 2401 oritur
1130 2341 1162 2401 in
1176 2341 1343 2419 sumptione
1359 2344 1474 2419 sangui·

117 2423 211 2506 xnis,
242 2441 307 2481 cum
328 2420 452 2480 similem
474 2420 621 2480 defectum
641 2420 703 2480 vini
731 2421 963 2480 animadvertat:
992 2441 1045 2497 pro
1073 2421 1202 2481 remedio
1229 2422 1323 2482 mittit
1350 2423 1473 2501 aliquem

148 2502 197 2578 qui
220 2522 258 2560 ex
280 2521 414 2577 caupona
436 2500 579 2577 scyphum
600 2500 662 2559 vini
685 2502 800 2560 afferat.

149 2616 327 2687 quaarrua
350 2616 379 2674 1⁰
401 2635 476 2691 quae
498 2614 538 2674 sit
558 2617 681 2675 materia
703 2622 774 2692 apta
795 2617 832 2674 ad
854 2616 1115 2676 consecrationem.

345 2706 375 2762 2ο
395 2709 516 2763 rectene
538 2704 632 2780 egerit
652 2704 812 2776 Ascanius,
835 2724 873 2763 an
895 2705 974 2763 aliud
996 2704 1023 2763 ei
1044 2710 1109 2764 erat
1130 2703 1305 2765 faciendum.

744 2887 880 2954 Salutio.

89 3050 139 3104 118
237 3030 291 3096 Aa
323 3051 514 3106 anusrruu
547 3034 583 3094 1¹¹¹
617 3030 655 3096 R.
689 3034 717 3096 1.
771 3030 850 3095 Fide
883 3034 1009 3095 certum
1043 3035 1094 3096 est
1126 3029 1299 3095 materiam
1333 3031 1473 3096 validam

149 3121 268 3185 debere
298 3141 370 3185 esse
401 3140 517 3203 panem
544 3123 577 3184 et
600 3118 710 3183 vinum
742 3119 782 3184 de
806 3119 891 3185 vite:
922 3118 1040 3184 debere
1069 3140 1141 3184 esse
1171 3139 1288 3202 panem
1321 3122 1472 3185 triticeum

149 3213 276 3275 certum
292 3213 344 3275 est
359 3229 465 3291 neque
480 3212 591 3292 potest
607 3208 676 3273 sine
693 3209 882 3274 temeritate
898 3208 1022 3290 negari.
1056 3208 1102 3274 uf.
1120 3208 1239 3274 Matth.
1258 3209 1311 3285 26,
1338 3213 1392 3275 26.
1417 3210 1472 3282 29;

149 3300 298 3364 instruct.
321 3320 381 3383 pro
405 3301 555 3362 Armenia
578 3297 665 3381 apud
688 3297 927 3379 Denzinger
949 3321 979 3362 n.
1006 3299 1080 3363 593.

239 3404 278 3471 R.
312 3406 342 3470 2.
394 3403 553 3480 Quamdiu
585 3403 687 3486 igitur
718 3404 819 3469 habes
851 3403 1022 3470 materiam
1056 3424 1140 3486 quae
1172 3402 1349 3468 secundum
1383 3424 1472 3469 usum

150 3494 324 3558 humanum
349 3496 439 3558 reate
469 3492 597 3559 dicatur
620 3493 725 3557 adhuc
755 3493 850 3576 panis
876 3493 1026 3559 triticeus
1049 3493 1101 3558 vel
1125 3492 1235 3557 vinum
1260 3494 1414 3559 naturale
1437 3493 1474 3558 de

149 3583 228 3660 vite,
253 3582 377 3648 tamdiu
401 3582 502 3647 habas
525 3583 696 3647 materiam
721 3604 805 3664 quae
829 3583 937 3647 valide
960 3587 1179 3650 consecretur.

238 3688 277 3755 R.
303 3691 333 3754 3.
381 3688 412 3753 Si
444 3687 538 3771 panis
568 3688 669 3754 fuerit
692 3693 803 3754 coctus
827 3708 869 3753 ex
899 3688 1006 3754 farina
1030 3688 1166 3753 aliorum
1190 3709 1370 3770 granorum
1395 3709 1475 3771 quae

150 3778 286 3843 alterius
303 3777 432 3843 omnino
454 3777 574 3860 speciei
598 3782 683 3854 sunt,
709 3783 760 3843 est
783 3778 921 3843 materia
938 3783 1028 3844 certo
1052 3779 1181 3861 inepta;
1206 3777 1321 3859 quodsi
1345 3778 1475 3844 dubium

151 3872 202 3933 est
224 3888 300 3931 num
325 3867 366 3932 ad
390 3867 524 3931 eandem
550 3867 690 3950 speciem
714 3867 922 3944 reducantur,
947 3867 1086 3932 materia
1109 3866 1207 3932 dubia
1230 3871 1298 3941 est;
1327 3866 1476 3934 similiter

150 3957 263 4039 inepta
286 3961 337 4022 est
360 3955 468 4021 farina
491 3978 554 4022 non
579 3961 683 4034 cocta,
708 3956 760 4021 vei
792 3957 875 4039 puls,
900 3957 952 4020 vel
977 3956 1201 4021 subactanon
1225 3958 1396 4039 aquaead
1425 3963 1475 4024 sat

151 4067 271 4128 magua
296 4045 390 4129 copia
413 4047 509 4112 lectis
533 4047 586 4111 vel
609 4068 761 4124 ovorum;
786 4050 844 4112 aut
867 4045 961 4129 panis
984 4045 1079 4128 plene
1104 4049 1285 4129 corruptus.
1322 4045 1475 4123 Aliensi

150 4135 289 4201 mutatio
304 4135 437 4200 minima
455 4140 515 4211 est,
540 4141 592 4202 est
615 4139 754 4202 materia
770 4137 897 4210 validm
922 4136 948 4199 si
974 4134 1086 4210 maior,
1111 4134 1208 4200 facile
1225 4135 1345 4202 evadet
1370 4135 1475 4203 dubia.

239 4242 277 4307 R.
303 4244 334 4308 4.
380 4241 469 4304 Idem
495 4239 664 4305 dicendum
688 4247 738 4306 est
769 4243 808 4306 de
831 4243 923 4319 vino,
955 4241 1096 4306 scilicet:
1128 4263 1260 4307 succum
1284 4265 1475 4329 expressum

151 4352 191 4395 ex
226 4332 298 4395 uvis
331 4330 469 4394 maturis
502 4329 600 4395 etiam
634 4330 702 4394 sine
736 4331 959 4396 defaecatione
990 4330 1130 4397 materia
1162 4335 1213 4396 est
1243 4332 1355 4399 valida
1386 4335 1475 4414 (item

150 4442 266 4484 succus
290 4420 426 4503 exprimi
451 4423 561 4502 potest
586 4440 627 4483 ex
647 4420 718 4482 uvis
741 4421 848 4503 passis
864 4422 968 4485 affusa
985 4420 1112 4485 modica
1129 4440 1215 4502 aqua
1238 4423 1474 4505 turgentibue);

151 4509 261 4572 vinum
298 4513 369 4574 arte
405 4529 445 4571 ex
481 4508 547 4572 alia
581 4508 720 4573 materia
759 4510 866 4590 quoad
905 4531 1057 4591 magnam
1098 4517 1226 4594 partem
1262 4513 1476 4595 compositum

151 4597 290 4663 materie
322 4601 372 4662 est
402 4598 563 4673 invalida,
594 4618 653 4682 pro
683 4598 805 4662 maiore
835 4598 1001 4664 minoreve
1032 4601 1190 4667 mixtione
1221 4600 1334 4677 dubia;
1368 4602 1476 4668 vinum
