3044 5174
375 313 571 384 Inpedimenta
589 313 754 369 matrimonii
773 311 957 383 prohibentia:
978 342 1012 350 —
1030 312 1110 368 Vota.
1340 320 1404 383 529

78 488 134 553 sed
151 489 299 554 nondum
314 492 572 555 consummatum
589 487 831 554 matrimonium
844 488 1012 557 observari
1024 489 1152 573 integre
1166 497 1277 558 votum
1290 491 1405 575 possit,

78 576 142 642 orit
156 577 328 660 ingressus
343 575 376 642 in
399 577 600 661 religionem.
632 578 679 644 At
694 576 846 659 quoniam
863 578 947 643 hanc
970 599 1040 644 rem
1055 579 1153 662 longe
1168 581 1326 646 maiorem
1343 602 1406 646 uon

77 665 221 746 voverit,
234 664 322 733 adid
334 687 398 732 uon
410 671 552 745 tenetur,
570 666 656 734 sicut
668 687 773 748 noque
784 666 840 732 ille
853 671 985 735 tenetur
997 667 1052 751 qui
1064 669 1158 735 vovit
1170 669 1405 753 virginitatem.

169 765 205 846 4)
229 762 306 842 Qui,
336 767 447 831 stante
478 768 555 830 voto
585 763 863 849 suscipiendorum
897 765 1044 831 ordinum
1074 787 1259 845 sacrorum,
1293 767 1467 834 matri-921

78 851 225 919 monium
239 851 322 930 iniit,
342 852 493 919 similiter
506 855 588 933 fere,
604 857 642 919 ut
658 857 767 931 autea,
784 853 933 937 graviter
947 855 1106 939 peccavit,
1132 876 1214 932 cum,
1239 855 1408 923 moraliter

77 942 252 1025 loquendo,
269 941 339 1007 voti
354 941 509 1026 implendi
523 942 789 1027 impedimentum
804 942 917 1010 volens
932 943 993 1010 sibi
1008 944 1180 1012 creaverit.
1204 944 1408 1027 Religionem

78 1036 115 1099 ut
142 1030 350 1112 ingrediatur
380 1052 444 1096 non
467 1035 615 1110 tenetur,
641 1052 715 1098 cum
737 1031 818 1097 haec
841 1053 894 1098 res
917 1033 1109 1117 promissam
1135 1055 1204 1101 rem
1228 1034 1325 1117 longe
1349 1055 1407 1101 ex·

78 1119 193 1194 cedat;
226 1140 423 1203 quamquam
453 1120 604 1204 eligendo
633 1119 824 1203 religionem
855 1126 970 1188 votum
999 1121 1124 1207 implet.
1177 1122 1263 1190 Inito
1293 1122 1407 1189 matri·

79 1209 190 1275 monio
202 1209 317 1276 statim
331 1208 411 1274 illud
426 1214 537 1293 potest
549 1230 784 1287 consummare,
802 1231 874 1275 cum
890 1211 1078 1278 castitatem
1094 1211 1127 1276 in
1140 1232 1176 1277 se
1189 1233 1254 1277 non
1266 1213 1407 1291 voverit,

79 1300 113 1365 et
137 1318 180 1364 ea
196 1296 264 1366 voti
287 1297 445 1382 impletio,
469 1319 553 1381 quae
575 1299 608 1364 in
625 1298 817 1381 quibusdam
839 1299 1092 1366 circumstantiis
1108 1300 1271 1384 possibilis
1287 1307 1407 1380 manet,

79 1408 140 1472 per
163 1387 363 1454 matrimonii
383 1387 697 1456 consummationem
712 1408 777 1453 nou
792 1387 940 1454 redditur
955 1387 1172 1474 impossibilis.
1199 1427 1239 1435 -
1264 1390 1410 1458 Tenetur

80 1479 193 1542 autem
217 1475 333 1556 adhuc,
358 1481 457 1560 atque
480 1477 513 1543 in
537 1481 706 1560 posterum
729 1481 840 1543 stante
864 1477 1081 1556 matrimonio,
1105 1483 1219 1545 votum
1237 1501 1332 1546 suum
1348 1480 1409 1545 im·

79 1564 190 1650 plere:
221 1568 255 1647 a)
282 1565 311 1632 si
340 1566 470 1648 quando
498 1587 581 1632 uxor
605 1564 732 1632 dederit
754 1570 955 1650 potestatem
985 1571 1084 1651 atque
1107 1567 1180 1652 ipsa
1203 1568 1409 1635 condiciones

81 1655 123 1721 ab
145 1653 297 1720 Ecclesia
319 1655 495 1737 requisitas
518 1654 653 1739 implere
676 1659 795 1739 parata
817 1658 885 1733 est;
909 1655 943 1737 b)
967 1656 1147 1738 siquando
1170 1679 1253 1723 uxor
1274 1657 1409 1724 crimine

81 1764 140 1809 suo
163 1742 217 1808 ius
239 1744 410 1827 coniugale
426 1748 583 1829 perpetuo
600 1743 761 1810 ammonit:
789 1783 827 1792 —
853 1743 916 1810 nisi
931 1748 1042 1811 tamen
1058 1750 1192 1830 propter
1208 1766 1308 1812 onera
1324 1767 1409 1829 quae

81 1831 142 1899 sibi
171 1836 340 1916 tamquam
363 1833 595 1917 patrifamilias
616 1833 807 1900 incumbant
840 1833 893 1899 vel
924 1833 1021 1900 aliter
1044 1835 1085 1900 ad
1109 1834 1332 1919 suscipiendos
1356 1857 1408 1900 or·

82 1921 175 1988 dines
197 1920 328 2006 ineptus
351 1922 504 1989 evaserit.

173 2028 208 2110 5)
237 2028 298 2105 Qui
329 2033 406 2095 voto
435 2028 667 2112 ingrediendae
698 2028 865 2111 religionis
894 2029 1017 2112 ligatus
1050 2030 1291 2096 matrimonium
1324 2031 1407 2109 iniit,
1418 2044 1471 2098 922

81 2117 266 2202 generatim
289 2122 420 2201 peccat,
445 2139 484 2183 eo
508 2116 594 2201 quod
618 2138 720 2200 grave
742 2117 921 2202 periculum
944 2119 1063 2184 subeat
1086 2120 1154 2186 voti
1177 2119 1326 2185 laedendi
1351 2124 1409 2186 aut

82 2206 263 2290 compartis
286 2206 506 2290 decipiendae.
530 2244 576 2255 -
598 2207 651 2271 llx
674 2206 869 2291 specialibus
892 2207 1146 2274 circumstantiis
1163 2212 1291 2276 tautum
1308 2213 1408 2291 atque

80 2295 240 2380 gravibus
270 2296 378 2361 causis
406 2295 488 2362 hece
517 2296 663 2380 pericula
693 2297 809 2362 abesse
831 2296 886 2362 vel
916 2296 1063 2380 permitti
1086 2300 1234 2381 possunt.
1259 2333 1300 2343 -
1325 2298 1409 2365 Toto

80 2385 185 2469 igitur
208 2384 372 2452 bimestris
395 2389 558 2468 tempore,
591 2385 676 2467 quod
706 2384 756 2450 ius
787 2386 902 2451 eccles.
933 2386 1098 2464 coneedit,
1129 2391 1261 2454 tenetur
1288 2408 1308 2454 a
1331 2409 1409 2454 con·

81 2473 275 2540 summando
309 2473 517 2541 matrimonio
551 2474 717 2541 abstinere
751 2477 851 2558 atque
886 2475 1141 2542 consummando
1174 2480 1309 2560 peccat,
1345 2498 1409 2542 non

81 2568 195 2630 tamen
218 2566 336 2647 peccat
354 2564 535 2629 exercendo
552 2568 646 2629 actus
661 2563 872 2648 imperfectos
888 2563 1079 2647 coniugibus
1094 2564 1210 2644 licitos,
1235 2565 1263 2631 si
1286 2567 1409 2632 nullum

82 2652 301 2720 consummati
324 2658 419 2719 actus
441 2652 618 2736 periculum
643 2673 753 2719 secum
776 2653 904 2719 ierunt:
929 2673 1005 2720 nam
1023 2653 1204 2737 perfectam
1221 2656 1410 2722 castitatem

81 2741 226 2808 nondum
242 2740 344 2807 vovit.
383 2740 486 2806 Immo
508 2741 716 2809 matrimonio
740 2743 881 2808 noudum
905 2748 1130 2809 consummato
1154 2743 1184 2809 ei
1205 2743 1411 2811 continenter

81 2829 242 2897 incumbit
272 2829 429 2912 obligatio
458 2830 613 2914 implendi
643 2831 711 2898 voti
742 2851 801 2897 seu
831 2831 1063 2914 ingrediendus
1092 2831 1276 2915 religionis,
1309 2834 1409 2899 etiam

82 2923 253 3004 comperte
275 2940 340 2985 nou
364 2920 597 2988 consentiente.
644 2920 723 2986 Post
747 2925 1008 2987 consummatum
1034 2925 1145 2988 autern
1167 2923 1408 2988 matrimonium

82 3029 147 3075 non
178 3007 319 3093 amplius
347 3011 464 3092 peccat
492 3008 564 3075 sive
593 3008 759 3075 reddendo
789 3009 860 3074 sive
889 3009 1030 3093 petendo
1059 3009 1204 3076 debitum
1227 3009 1407 3093 coniugale,

82 3099 140 3165 sed
164 3097 235 3164 voti
257 3096 412 3181 implendi
436 3097 593 3181 obligatio
616 3101 686 3163 tum
709 3097 838 3163 demum
862 3097 971 3182 pergit
994 3119 1127 3181 urgere,
1159 3120 1231 3164 cum
1259 3120 1409 3184 compare

82 3186 286 3253 consenserit
309 3191 408 3269 atque
432 3207 474 3253 ex
497 3208 557 3253 sua
579 3190 674 3271 parte
698 3187 865 3254 cautiones
893 3188 934 3253 ab
957 3187 1106 3253 Ecclesia
1135 3188 1319 3271 postulatas
1348 3188 1409 3253 im-

82 3275 175 3360 plere
198 3275 289 3353 velit,
313 3279 371 3342 aut
394 3297 436 3341 ex
460 3276 594 3341 crimine
617 3276 789 3342 commisso
812 3276 862 3343 ius
885 3275 1055 3358 coniugale
1071 3281 1229 3360 perpetuo
1245 3277 1408 3344 amiserit:

82 3364 145 3432 uisi
168 3365 265 3442 forte,
296 3368 333 3430 ut
356 3365 416 3431 sub
440 3363 475 3448 4)
498 3365 564 3431 iarn
587 3365 671 3444 dixi,
702 3369 837 3450 propter
868 3365 950 3431 alias
980 3365 1197 3448 obligationes
1221 3372 1410 3435 contractas

82 3454 175 3522 vitae
197 3453 372 3537 religiosae
396 3454 642 3538 amplectendae
664 3453 807 3538 incapax
829 3455 900 3538 ipse
924 3454 1077 3521 evaserit.

172 3577 226 3642 An
249 3598 440 3653 cunnsrruu
457 3581 497 3643 3¹²²
519 3577 557 3643 u.
579 3581 606 3643 1.
646 3577 721 3643 Non
745 3581 835 3643 reete
859 3577 943 3643 dixit
962 3577 1195 3656 confessarius,
1227 3583 1320 3645 ratus
1344 3579 1472 3648 dis-923

82 3666 277 3753 pensatione
301 3687 382 3750 opus
405 3687 469 3732 non
493 3687 575 3732 esse.
615 3667 707 3745 Esto,
730 3665 763 3732 in
779 3666 1002 3751 suppositione
1017 3667 1147 3750 puellae
1162 3688 1221 3751 per
1236 3669 1409 3735 Romulum

82 3756 243 3841 gravidae
266 3755 385 3833 factae,
410 3755 561 3821 siluerit
583 3758 709 3821 iniuria
731 3755 836 3835 illata,
860 3777 956 3840 posse
980 3755 1142 3823 exsistere
1165 3756 1408 3839 obligationem,

82 3850 121 3914 ut
138 3868 202 3932 per
223 3847 462 3911 matrimonium
486 3844 604 3910 iniuria
626 3849 815 3929 reparetur:
846 3844 1054 3912 nihilominus
1077 3845 1176 3912 etiam
1201 3850 1272 3911 tum
1295 3867 1409 3912 neces-

83 3935 174 4002 saria
197 3936 249 4000 est
272 3933 483 4019 dispensatio,
507 3939 545 4000 ut
560 3934 717 4000 Romulus
733 3934 767 3998 iu
782 3934 981 4001 matrimonii
1004 3955 1065 4000 usu
1084 3953 1149 4000 nou
1165 3934 1208 4000 sit
1223 3935 1408 4019 impeditus.

83 4023 175 4103 Quae
205 4022 336 4106 quidem
359 4022 575 4108 dispensatio,
607 4024 634 4087 si
664 4023 864 4090 matrimonii
893 4023 1024 4090 ineundi
1055 4024 1200 4108 obligatio
1231 4024 1408 4101 exstiterit,

83 4113 207 4180 sufficit
237 4112 446 4197 episcopalia,
478 4111 499 4178 i.
523 4133 551 4177 e.
577 4133 674 4195 quam
697 4113 868 4197 episcopus
897 4113 968 4180 iure
993 4112 1156 4178 ordinario
1181 4112 1259 4177 dare
1282 4118 1409 4197 potcst;

83 4201 112 4270 si
142 4201 301 4284 obligatio
330 4222 394 4267 non
425 4200 608 4277 exstiterit,
642 4202 769 4286 papalis
801 4202 1001 4286 dispensatio
1032 4200 1225 4284 requiritur,
1259 4203 1313 4267 vel
1344 4202 1410 4268 dis·

82 4291 245 4377 pensandi
268 4290 411 4356 facultas
434 4311 494 4374 per
516 4289 723 4374 privilegium
747 4292 865 4376 papale
881 4290 1041 4375 episeopis
1057 4290 1173 4356 aliisve
1190 4290 1278 4356 data.
1320 4293 1410 4358 Haec

82 4380 194 4464 quoad
217 4385 330 4446 votum
361 4381 543 4446 servandae
573 4379 748 4448 castitatis
795 4381 865 4446 Iam
896 4382 938 4447 ad
967 4379 1056 4446 aliud
1087 4383 1200 4446 votum
1224 4380 1410 4447 considera·

82 4471 206 4538 tionem
230 4475 408 4536 vertamus.

174 4577 213 4642 R.
240 4580 269 4644 2.
316 4577 395 4642 Cum
427 4575 542 4659 copula
573 4577 900 4644 antematrimcnialis
933 4597 997 4642 non
1030 4575 1134 4642 faciat
1168 4576 1411 4642 matrimonium

82 4669 356 4744 consummatum,
381 4670 459 4733 aute
482 4671 742 4732 consummatum
761 4672 872 4734 autem
887 4665 1130 4732 matrimonium
1147 4665 1337 4749 coniugibus
1352 4688 1412 4752 per

136 4776 308 4826 Lahmkubl,
323 4776 395 4819 Casus
409 4776 570 4819 conscientiae.
588 4776 616 4817 11.
1170 4767 1206 4824 34
