3044 5174
139 297 206 361 438
639 291 844 346 Sacramentum
863 289 974 345 ordinis.

139 470 237 555 plane
262 468 430 547 dedeceat,
454 487 559 551 neque
576 487 618 534 ex
642 488 680 533 eo
697 467 783 551 quod
798 471 922 534 statum
939 488 1033 533 suum
1049 467 1218 535 celaverit.
1250 468 1323 534 Hoc
1340 468 1470 551 quidem

139 559 234 624 modo
265 558 455 623 scandalum
485 562 556 624 tam
579 577 683 640 grave
706 577 771 621 non
795 556 885 622 dedit
915 557 1000 638 quod
1024 557 1145 640 alioqui
1170 557 1332 634 dedisset;
1366 563 1401 624 at
1424 558 1470 624 le·

138 668 212 731 gem
230 648 348 713 saltem
365 647 541 731 positivam
557 645 713 712 violavit:
729 667 806 711 num
822 646 1008 711 naturalem
1025 645 1125 712 otiam
1141 647 1328 723 violaverit,
1349 648 1471 731 pendet

139 758 181 803 ex
206 758 244 802 eo
268 757 344 801 num
368 757 422 801 res
445 735 506 801 sibi
530 735 730 820 periculosas
753 735 808 799 vel
831 734 979 818 graviter
1002 736 1180 801 obscoenas
1203 736 1419 821 spectaverit.

424 944 695 1012 NEGOTIA'IIO
719 944 912 1011 ethnicus
935 944 1185 1012 PROHIBI'I'A.

699 1109 810 1177 dauns.
830 1115 907 1185 (223)

229 1251 342 1312 Gelasii
369 1251 492 1329 parochi
519 1250 693 1311 beneficium
726 1250 863 1310 consistit
891 1250 1050 1329 praecipue
1070 1250 1101 1311 in
1122 1251 1228 1313 vineis.
1271 1253 1336 1325 Quo
1366 1253 1471 1313 melius

139 1332 231 1407 igitur
251 1332 353 1390 vinum
374 1333 494 1404 vendat,
515 1331 589 1391 illud
610 1331 745 1408 primum,
767 1330 911 1407 operariis
934 1330 1097 1405 conductis,
1120 1331 1278 1409 diligenter
1297 1342 1469 1412 praeparat,

141 1413 210 1472 dein
232 1433 299 1471 cum
321 1411 388 1472 aliis
401 1411 579 1471 vinitoribus
601 1431 669 1471 sese
691 1410 845 1486 coniungit
866 1410 902 1469 ad
924 1410 1107 1471 formandam
1123 1412 1296 1473 societatem
1311 1414 1469 1485 vinariam,

139 1499 297 1569 quactum
319 1512 359 1552 ex
379 1491 445 1552 uvis
466 1493 498 1551 in
518 1491 647 1569 propriis
667 1491 764 1550 vineis
793 1490 926 1550 collectis
954 1497 1017 1550 tum
1045 1511 1083 1551 ex
1111 1493 1178 1552 uvis
1200 1495 1345 1570 coemptis
1367 1496 1468 1553 vinnm

139 1572 258 1632 conficit
279 1578 367 1648 atque
388 1573 499 1633 vendit.
544 1570 608 1641 Quo
629 1572 663 1630 fit
683 1577 717 1630 ut
736 1570 910 1648 parochiani
931 1571 1040 1648 aliique
1062 1591 1100 1631 ex
1120 1572 1231 1633 vicinia
1251 1574 1315 1634 vini
1337 1576 1469 1634 cultores

140 1653 228 1730 duplo
249 1653 345 1712 maius
365 1654 479 1712 lucrum
500 1652 623 1723 faciant,
645 1671 734 1728 quam
754 1651 832 1727 quod
852 1656 942 1710 autea
961 1652 1062 1712 facere
1076 1658 1229 1730 poterant:
1250 1654 1382 1713 maxime
1405 1675 1469 1714 cmn

138 1733 260 1809 negotia
282 1732 499 1792 commercialia
524 1735 580 1791 sub
608 1732 769 1791 directione
796 1730 932 1807 parochi,
961 1733 1012 1809 qui
1038 1732 1096 1791 hac
1123 1733 1155 1792 in
1180 1752 1212 1792 rs
1240 1739 1385 1811 expertus
1415 1742 1469 1805 eet,

139 1819 343 1873 exerceantur.

139 1926 316 1998 Qunnmnuo
339 1928 368 1987 1ο
389 1945 465 2004 quae
486 1927 526 1986 sit
546 1926 711 2000 negotiatio
734 1925 852 1985 clericis
872 1926 1029 2003 prohibita.

340 2027 371 2084 2ο
391 2044 450 2101 qua
471 2044 509 2083 ex
530 2043 631 2094 causa,
653 2044 671 2083 a
692 2044 749 2100 quo
770 2023 935 2099 negotiatio
956 2025 1053 2101 possit
1073 2025 1213 2103 permitti.

341 2126 371 2183 3ο
392 2122 460 2200 quid
482 2123 519 2183 de
539 2121 649 2198 agendi
668 2122 785 2182 ratione
807 2121 920 2182 Gelasii
941 2122 1106 2184 dicendum.

737 2311 872 2379 Solutio.

77 2465 130 2521 766
230 2450 283 2517 An
307 2474 498 2529 connsmuu
525 2457 562 2518 1¹¹²
585 2452 623 2519 R.
644 2456 671 2520 1.
704 2453 906 2536 Negotiatio,
931 2474 1028 2536 quam
1053 2454 1189 2520 clericos
1212 2455 1284 2521 sive
1307 2455 1341 2521 in
1367 2458 1472 2523 sacris

141 2541 338 2609 constitutos
362 2542 432 2608 sive
455 2542 666 2608 beneficiatos
682 2562 837 2608 exercere
852 2542 1053 2627 prohibetur,
1078 2548 1130 2610 est
1145 2543 1328 2628 negotiatio
1352 2546 1472 2613 stricte

141 2631 238 2709 dicta,
264 2630 404 2713 quaein
428 2653 466 2696 eo
490 2631 641 2698 consistit
664 2634 701 2696 ut
724 2651 777 2696 res
801 2635 930 2698 ematur
953 2653 990 2698 eo
1014 2634 1088 2710 fine,
1113 2637 1231 2699 utnon
1253 2639 1385 2700 mutata
1402 2635 1470 2716 (vel

141 2743 200 2805 per
223 2720 390 2804 operarios
414 2722 590 2787 conductos
614 2722 756 2803 mutata)
780 2741 850 2786 cum
875 2722 965 2786 lucro
990 2722 1161 2789 vendatur.

230 2827 268 2893 It.
301 2830 330 2894 2.
384 2826 487 2904 Quem
517 2826 774 2910 negotiationem
805 2826 930 2892 clericis
961 2849 1061 2911 supra
1091 2827 1186 2895 dictis
1217 2849 1373 2895 exercere
1406 2852 1469 2896 non

139 2916 217 2982 licet
248 2938 352 2999 neque
382 2937 441 3001 per
472 2937 507 2981 se
537 2937 643 2998 neque
673 2937 733 3000 per
763 2916 861 2992 alios,
893 2937 998 2998 neque
1022 2937 1080 3001 pro
1104 2939 1140 2982 se
1164 2939 1269 3000 neque
1299 2939 1359 3003 pro
1385 2919 1468 2986 aliie.

140 3005 287 3071 Bened.
304 3005 382 3070 XIV
406 3011 509 3072 const.
531 3003 766 3091 ,Apostolicoc“
786 3008 827 3069 25
845 3006 937 3071 Febr.
959 3008 1042 3070 1741
1068 3010 1102 3071 et
1123 3006 1242 3074 Glem.
1258 3006 1339 3072 XIII
1362 3014 1467 3074 const.

142 3096 242 3177 ,Cum
264 3093 426 3180 primom“
452 3097 492 3159 27
519 3095 608 3177 Sept.
637 3096 732 3162 1759.
766 3094 813 3159 cf.
838 3094 1001 3172 WernZ,
1026 3096 1083 3160 Ius
1108 3095 1253 3162 decretal.
1279 3096 1320 3173 Π,
1346 3099 1424 3165 219.

230 3202 268 3266 R.
294 3204 324 3267 3.
373 3201 481 3266 Grave
506 3205 676 3284 peccatum
699 3222 763 3266 non
788 3204 848 3276 est,
873 3200 901 3266 si
928 3200 959 3282 1)
984 3207 1178 3268 exerceatur
1201 3203 1384 3285 negotiatio
1409 3205 1470 3270 ali·

140 3290 268 3372 quoties
280 3289 313 3353 in
326 3311 362 3355 re
378 3290 473 3374 parvi
486 3291 640 3355 momenti
658 3289 703 3373 (v.
717 3312 749 3372 g.
763 3289 796 3354 in
808 3290 988 3355 vendendis
1001 3291 1161 3368 crucibuS,
1175 3291 1309 3357 rosariis
1323 3296 1399 3369 etc,
1417 3316 1468 3359 se·

142 3379 231 3444 cluso
248 3379 435 3460 scandalo);
453 3380 506 3444 vel
518 3380 551 3462 2)
564 3378 664 3445 semel
677 3378 711 3443 in
724 3400 760 3443 re
777 3378 875 3446 etiam
889 3379 999 3462 magni
1012 3380 1185 3447 momenti:
1203 3382 1288 3462 quod
1301 3382 1476 3450 Bellen-²

140 3467 263 3534 Palm.
288 3468 309 3534 l.
334 3490 360 3535 c.
386 3491 416 3534 n.
443 3471 507 3534 303
538 3473 627 3534 recte
658 3469 819 3552 explicat,
851 3471 889 3532 ut
918 3491 981 3534 non
1013 3492 1050 3534 ec
1082 3472 1188 3535 eodem
1206 3475 1371 3557 proposito
1396 3473 1470 3556 plus

141 3577 238 3638 quam
263 3557 363 3621 semel
387 3559 461 3634 fiat,
493 3558 554 3622 etsi
579 3558 665 3623 forte
688 3561 805 3641 postca
828 3558 894 3622 alia
917 3579 1050 3640 prorsus
1081 3559 1251 3624 occasione
1275 3567 1470 3628 occurrente

141 3646 246 3710 denuo
270 3647 372 3710 semel
395 3648 469 3723 fiat,
500 3646 659 3729 siquidem
685 3669 848 3728 ,exercere
872 3647 1145 3728 negotiationem“
1174 3648 1309 3715 denotet
1331 3651 1470 3734 plurali·

139 3738 244 3801 tatem
268 3739 400 3800 actuum
424 3735 478 3817 qui
503 3736 671 3802 moraliter
694 3737 713 3802 i.
739 3757 767 3801 e.
792 3735 959 3819 proposito
983 3737 1146 3803 uniantur.

231 3825 351 3888 Verum
377 3825 492 3908 excipe
516 3846 628 3891 casum
651 3825 885 3906 negotiationis
916 3846 957 3889 ex
981 3830 1076 3909 parte
1099 3825 1397 3905 missionariorum,
1430 3829 1470 3893 de

19 3954 22 3961 ·
141 3933 205 3995 quo
234 3915 288 3978 Tb.
314 3936 354 3979 m.
380 3914 420 3991 Il,
446 3916 527 3979 979:
552 3914 592 3979 iis
615 3916 671 3979 snb
693 3917 787 3999 proci
809 3913 1016 3981 interdicitur
1040 3915 1093 3979 vel
1116 3916 1217 3980 semel
1241 3916 1417 3998 negotiari.

230 4019 268 4084 R.
287 4021 316 4085 4.
349 4019 523 4102 Negotiari
538 4041 603 4085 non
620 4024 680 4097 est,
699 4020 847 4085 omnibus
864 4020 1054 4099 fatentibuS‚
1072 4042 1110 4086 eo
1127 4042 1225 4086 sensu
1242 4043 1305 4104 quo
1319 4022 1470 4089 Ecclesia

141 4107 173 4173 id
198 4108 323 4173 clericis
347 4108 528 4193 prohibuIt,
560 4131 613 4175 res
638 4112 766 4193 emptas
797 4109 927 4193 proprio
958 4110 1070 4175 labore
1100 4110 1153 4176 vel
1178 4117 1250 4177 arte
1281 4115 1412 4178 mutare
1436 4119 1470 4178 et

141 4196 188 4262 ita
211 4202 357 4263 mutatas
382 4198 540 4264 vendere:
564 4198 597 4263 in
621 4220 686 4280 qua
709 4220 744 4263 re
761 4198 968 4264 nihilominus
985 4198 1088 4264 videri
1104 4199 1212 4277 debet,
1238 4220 1322 4281 quae
1346 4201 1391 4269 sit
1415 4223 1470 4268 ars

142 4308 225 4368 quae
249 4292 452 4365 exerceatur,
479 4309 553 4351 num
578 4289 665 4353 forte
689 4288 757 4352 eius
774 4288 966 4353 exercitium
990 4288 1142 4354 clericum
1159 4289 1327 4357 dedeceat.
1360 4290 1470 4356 Minus

141 4376 240 4440 etiam
265 4376 463 4459 prohibitum
487 4377 604 4441 clerico
635 4381 702 4454 est,
734 4377 860 4442 fructus
890 4377 940 4441 sui
970 4377 1040 4459 agri
1065 4379 1225 4455 vendere3
1255 4400 1362 4461 neque
1394 4401 1469 4464 pro-

141 4463 280 4530 hibitum
304 4472 356 4530 est
379 4487 499 4547 pecora
523 4487 639 4540 emere,
666 4487 768 4546 eaque
793 4487 833 4530 cx
857 4465 1018 4531 fructibus
1041 4467 1112 4549 agri
1136 4467 1290 4550 saginata
1314 4470 1469 4545 vendere,

142 4554 204 4616 etsi
228 4555 411 4619 accessoria
435 4555 592 4620 alimenta
616 4555 681 4620 alia
705 4555 766 4619 emi
791 4555 940 4620 debeant.
974 4593 1018 4602 -
1048 4555 1156 4621 Aliter
1183 4562 1311 4635 tamen,
1344 4558 1372 4622 si
1398 4560 1471 4642 quis

141 4640 266 4706 alienos
289 4664 387 4724 agros
411 4644 513 4710 vellet
543 4645 721 4709 conducere
751 4648 850 4726 atque
880 4644 1035 4710 animaIIa
1064 4645 1108 4708 ibi
1137 4646 1291 4728 saginata
1314 4649 1470 4714 vendere.
