3044 5174
281 299 429 371 Dispositio
447 299 483 354 ad
501 298 660 354 sumendam
680 316 719 354 ss.
738 299 946 354 eucharistiam:
966 330 1000 338 -
1019 301 1154 357 ieiunium.
1339 305 1380 371 97

50 479 127 544 fieri
149 483 273 563 potest.
308 479 424 544 Laesio
446 478 556 545 ieiunii
580 479 706 544 abhoc
729 479 802 561 lege
827 478 937 543 divina
960 478 1103 544 eximere
1119 479 1240 562 nequit.
1276 478 1382 558 Quare

52 569 229 651 Ludgerus
260 567 530 635 irrationabiliter
563 568 681 636 haeret
710 575 818 635 utrum
855 569 973 634 debeat
1005 569 1165 633 accersito
1197 569 1273 633 vino
1306 590 1383 634 con-

52 679 190 724 secrare
220 663 510 740 consecratamque
541 657 713 724 materiam
743 677 887 734 sumere,
921 678 963 722 an
993 657 1125 722 missam
1157 657 1382 742 imperfectam

53 747 252 830 relinquere.
306 746 402 812 Prius
435 746 660 813 indubitanter
693 746 803 812 iecere
836 750 978 813 tenetur.
1034 746 1189 812 Conferat
1224 748 1384 813 chbra'cns

54 839 216 919 Missalia,
241 838 280 901 de
304 835 476 919 defectibus
498 835 555 913 IV,
580 840 610 902 5.

148 942 188 1009 R.
213 945 234 1007 2
257 942 299 1007 ad
322 963 434 1008 casum
457 943 640 1010 secundum.
676 942 780 1007 Recte
803 941 931 1024 quidem
951 941 1120 1023 Ludgerus
1143 944 1255 1007 censet
1277 941 1384 1023 legem
1395 950 1446 1006 172

53 1030 213 1097 servandi
236 1030 346 1096 ieiunii
371 1031 531 1098 naturalis
561 1032 693 1097 obstare
724 1030 951 1113 aliquomodo
975 1031 1191 1116 purificationi
1216 1030 1327 1096 ciborii
1350 1030 1384 1095 in

54 1141 125 1204 qua
139 1120 225 1185 sumi
240 1120 361 1186 debent
376 1119 529 1186 minimae
545 1120 735 1204 particulae,
760 1140 897 1202 quarum
915 1120 1074 1202 quaedam
1091 1120 1197 1198 dubie,
1224 1119 1384 1203 quaedam

54 1215 150 1277 certo
175 1209 242 1275 siut
265 1212 486 1275 consecratae.
518 1209 563 1274 nt
586 1229 622 1274 re
645 1230 735 1287 vera,
759 1208 787 1273 si
810 1208 880 1274 sine
895 1208 1099 1274 incommodo
1114 1208 1297 1293 purificatio
1321 1208 1385 1275 dif-

54 1298 139 1365 ferri
154 1301 275 1383 potest,
299 1297 479 1363 differenda
495 1301 529 1364 et
544 1297 608 1363 alio
625 1297 677 1363 die
692 1298 844 1363 facienda
868 1302 919 1364 est
935 1301 1010 1381 post
1025 1319 1068 1364 ss.
1085 1298 1255 1382 sanguinis
1274 1318 1384 1382 sump-

54 1389 194 1465 tionem,
219 1392 296 1454 ante
313 1387 512 1454 ablutionem
527 1387 646 1453 saltem
664 1387 849 1470 digitorum.
881 1386 968 1452 Num
986 1385 1071 1452 enim
1090 1392 1168 1454 ante
1184 1387 1383 1453 ablutionem

55 1476 173 1544 calicis
202 1497 268 1558 qua
301 1475 458 1559 reliquiae
488 1498 532 1542 ss.
563 1476 732 1559 sanguinis
762 1481 935 1542 sumuntur
963 1475 1115 1542 facienda
1144 1476 1204 1555 sit,
1242 1497 1306 1541 non
1336 1475 1385 1542 ita

55 1565 278 1644 conveniunt,
308 1565 407 1631 immo
430 1565 539 1650 potius
562 1588 632 1631 cum
656 1588 691 1631 eu
717 1565 867 1630 facienda
890 1569 950 1631 est.
998 1565 1061 1630 Sed
1085 1586 1189 1648 neque
1213 1565 1385 1651 scrupulus

57 1654 230 1722 faciendus
253 1658 321 1732 est,
345 1653 374 1721 si
396 1655 499 1740 primo
523 1653 680 1737 reliquiae
703 1675 746 1720 ss.
771 1653 940 1736 sanguinis
963 1674 1035 1718 cum
1059 1653 1134 1720 vino
1158 1659 1330 1720 sumantur
1353 1659 1387 1721 et

55 1744 249 1810 immediate
264 1748 340 1828 post
355 1743 537 1829 particulae
550 1743 672 1820 ciborii,
690 1743 765 1809 vino
777 1744 916 1825 ingesto,
934 1743 1092 1825 siquidem
1109 1744 1172 1809 hae
1184 1744 1386 1828 sumptiones

56 1856 120 1919 per
143 1833 273 1898 modum
298 1833 393 1898 unius
416 1837 584 1915 tamquam
609 1833 777 1898 moraliter
800 1853 865 1897 una
887 1836 1091 1917 reputantur.

150 1922 220 1998 Quo
243 1923 281 1988 fit
304 1927 340 1988 ut
363 1923 462 1989 etiam
486 1925 562 2006 post
584 1926 749 2005 sumptam
773 1921 972 1987 ablutionem
1003 1922 1179 2003 digitorum
1202 1921 1386 2005 purificatio

55 2011 176 2077 ciborii
191 2016 360 2093 tamquam
376 2010 517 2095 sumptio
534 2010 703 2077 moraliter
718 2030 783 2075 una
798 2010 1035 2093 quodammodo
1052 2010 1250 2075 considerari
1267 2009 1385 2094 possit:

55 2102 180 2166 saltem
204 2100 353 2167 Ecclesia
382 2100 463 2166 haec
493 2120 557 2165 non
587 2099 635 2167 ita
665 2121 779 2165 severe
809 2101 883 2183 lege
906 2120 966 2165 sus
995 2099 1107 2165 sanxit
1129 2099 1183 2164 vel
1211 2098 1387 2183 probibuit,

57 2194 97 2256 ut
132 2211 198 2255 non
234 2188 335 2256 liceat
365 2188 399 2253 in
429 2209 507 2254 casu
537 2187 673 2254 alicuius
705 2187 900 2254 incommodi
929 2209 1000 2253 rem
1032 2188 1173 2272 largiore
1205 2187 1261 2254 illo
1291 2188 1388 2254 modo

59 2299 203 2345 sumere.
255 2279 311 2346 rt.
335 2301 375 2343 on.
400 2278 441 2355 Π,
468 2281 541 2343 142.

155 2393 232 2460 Β.3
257 2394 299 2459 ad
322 2414 433 2458 casum
457 2397 592 2458 tertiam.
629 2392 778 2457 Ecclesia
801 2392 878 2459 tulit
900 2393 1007 2476 legem
1031 2393 1070 2459 de
1086 2392 1248 2457 servando
1270 2391 1389 2458 ieiunio
1399 2405 1449 2460 173

61 2483 213 2550 naturali
229 2486 307 2549 ante
322 2481 539 2567 sumptionem
555 2504 598 2547 ss.
616 2480 833 2548 eucharistiae
849 2484 988 2547 bostanno
1008 2484 1109 2548 modo.
1145 2481 1230 2547 Hinc
1247 2480 1390 2547 omnium

63 2573 185 2639 iudicio
208 2593 273 2637 non
289 2572 432 2638 attendit
454 2570 495 2638 ed
520 2591 559 2636 ea
583 2591 667 2653 quae
690 2591 749 2655 per
765 2572 895 2636 modum
911 2571 1129 2649 attractionis,
1154 2570 1388 2655 respirationis,

62 2684 126 2748 per
155 2662 285 2727 modum
309 2660 435 2726 salivae
457 2664 646 2738 sumuntur,
677 2681 825 2744 quaeque
849 2681 890 2726 ne
913 2664 1085 2726 sumantur
1108 2659 1219 2726 caveri
1248 2682 1313 2726 non
1336 2661 1388 2726 vel

64 2752 125 2816 vix
158 2755 304 2835 possunt.
358 2748 514 2815 Similiter
546 2771 619 2815 cum
651 2749 833 2834 praecipiat
864 2753 899 2817 et
930 2749 1118 2834 praecipere
1150 2749 1270 2816 debeat
1301 2750 1390 2833 puri·

62 2840 252 2907 ficationem
276 2842 417 2923 patenae
434 2838 468 2903 in
491 2840 629 2926 quotibet
652 2838 761 2916 missa,
786 2839 818 2904 in
836 2860 875 2905 ea
890 2845 1001 2905 autem
1024 2838 1226 2923 purificanda
1248 2839 1389 2906 humano

63 2930 163 2996 modo
194 2926 393 3012 impossibile
424 2927 469 2994 sit
500 2948 541 2993 ne
571 2927 693 3010 aliquid
724 2928 870 3013 pulveris
907 2928 939 2992 in
976 2949 1002 2994 s.
1038 2927 1173 2993 calicem
1209 2928 1332 2994 incidat
1363 2929 1391 2994 si

64 3020 151 3085 hanc
173 3018 391 3100 sumptionem
414 3037 474 3100 pro
497 3016 641 3082 laesione
656 3016 766 3083 ieiunii
790 3017 936 3096 haberet,
959 3037 1135 3099 numquam
1159 3017 1293 3082 deberet
1315 3037 1390 3100 per·

64 3109 198 3175 mittere
229 3111 266 3172 ut
297 3107 347 3171 bis
377 3107 569 3173 celebretur.
622 3105 711 3171 Sicut
743 3106 845 3188 igitur
875 3126 914 3171 ea
944 3126 1028 3188 quae
1059 3106 1169 3189 palam
1199 3110 1236 3172 ut
1265 3126 1389 3171 merum

65 3199 236 3283 pulverem
259 3197 311 3260 vel
337 3197 465 3261 sordem
489 3195 682 3276 cognoveris
713 3196 849 3262 dedecet
871 3196 905 3260 in
929 3195 1063 3261 calicem
1086 3199 1235 3261 sanctum
1260 3194 1390 3271 inicere,

64 3290 114 3354 ita
137 3309 156 3351 e
180 3284 344 3351 contrario
368 3284 467 3351 etiam
492 3305 512 3349 a
535 3286 725 3368 scrupuloso
749 3284 866 3351 timore
889 3285 1070 3350 cavendum
1094 3287 1154 3349 est.

157 3390 314 3458 Similiter
336 3392 376 3456 de
399 3390 538 3473 guttulis
561 3390 594 3455 in
611 3391 711 3456 calice
735 3390 890 3475 dispersis
912 3390 1047 3456 iudicari
1071 3390 1176 3456 debet.
1213 3390 1248 3456 Si
1270 3391 1392 3476 pluries

64 3488 119 3549 est
143 3479 384 3557 celebrandum,
409 3501 472 3544 non
495 3479 636 3563 positive
660 3480 789 3563 quidem
813 3479 942 3545 excludi
966 3479 1249 3545 aconsecratione
1273 3481 1392 3547 debent

65 3571 220 3655 guttulae
244 3569 426 3652 dispersam
457 3570 554 3633 immo
579 3569 712 3653 expedit
735 3590 792 3634 eas
818 3574 888 3635 turn
912 3567 1052 3653 positive
1074 3568 1248 3634 includere.
1295 3568 1341 3636 At
1364 3571 1391 3635 si

65 3683 106 3727 eo
130 3659 218 3742 quod
241 3658 321 3724 nihil
344 3659 384 3723 de
404 3657 444 3722 iis
460 3657 658 3741 cogitaveris
682 3659 812 3723 dubium
829 3663 950 3731 manet,
975 3662 1084 3724 utrum
1100 3658 1166 3723 sint
1182 3664 1392 3726 consecratae

67 3770 182 3826 necne,
206 3752 327 3824 tamen,
351 3748 378 3813 si
402 3747 497 3812 simul
521 3768 593 3812 cum
617 3769 660 3812 ss.
678 3748 837 3830 sanguine
858 3753 1038 3823 sumuntur,
1063 3768 1127 3812 non
1144 3751 1234 3813 certo
1258 3747 1393 3815 laedunt

66 3839 223 3907 ieiunium
247 3837 398 3903 naturale
421 3857 526 3919 neque
548 3836 729 3920 impediunt
751 3837 1001 3917 subsequentem
1025 3835 1168 3902 missam.

159 3946 212 4010 Ex
236 3943 413 4009 Lacroix
437 3944 458 4010 Ι.
483 3945 520 4020 6,
545 3964 575 4026 p.
602 3946 638 4019 2,
663 3965 693 4007 n.
720 3947 784 4008 530
807 3943 909 4008 habes
932 3942 1029 4008 haec:
1059 3941 1230 4018 ,Quamvis
1255 3944 1393 4011 dixerim

67 4059 98 4121 p.
127 4039 162 4108 1.
194 4056 225 4100 n.
251 4036 332 4110 459,
363 4035 476 4115 guttas
499 4032 566 4096 vini
596 4032 723 4097 interne
747 4033 963 4098 adhaerentes
987 4037 1020 4099 et
1050 4053 1113 4096 non
1137 4033 1262 4098 vicinas
1292 4035 1393 4100 fundo

66 4124 182 4192 calicis
205 4122 320 4188 melius
344 4121 473 4186 excludi
496 4121 537 4186 ab
560 4121 741 4187 intentione
758 4121 978 4199 consecrandi,
1003 4127 1113 4187 tamen
1137 4120 1170 4186 in
1194 4122 1244 4186 his
1268 4122 1393 4188 duabus

68 4213 184 4300 primis
213 4211 322 4277 missis
352 4210 466 4276 melius
495 4211 528 4275 in
559 4211 739 4278 intentione
769 4210 993 4288 includuntur,
1026 4231 1067 4274 ne
1099 4215 1214 4295 postea
1244 4217 1393 4276 sumatur

66 4302 192 4386 aliquid
216 4323 281 4367 non
311 4304 535 4367 consecratum
560 4305 594 4365 et
623 4301 796 4382 frangatur
824 4300 988 4367 ieiunium.
1036 4300 1124 4364 idem
1155 4298 1240 4363 forte
1264 4301 1392 4366 suaderi

67 4397 182 4480 posset
219 4392 257 4456 de
293 4391 439 4475 partibus
472 4388 565 4473 penis
600 4410 682 4471 quae
715 4390 824 4455 iacent
857 4389 890 4453 in
923 4411 961 4453 eo
996 4389 1067 4452 loco
1099 4387 1276 4470 corporalis
1309 4392 1394 4455 unde

68 4489 186 4568 postea
210 4480 408 4562 colliguntur
431 4478 611 4561 particulae
635 4483 668 4543 et
692 4499 764 4542 cum
788 4499 881 4543 sacro
906 4478 1064 4559 sanguine
1088 4482 1274 4550 sumuntur;
1307 4500 1393 4554 nam,

68 4574 186 4638 sinon
210 4568 333 4635 fuerint
356 4572 582 4644 consecratae,
614 4568 712 4632 etiam
736 4567 895 4648 frangunt
918 4567 1087 4634 ieiunium:
1120 4568 1174 4629 ard
1205 4568 1309 4651 quood
1335 4570 1395 4634 boe

70 4663 213 4729 Ecclesia
238 4681 299 4724 non
324 4659 448 4723 videtur
470 4667 534 4722 tam
558 4659 739 4742 scrupulose
762 4660 923 4742 requirere
947 4658 1129 4721 irirmiunr.“

34 4820 36 4824 ,
119 4768 546 4816 Lobmknhl.Casuscouscientiae.
564 4766 591 4808 11.
1171 4760 1185 4810 ’ἲ
