3044 5174
500 97 651 153 Divortiurn
671 116 688 157 a
706 104 765 153 toro
784 104 812 154 et
830 101 1038 156 cohabitatione.
1367 110 1431 172 519

104 274 138 341 iu
161 279 236 341 tota
260 274 321 341 hac
344 274 624 342 matrimoniorum
649 296 764 352 causa,
797 298 855 362 per
879 278 1069 363 sepianum
1095 284 1146 345 est
1169 300 1275 361 aeque
1299 280 1431 362 speciali

104 363 272 429 mentione
294 361 430 446 indiget.

196 452 234 517 In
258 452 419 518 adulterio
443 452 508 534 (cui
532 453 765 537 aequiparatur
788 455 954 538 quaelibet
983 455 1177 522 innaturalis
1201 457 1299 521 etiam
1325 458 1432 523 carnis

104 541 239 619 divisio)
263 540 386 609 sufficit
408 542 539 625 privata
562 542 690 620 notitia,
716 542 816 609 etiam
840 565 899 627 per
921 544 1039 611 indicia
1062 549 1190 611 tantum
1215 545 1432 623 vehementia,

105 633 143 695 ut
166 632 230 696 tori
252 630 434 696 communio
451 635 608 714 perpetuo
624 632 821 714 denegatum
847 638 883 699 ut
906 638 1016 699 autem
1040 636 1245 700 habitationis
1268 636 1432 719 separatio

104 720 182 795 fiat,
215 719 375 801 quaedam
404 720 524 787 saltem
547 720 724 803 requiritur
747 721 890 787 criminis
913 723 1104 806 publicitus,
1135 744 1207 788 cum
1231 723 1313 789 alias
1336 745 1432 789 soan-

106 808 218 874 dalum
249 828 291 873 ex
320 809 529 891 separatione
557 808 656 874 facile
686 809 820 877 oriatur.
853 847 896 855 --
926 812 1017 877 Haec
1047 812 1176 895 quidem
1208 833 1333 878 summo
1363 813 1433 878 iure

104 898 177 963 fieri
200 901 348 980 possunt.
395 897 612 964 Nihilominus
635 903 705 964 tum
729 899 862 983 propria
891 900 1063 966 infirmitas
1093 922 1151 966 seu
1178 900 1433 968 incontinentiae

105 985 307 1070 periculum,
338 991 408 1052 tum
439 987 561 1053 caritas
592 1008 671 1070 erga
702 1008 796 1058 reum,
823 988 935 1054 iubere
965 993 1103 1074 possunt
1132 990 1313 1072 coniugalis
1343 990 1432 1058 vitae

105 1074 392 1142 restaurationem.

197 1162 249 1230 Ad
273 1185 369 1248 quam
393 1165 641 1230 restaurandam
673 1185 730 1231 seu
761 1167 802 1231 ad
832 1166 1044 1251 repetendam
1074 1171 1202 1252 partem
1233 1188 1322 1234 ream
1346 1169 1432 1253 parti

105 1252 274 1319 innocenti
297 1273 427 1337 semper
450 1252 513 1320 erit
535 1251 595 1320 ius.
642 1253 724 1319 Pars
754 1254 855 1337 igitur
884 1277 942 1322 rea
971 1255 1114 1335 reiecta,
1145 1255 1173 1322 si
1199 1262 1370 1341 repetatur
1392 1259 1433 1323 ab

106 1341 290 1419 innocenti,
319 1349 440 1409 tenetur
469 1341 593 1408 redire:
624 1341 685 1409 nisi
710 1342 812 1418 forte,
844 1343 1024 1412 exsistente
1047 1345 1208 1429 periculo,
1240 1350 1433 1431 exspectare

105 1432 213 1515 possit
237 1430 433 1509 cautionem,
458 1452 498 1496 ne
521 1451 657 1498 reversa
681 1432 858 1501 crudeliter
881 1438 1052 1500 tractetur.

196 1519 300 1587 Immo
323 1519 350 1586 si
374 1540 451 1603 pars
474 1520 645 1597 innocens,
670 1542 754 1604 quae
775 1521 846 1588 iure
869 1544 928 1589 suo
951 1527 1047 1590 utens
1070 1524 1209 1589 alteram
1234 1529 1433 1609 compartem

106 1609 214 1684 eiecit,
238 1608 310 1693 ipsa
332 1609 365 1674 in
390 1609 511 1674 odmen
535 1610 629 1694 lapsa
652 1610 752 1677 etiam
774 1632 833 1676 rea
856 1613 973 1678 effecta
996 1611 1109 1690 fuerit,
1135 1612 1239 1696 repeti
1263 1613 1304 1678 ab
1329 1613 1434 1679 altera

107 1701 220 1782 potest
241 1702 342 1780 atque
365 1703 485 1765 vocata
508 1698 614 1765 redire
637 1703 785 1778 tenetur,
816 1700 933 1766 saltem
964 1701 992 1766 si
1022 1701 1186 1785 separatio
1216 1701 1307 1767 facta
1335 1702 1434 1767 fuerit

107 1786 256 1872 privata;
281 1787 395 1870 quodsi
418 1787 584 1872 separatio
607 1788 699 1854 facta
721 1793 773 1855 eat
788 1789 934 1866 iuridica,
958 1789 1094 1856 iuridica
1110 1790 1314 1874 repetitionis
1330 1782 1437 1856 formai

109 1880 221 1960 potest
244 1876 439 1960 exspectari.
486 1876 576 1953 Quae
605 1878 637 1942 in
669 1897 746 1942 casu
776 1879 889 1962 lapsus
918 1879 1088 1962 utriusque
1118 1879 1264 1962 coniugis
1291 1901 1370 1945 sane
1393 1881 1434 1946 ad

106 1987 176 2032 rem
211 1971 278 2040 est,
312 1986 353 2032 ne
384 1986 489 2049 grave
520 1965 777 2034 incontinentiae
800 1967 978 2052 periculum
1012 1972 1112 2051 atque
1144 1968 1334 2034 scandalum
1359 1990 1434 2053 prc-

107 2054 264 2122 trahatur
287 2054 338 2120 vel
364 2058 501 2121 crescat.
553 2057 609 2121 Th.
633 2078 674 2122 m.
699 2055 740 2130 ll,
767 2059 841 2122 712.

200 2161 238 2228 R.
264 2166 294 2227 3.
342 2162 467 2227 Causae
490 2170 710 2248 temporaneae
732 2163 951 2246 separationis
973 2170 1106 2248 praeter
1129 2164 1217 2230 dicta
1239 2169 1436 2230 revocantur
1446 2174 1495 2226 901

107 2253 150 2316 ad
175 2251 355 2335 periculum
378 2251 506 2317 animae
530 2256 564 2317 et
587 2252 628 2316 ad
652 2251 831 2336 periculum
847 2253 898 2318 vel
919 2253 1048 2319 omnino
1072 2274 1175 2335 grave
1197 2253 1434 2318 incommodum

108 2340 289 2424 corporale.
329 2339 425 2416 Hinc,
450 2339 475 2404 si
501 2339 620 2406 coniux
643 2341 839 2407 sollicitatur
861 2342 903 2407 ad
922 2363 1026 2424 grave
1042 2348 1224 2428 peccatum,
1250 2342 1303 2408 uel
1327 2343 1353 2407 si
1377 2364 1435 2427 pro

109 2429 298 2494 condicione
328 2449 389 2494 sua
419 2428 609 2494 notabiliter
638 2430 724 2495 male
753 2435 919 2499 tractatur
945 2432 1015 2497 sive
1039 2452 1141 2514 grave
1171 2432 1291 2497 malurn
1320 2432 1435 2498 timere

109 2519 217 2593 dehet,
242 2517 412 2584 recedendi
437 2517 597 2584 facultate
620 2519 754 2603 pot‘tur.

200 2614 321 2693 Quodsi
352 2615 530 2699 periculum
564 2616 596 2681 in
629 2637 720 2681 mora
753 2621 822 2694 est,
857 2639 933 2701 pars
965 2618 1120 2683 innocens
1155 2618 1284 2703 privato
1320 2619 1436 2684 iudicio

109 2705 214 2771 fidens
244 2705 358 2772 statim
388 2703 541 2770 recedere
571 2708 699 2788 potest;
731 2705 851 2788 alioqui
881 2730 939 2792 per
966 2730 998 2772 se
1028 2707 1250 2791 exspectanda
1280 2711 1331 2772 est
1361 2728 1436 2772 sen-

109 2794 217 2862 tentia
248 2793 373 2859 iudicis.
430 2793 551 2859 Verum
589 2794 617 2860 si
648 2815 747 2860 causa
777 2800 894 2878 aperta
923 2799 975 2861 est
1005 2801 1039 2862 et
1068 2800 1163 2874 nota,
1194 2796 1435 2879 separationem

108 2883 181 2949 sine
204 2882 320 2948 iudicis
341 2883 530 2950 interventu
552 2881 662 2950 facere
684 2904 749 2950 non
772 2888 884 2967 potest
906 2884 1036 2950 omnino
1059 2883 1207 2951 illicitum
1230 2883 1301 2950 dici.
1336 2885 1435 2967 Lay-

109 2993 230 3039 mann
254 2973 274 3039 l.
299 2974 332 3049 5,
355 2977 397 3038 tr.
424 2974 475 3050 10,
499 2994 529 3055 p.
548 2974 578 3050 3,
603 2994 630 3040 c.
649 2975 679 3049 7,
703 2994 734 3040 n.
754 2974 811 3051 183
840 2975 895 3040 fh.
920 2997 961 3039 aa.
986 2973 1027 3052 Π,
1052 2976 1125 3040 713.
1151 3013 1194 3020 -
1216 2972 1436 3039 Nihilominus

108 3060 302 3128 confessarii
326 3066 361 3128 et
383 3060 515 3144 parochi
540 3065 607 3139 est,
639 3082 738 3144 quam
761 3061 899 3146 primurn
922 3062 991 3128 fieri
1016 3061 1136 3146 possit,
1167 3062 1305 3128 suadere
1336 3068 1435 3144 atque

109 3170 230 3233 urgere
253 3149 551 3216 reconciliationem
574 3154 730 3217 mutuam.

201 3274 254 3340 An
276 3294 468 3350 eusasrruu
489 3277 528 3339 2¹¹¹
551 3274 590 3340 R.
616 3277 644 3341 1.
691 3275 773 3353 Quid
797 3274 876 3339 iuris
898 3274 944 3340 sit
966 3279 1099 3359 praeter
1128 3295 1168 3340 ea
1189 3295 1282 3358 quae
1304 3275 1368 3340 iam
1394 3276 1498 3343 adeo-2

108 3363 300 3442 Quaesitum
327 3366 364 3426 1¹¹¹
387 3364 553 3447 explicata
574 3363 692 3442 habes,
724 3364 858 3448 respicit
887 3364 957 3429 fere
986 3365 1089 3430 solum
1123 3385 1234 3429 casum
1257 3370 1436 3448 perpetuae

108 3453 338 3537 separationis.
385 3452 471 3518 Num
502 3453 555 3535 qui
586 3453 637 3519 ius
666 3454 766 3521 babet
798 3453 1016 3537 separationis
1045 3457 1225 3537 perpetuae
1252 3475 1315 3518 non
1340 3474 1436 3519 revo-

110 3543 226 3619 cabile,
250 3543 277 3607 si
301 3562 460 3607 summum
484 3541 535 3607 ius
558 3547 699 3625 spectas,
723 3542 865 3608 transire
887 3546 998 3626 potest
1020 3542 1062 3608 ad
1085 3551 1202 3608 etatum
1226 3564 1289 3624 quo
1312 3542 1437 3608 reditus

109 3633 154 3699 ad
178 3630 381 3714 coniugalem
405 3631 509 3698 vitam
532 3631 594 3697 sibi
617 3633 676 3697 fiat
691 3630 908 3714 impossibilis.
940 3631 1024 3698 Aliis
1048 3631 1166 3703 verbis,
1191 3634 1302 3714 potest
1324 3652 1436 3696 sacros

110 3721 243 3789 ordines
265 3721 432 3803 suscipere
455 3721 508 3785 vel
538 3719 572 3785 in
601 3720 754 3802 religioso
785 3720 898 3786 ordine
927 3721 1084 3805 profiteri.
1131 3721 1245 3803 Neque
1269 3725 1378 3786 tamen
1403 3720 1435 3784 in

91 3811 174 3877 ¹hoc
204 3830 282 3876 casu
312 3807 432 3875 coniux
462 3809 584 3876 reiecta
614 3808 801 3892 religiosum
832 3809 977 3876 ordinem
1007 3809 1133 3892 ingredi
1164 3810 1218 3874 vel
1248 3808 1434 3879 castitatem

110 3920 234 3967 vovere
257 3901 404 3974 tenetur3
429 3901 562 3965 tenetur
585 3903 695 3964 tamen
720 3902 810 3964 caste
834 3899 947 3964 vivere
970 3899 1073 3964 vitam
1098 3898 1264 3965 caelibem.

202 4006 241 4072 R.
265 4008 295 4071 2.
341 4003 462 4081 Quodsi
492 4025 569 4088 para
599 4005 753 4071 innocens
782 4006 927 4071 ordinem
957 4026 1086 4071 sacrum
1120 4004 1171 4070 vel
1203 4003 1436 4088 professionem

111 4095 301 4179 religiosam
324 4092 516 4176 susceperit,
540 4115 579 4159 ac
602 4094 696 4178 proin
719 4095 791 4178 ipsa
814 4095 874 4160 sibi
898 4095 1038 4160 reditum
1056 4093 1215 4160 advitam
1233 4093 1436 4174 coniugalem

109 4183 344 4269 impossibilem
377 4181 573 4250 reddiderit:
607 4183 686 4249 nihil
719 4185 831 4250 obstat
861 4183 938 4265 quin
970 4184 1070 4250 etiarn
1103 4204 1181 4268 pars
1213 4182 1363 4248 adultera
1395 4183 1436 4247 ad

110 4274 279 4342 meliorem
303 4272 432 4355 frugem
455 4292 615 4337 conversa
637 4272 823 4354 religiosam
849 4273 950 4337 vitam
974 4271 1079 4357 possit
1102 4271 1276 4354 suscipere.

200 4372 305 4438 Immo
328 4369 369 4436 ad
393 4390 506 4435 sacros
534 4369 665 4436 ordines
688 4371 740 4435 vel
772 4370 940 4436 advitam
971 4369 1158 4452 religiosam
1188 4368 1329 4435 transire
1358 4391 1438 4454 pars

109 4487 166 4530 rea
190 4464 303 4547 potest
325 4459 440 4527 etiam:
475 4459 507 4542 1)
537 4459 564 4524 si
596 4481 672 4543 pars
702 4459 856 4524 innocens
884 4459 1097 4543 interpellata
1122 4460 1271 4525 absolute
1295 4458 1437 4541 denega·
