3044 5174
507 286 627 354 Quando,
646 290 752 358 quoties
770 289 902 345 celebrari
920 288 1009 345 liceat.
1357 297 1420 362 135

181 467 216 548 2)
241 466 276 533 Si
300 466 441 551 populus
463 466 558 532 unius
581 467 755 550 parochiae
778 466 910 534 insimul
932 472 1075 551 nequeat
1097 468 1130 534 in
1146 469 1318 535 ecclesiam
1342 490 1420 535 con-

91 555 224 635 venire,
255 555 328 622 sive
357 555 392 621 id
421 561 473 622 est
494 560 631 640 propter
653 555 716 622 loci
740 557 927 639 angustiam
950 557 1020 623 sive
1044 558 1084 623 ob
1109 557 1300 624 distantiam
1323 562 1420 625 nota·

94 646 169 711 bilis
193 645 301 730 partis
325 645 597 729 parochianorum
621 645 663 710 ab
687 646 841 724 ecclesia,
872 668 945 711 cum
968 652 1079 713 tamen
1109 647 1143 712 iu
1166 645 1257 713 filiali
1281 648 1420 714 ecclesia

87 735 147 826 ‚vel
170 734 303 819 publico
326 734 471 801 oratorio
493 734 591 800 facile
606 733 733 817 possint
749 735 938 800 convenire:
964 735 1049 818 quod
1073 735 1173 803 etiam
1189 737 1229 802 de
1251 736 1291 801 iis
1307 737 1420 803 diebus

94 825 201 906 iisque
230 822 311 890 solis
340 823 431 889 valet
459 823 492 888 in
524 823 640 906 quibus
663 829 875 908 praeceptum
905 830 957 891 est
979 824 1098 891 missae
1121 824 1317 904 audiendae.
1349 824 1421 892 sive

95 912 193 979 simul
216 911 458 980 interdicuntur
480 933 582 997 opera
604 911 738 978 servilia
760 913 831 979 sive
854 934 928 980 non.

184 1010 225 1075 In
247 1009 298 1074 bis
322 1009 431 1075 causis
453 1008 605 1092 specialis
628 1009 771 1075 facultas
786 1010 819 1077 S.
837 1010 930 1076 Sedis
945 1031 1010 1076 nou
1025 1011 1219 1094 requiritur;
1243 1011 1422 1094 requiritur

95 1120 136 1165 ex
159 1098 320 1167 hodierna
342 1098 438 1182 praxi
459 1098 641 1181 recognitio
662 1098 828 1177 ordinarii,
852 1099 901 1166 ita
915 1105 952 1167 ut
967 1102 1129 1184 parochus
1144 1121 1210 1166 uon
1225 1100 1329 1185 possit
1344 1122 1420 1185 pro·

95 1189 166 1272 prio
190 1185 329 1257 arbitrio
351 1187 445 1254 binas
468 1188 586 1254 missas
608 1188 784 1257 celebrare.
831 1187 947 1271 Neque
970 1188 1012 1254 ad
1035 1189 1168 1256 missam
1191 1189 1311 1256 iterato
1335 1191 1422 1258 cele-

95 1277 256 1344 brandam
279 1275 422 1344 facultas
444 1276 567 1353 aderit,
598 1275 625 1342 si
656 1276 784 1359 quando
814 1298 873 1361 per
895 1277 1047 1344 accidens
1077 1279 1162 1345 alter
1185 1280 1338 1346 sacerdos
1361 1280 1421 1346 ad·

96 1366 198 1433 fuerit
221 1364 277 1449 qui
298 1366 405 1450 possit
427 1370 462 1432 et
484 1366 566 1431 velit
589 1366 764 1432 celebrare.

185 1463 250 1529 His
278 1462 386 1530 causis
416 1461 588 1529 ordinariis
618 1462 693 1529 addi
724 1463 834 1547 potest
865 1484 964 1529 causa
987 1485 1046 1548 per
1069 1463 1236 1542 accidens,
1267 1464 1421 1532 videlicet

96 1553 132 1631 si,
156 1553 313 1620 absoluta
334 1551 401 1618 iam
423 1550 524 1618 missa
546 1573 605 1636 per
620 1551 838 1637 sumptionem
859 1574 903 1619 ss.
920 1552 1130 1631 sacramenti,
1154 1553 1315 1639 accipitur
1337 1575 1421 1620 nun·

97 1642 161 1709 tius
193 1641 235 1708 de
263 1639 385 1708 viatico
414 1641 606 1707 moribundo
636 1639 868 1722 ministrando,
901 1662 1007 1724 neque
1036 1641 1199 1727 particula
1229 1647 1438 1710 consecrata

97 1732 192 1797 adest
222 1735 406 1797 asservata.
459 1730 601 1796 Vincere
631 1729 716 1796 euim
747 1731 845 1798 debet
876 1730 931 1796 lex
961 1730 1074 1797 viatici
1104 1730 1215 1796 divina
1244 1731 1420 1817 positivam

96 1821 273 1886 humanam
294 1820 403 1902 legem
424 1819 527 1885 semel
550 1823 678 1886 tantum
703 1818 898 1886 celebrandi.
950 1820 1005 1888 Tb.
1030 1843 1071 1886 m.
1095 1820 1137 1899 ΙΙ,
1162 1822 1237 1887 212.

183 1926 227 1994 R.
251 1929 282 1993 2.
326 1925 464 1992 Praeter
487 1946 605 1992 causas
627 1925 807 1992 recensitas
829 1924 1006 2007 requiritur
1028 1925 1236 2010 privilegium
1259 1926 1291 1994 S.
1317 1927 1419 2005 Sedis,

98 2015 182 2099 quod
206 2035 250 2081 ex
272 2014 380 2080 causis
402 2013 561 2080 similibus
590 2034 655 2079 uon
685 2035 761 2080 raro
791 2013 995 2082 conceditur:
1029 2015 1062 2099 l)
1085 2014 1112 2080 si
1143 2015 1278 2082 eaedem
1301 2037 1421 2083 causae

98 2105 262 2170 exsistunt
295 2103 329 2168 in
362 2103 443 2169 locis
479 2103 534 2169 ubi
563 2102 738 2187 parochiae
768 2103 898 2186 propria
928 2103 1036 2170 diotae
1065 2125 1130 2169 non
1159 2103 1296 2180 adsunt3
1329 2104 1362 2186 2)
1392 2105 1419 2170 si

98 2213 217 2260 causae
239 2192 320 2258 iuris
343 2192 522 2258 communis
545 2192 641 2258 dubie
663 2193 854 2277 sufficientes
871 2192 1051 2270 exsistunt3
1076 2194 1111 2275 3)
1134 2192 1163 2257 si
1184 2192 1218 2257 iu
1233 2193 1420 2276 regionibus

98 2282 287 2348 missionum
309 2281 422 2347 fideles
444 2302 520 2346 raro
544 2282 823 2366 opportunitatem
845 2280 969 2349 habent
991 2282 1111 2347 missae
1134 2281 1325 2362 assistendi,
1358 2282 1421 2350 etsi

98 2377 217 2455 agatur
241 2371 281 2437 de
304 2391 407 2454 parvo
429 2369 573 2436 fidelium
596 2390 741 2438 numero.

185 2494 240 2560 An
263 2514 455 2569 curramus
478 2495 517 2558 2⁰
541 2494 580 2559 R.
607 2497 636 2560 1.
680 2492 818 2561 Attendi
848 2492 978 2576 quidem
1002 2493 1100 2559 debet
1129 2496 1225 2560 teuor
1246 2492 1420 2577 privilegii,
1430 2504 1484 2560 284

97 2587 190 2649 sier
214 2603 255 2649 eo
277 2582 419 2648 facultas
441 2582 509 2666 peti
533 2582 640 2658 debet,
663 2581 713 2649 ita
735 2587 845 2649 tamen
870 2587 907 2649 ut
923 2581 1132 2667 privilegium
1155 2581 1278 2664 aliquid
1301 2583 1420 2648 saltem

99 2671 301 2738 concessisse
315 2671 478 2747 videatur,
502 2670 632 2737 etiamsi
648 2671 796 2737 clausula
811 2671 899 2736 forte
914 2671 1057 2753 rigorem
1074 2692 1229 2754 magnum
1245 2671 1420 2755 exprimat,

98 2782 127 2827 v.
152 2783 186 2846 g.
215 2781 276 2838 „ex
298 2760 497 2827 necessitate
518 2762 688 2837 tantum“,
712 2761 766 2827 vel
794 2759 961 2843 „graviter
983 2766 1121 2828 onerata
1144 2759 1344 2826 conscientia
1368 2780 1421 2825 or-

98 2849 247 2917 dinarfi‘.
293 2848 400 2927 Quare
423 2869 552 2933 semper
574 2847 740 2915 sufficiunt
763 2870 822 2915 eae
845 2868 964 2915 causae
993 2869 1077 2932 quae
1107 2852 1214 2916 cauma
1235 2853 1319 2915 iuris
1342 2871 1421 2915 com-

96 2943 204 3005 munis
228 2941 347 3005 similes
368 2943 455 3005 sunt.

184 3054 227 3121 R.
252 3057 282 3119 2.
328 3053 490 3137 Exempla
513 3052 682 3119 declarant
704 3052 920 3120 intentionem
943 3053 975 3120 S.
1000 3053 1109 3120 Sedis:

186 3151 221 3233 a)
245 3150 403 3217 Sufficere
425 3150 627 3217 declaratum
650 3155 711 3228 est,
736 3155 773 3217 ut
796 3171 917 3233 magna
938 3170 1017 3234 pars
1039 3149 1213 3235 parochiae
1233 3149 1330 3216 aliter
1353 3149 1422 3216 die-

96 3243 156 3307 bus
180 3240 367 3325 praeceptis
390 3240 491 3305 missa
514 3242 636 3319 careat,
663 3243 719 3305 etei
741 3243 848 3305 vicino·
868 3241 1025 3324 parochia
1048 3263 1110 3305 non
1135 3241 1227 3305 distet
1249 3242 1337 3306 altro
1359 3261 1421 3306 mc·

96 3334 186 3397 diam
210 3333 340 3397 leucam.
387 3329 440 3396 lta
462 3328 504 3395 ad
527 3328 628 3394 vicar.
653 3332 758 3413 apost.
782 3328 883 3396 Limb.
908 3348 993 3394 anuo
1020 3331 1115 3397 1851.

186 3427 222 3509 b)
245 3427 309 3493 Pro
332 3425 509 3494 sufficienti
532 3447 631 3492 causa
654 3426 767 3492 habita
790 3430 857 3504 est,
885 3425 914 3491 si
938 3425 1020 3491 alias
1044 3428 1175 3492 30-50
1199 3425 1312 3491 fideles
1335 3424 1422 3509 peri·

95 3515 450 3673 ibloMfflrienidsisalgissa
471 3520 694 3600 exponantur:
719 3515 760 3580 ad
784 3515 883 3599 episc.
909 3515 941 3581 S.
965 3516 1088 3582 Ludov.
1112 3515 1146 3580 in
1161 3513 1314 3580 America
1337 3519 1420 3599 sept.

200 3626 221 3671 a
257 3657 264 3672 .
379 3658 386 3673 .

187 3705 219 3787 c)
242 3702 315 3770 Etsi
339 3700 553 3769 communiter
576 3700 780 3767 commodum
804 3704 846 3767 20
868 3701 1011 3766 fidelium
1035 3699 1183 3784 agnitum
1207 3723 1271 3767 non
1295 3701 1339 3767 sit
1361 3723 1421 3785 pro

94 3791 246 3878 legitima
269 3813 379 3871 causa,
402 3790 610 3857 nihilominus
633 3791 667 3856 in
688 3789 877 3873 regionibus
899 3789 1076 3855 infidelium
1099 3789 1279 3856 necessitas
1305 3793 1345 3856 10
1368 3790 1421 3856 vel

98 3886 139 3949 12
164 3902 350 3959 servorum,
376 3881 431 3963 qui
453 3880 551 3947 aliter
574 3879 674 3945 missa
698 3883 858 3958 carerent,
882 3900 942 3963 pro
966 3900 1065 3946 causa
1088 3879 1265 3947 sufficienti
1288 3885 1340 3947 est
1362 3879 1419 3945 ha·

93 3973 176 4040 bita.
224 3971 272 4037 cf.
296 3973 377 4036 Acta
401 3971 434 4037 S.
459 3971 554 4035 Sedis
576 3968 633 4047 Vl,
657 3970 722 4034 546
738 3989 809 4051 sqq.

185 4078 226 4144 R.
250 4079 281 4144 3.
327 4077 438 4144 Etiam
460 4078 661 4163 privilegium
686 4075 901 4141 communiter
923 4075 1187 4157 restringendum
1212 4081 1262 4142 est
1287 4076 1328 4140 ad
1352 4075 1422 4141 dies

94 4168 171 4234 illos
194 4165 312 4250 quibus
338 4166 451 4232 fideles
474 4165 517 4231 ad
540 4164 672 4230 missam
696 4164 891 4230 audiendam
914 4163 1111 4247 obligantur,
1136 4168 1234 4247 atque
1261 4165 1302 4230 ad
1326 4185 1422 4230 casus

94 4256 128 4324 in
159 4255 279 4340 quibus
308 4276 367 4340 per
397 4254 497 4321 alium
527 4254 732 4320 sacerdotem
762 4252 951 4320 necessitati
983 4253 1127 4319 fidelium
1159 4253 1323 4337 provideri
1355 4274 1421 4319 nou

94 4350 217 4433 potest,
242 4345 355 4425 eodem
371 4345 466 4410 modo
482 4343 568 4409 sicut
582 4343 637 4407 lex
653 4342 842 4422 communis,
859 4343 988 4426 quaudo
1005 4343 1063 4410 dat
1078 4343 1272 4408 facultatem
1287 4342 1422 4408 missam

95 4432 277 4520 repetendi,
301 4434 343 4499 ad
366 4454 422 4499 eos
446 4432 515 4498 dies
538 4430 759 4514 restringitur.

184 4551 225 4617 R.
259 4552 290 4616 4.
340 4548 457 4631 Neque
489 4569 532 4613 ex
564 4568 602 4614 eo
633 4547 719 4630 quod
748 4545 798 4612 bis
826 4547 992 4612 celebrare
1024 4546 1123 4613 liceat
1154 4566 1308 4628 umquam
1337 4544 1421 4610 sumi

93 4645 207 4726 potest
239 4637 373 4705 licentia
404 4657 446 4703 ex
477 4636 574 4702 simili
608 4657 708 4703 causa
740 4635 908 4701 addendae
941 4635 1059 4702 tertiae
1092 4634 1220 4703 missae.
1267 4634 1304 4699 ld
1334 4632 1421 4699 enim
