3044 5174
454 296 571 350 Intentio
590 296 648 349 eius
667 295 714 364 qui
732 294 847 362 suscipit
865 299 1073 347 sacramentum.
1379 300 1422 363 29

179 472 257 532 Cum
279 471 453 531 christianis
474 491 545 531 vero
576 471 702 546 sparsim
723 471 801 528 inter
821 489 955 545 paganos
977 469 1180 528 habitantibus
1202 471 1338 530 similiter
1359 473 1423 548 agit

93 553 190 629 quoad
214 558 381 612 extremm
402 552 586 623 unctionem,
616 552 737 627 siquos
765 551 875 627 reperit
901 550 951 624 qui
976 554 1104 608 aetatem
1133 551 1257 609 rationis
1286 553 1422 612 evolutae

94 633 278 708 attigerunt:
306 633 387 692 inter
414 652 487 708 quos
515 631 651 690 similiter
678 637 746 707 post
773 635 978 706 recuperatum
1006 649 1091 688 usum
1120 631 1246 689 rationis
1274 632 1364 707 aliqui
1386 633 1422 692 de

93 713 242 791 praestito
264 714 375 772 auxilio
397 713 511 788 gratias
533 718 643 787 agunt,
672 711 723 769 alii
745 730 834 784 aegre
856 713 970 779 ierunt,
994 730 1059 768 cum
1080 712 1170 769 stulte
1192 717 1297 787 putent
1324 733 1355 771 se
1378 713 1422 772 sio

95 794 181 853 morti
206 794 358 853 devoveri.

184 874 253 932 Iam
275 874 312 932 de
333 874 436 932 valore
458 873 558 931 collati
579 871 760 930 sacramenti
781 870 900 929 dubium
922 870 1071 929 excitatur
1091 890 1159 930 seu:

181 979 365 1050 Quanam
386 979 416 1036 1ο
436 997 511 1054 qnae
535 976 662 1035 intentio
691 975 861 1035 necessaria
883 975 972 1032 sitin
994 975 1174 1052 suscipiente
1195 984 1422 1038 sacramentum.

386 1067 417 1124 2⁰
437 1066 504 1142 quid
525 1065 649 1125 iudicari
670 1064 777 1123 debeat
798 1065 833 1122 de
855 1064 962 1138 agendi
983 1063 1097 1122 ratione
1119 1065 1293 1134 Hilarionis
1316 1066 1350 1125 de
1372 1086 1422 1126 va·

439 1147 501 1206 lore
531 1146 651 1222 eiusque
681 1144 857 1204 certitudine
887 1150 975 1220 atque
1004 1145 1116 1203 maiore
1151 1146 1226 1204 forte
1261 1147 1423 1207 securitate

439 1226 633 1303 procuranda.

693 1383 828 1451 Salutio.

95 1558 105 1576 .
181 1513 238 1578 Au
269 1531 461 1586 cusasmuu
494 1513 530 1575 1¹⁰
560 1509 599 1575 R.
633 1512 661 1576 1.
708 1509 772 1573 Pro
801 1507 841 1572 iis
872 1507 926 1589 qui
956 1528 1050 1572 usum
1080 1507 1217 1574 rationis
1247 1531 1421 1592 numquam
1431 1519 1466 1573 43

95 1601 281 1684 attigerunt
311 1601 402 1665 nulla
431 1599 615 1664 necessaria
645 1604 696 1664 est
724 1597 881 1672 intentio,
911 1597 998 1678 iique
1027 1603 1252 1674 sacramenta,
1286 1620 1422 1681 quorum

95 1711 234 1775 capaces
258 1692 352 1766 sunt,
383 1689 528 1772 recipere
556 1692 694 1771 possunt
718 1686 825 1752 valide
848 1687 918 1751 sola
945 1685 1126 1752 intentione
1150 1687 1306 1754 ministri:
1337 1689 1423 1770 quod

96 1781 190 1845 salva
213 1778 279 1844 fide
302 1777 414 1843 divina
436 1781 471 1842 et
493 1776 655 1843 catholica
670 1776 784 1858 negari
809 1796 872 1840 non
896 1777 1016 1858 potest,
1041 1797 1114 1840 cum
1130 1796 1260 1860 semper
1275 1778 1424 1843 Ecclesia

96 1868 243 1935 infantes
266 1866 486 1950 baptizaverit
509 1887 629 1950 eosque
652 1867 713 1932 hoc
737 1866 806 1930 solo
830 1865 925 1929 modo
949 1868 1118 1931 aeternam
1142 1866 1246 1930 vitam
1270 1866 1424 1950 consequi

95 1979 192 2042 posse
215 1957 375 2022 docuerit.

182 2054 225 2121 R.
251 2057 282 2122 2.
329 2053 392 2118 Pro
415 2052 456 2117 iia
479 2052 533 2136 qui
556 2052 694 2117 rationis
717 2073 810 2116 usum
834 2072 986 2134 umquam
1011 2051 1123 2136 adepti
1146 2056 1223 2117 suut
1246 2053 1425 2135 requiritur

95 2165 131 2210 ea
153 2143 299 2210 intentio
327 2164 392 2226 qua
414 2141 611 2207 sacramenti
641 2143 700 2208 liat
723 2144 903 2206 voluntaria
928 2143 1089 2225 susceptio.
1136 2142 1226 2206 Deus
1249 2143 1334 2206 enim
1358 2164 1423 2207 non

96 2233 166 2300 vult
198 2233 280 2298 dare
309 2253 369 2297 sua
400 2231 485 2296 dona
515 2230 576 2296 nisi
606 2230 740 2296 volenti.
794 2230 858 2295 Sed
889 2230 965 2295 talis
995 2229 1133 2296 intentio
1164 2231 1263 2297 etiam
1294 2232 1421 2316 sufficit.

96 2322 191 2389 Unde
215 2325 320 2406 patet,
345 2321 372 2385 si
391 2320 537 2404 excipias
554 2340 594 2384 ea
609 2322 816 2385 sacramenta
839 2319 871 2384 in
896 2319 1012 2401 quibus
1028 2320 1208 2385 subiectum
1225 2321 1423 2386 sacramenti

96 2433 157 2477 non
189 2411 236 2477 sit
259 2431 349 2475 mere
371 2409 550 2493 suscipiens
573 2409 630 2474 sed
661 2408 760 2475 etiam
785 2429 902 2490 agene,
935 2408 1085 2473 sufficere
1114 2430 1173 2492 pro
1197 2409 1344 2475 subiecto
1373 2409 1424 2474 in·

95 2499 277 2567 tentionem
307 2498 523 2574 habitualem,
554 2497 575 2563 i.
600 2518 628 2564 e.
653 2498 798 2563 habitam
822 2518 927 2579 neque
950 2502 1183 2576 retractatam,
1214 2520 1278 2562 uon
1303 2500 1424 2581 requiri

97 2589 262 2656 actualem
287 2609 392 2671 neque
415 2587 600 2654 virtualem.

184 2686 226 2753 R.
259 2689 289 2751 3.
337 2685 401 2751 Sed
432 2685 514 2750 haec
546 2683 721 2749 habitualis
750 2683 889 2749 intentio
921 2683 1018 2749 etiam
1051 2686 1159 2769 aliquo
1190 2688 1299 2750 saltam
1333 2687 1424 2751 modo

96 2775 291 2859 requiritur:
316 2774 523 2839 nihilomiuus
546 2795 606 2857 pro
630 2772 768 2837 diversis
784 2773 998 2838 sacramentis
1014 2772 1165 2838 sufficere
1185 2778 1295 2856 potest
1318 2775 1422 2856 gradu

97 2865 239 2932 diverso.
286 2863 373 2929 Nam
404 2863 577 2945 aliquando
606 2862 760 2928 voluntas
790 2862 966 2945 recipiendi
996 2862 1193 2927 sacramenti
1222 2863 1305 2928 satis
1335 2869 1424 2930 certo

97 2954 284 3021 continetur
306 2953 340 3017 in
363 2951 428 3017 alia
451 2953 561 3034 aliqua
584 2951 771 3017 voluntate:
802 2950 888 3033 quod
911 2952 939 3016 si
963 2951 1104 3027 obtinet,
1130 2971 1263 3016 necesse
1286 2973 1350 3017 non
1374 2959 1426 3019 est

96 3048 131 3110 ut
153 3042 312 3108 voluutas
336 3040 448 3107 habita
471 3041 516 3107 sit
538 3061 696 3123 expressa
720 3040 807 3104 circa
829 3039 891 3104 hoc
914 3044 948 3105 et
974 3040 1053 3104 illud
1077 3045 1335 3114 sacramentum,
1367 3043 1423 3107 sod

96 3132 218 3198 sufficit
242 3135 280 3196 ut
302 3133 545 3196 sacramentum
574 3130 653 3194 illud
685 3132 833 3214 implicite
857 3128 1018 3194 obiectum
1043 3129 1223 3195 voluntatis
1247 3130 1423 3199 exstiterit.

96 3219 284 3304 Aliquando
301 3239 379 3283 vero
402 3223 644 3285 sacramentum
668 3218 907 3301 suscipiendum
931 3240 996 3283 non
1020 3218 1101 3284 satis
1125 3223 1216 3284 certo
1240 3220 1426 3286 continetur

96 3311 127 3375 iu
150 3310 219 3376 alio
243 3308 371 3375 obiecto
394 3308 575 3374 voluntatis
599 3309 732 3388 eiusque
756 3312 848 3373 actu:
877 3328 978 3389 quare
1001 3311 1088 3385 tum,
1113 3308 1231 3374 saltem
1255 3314 1292 3374 ut
1315 3314 1425 3375 certus

96 3399 138 3464 sit
167 3400 265 3464 valor
295 3397 510 3474 sacramenti,
543 3417 676 3462 necesse
707 3402 758 3462 est
789 3401 825 3461 ut
858 3396 1036 3480 suscipiens
1068 3396 1220 3462 babuerit
1249 3398 1424 3479 aliquando

97 3489 303 3554 voluntatem
328 3486 524 3570 suscipiendi
554 3485 749 3551 sacramenti
781 3506 982 3568 expressam.
1029 3486 1066 3550 ln
1097 3486 1205 3568 priore
1233 3507 1311 3551 casn
1341 3488 1425 3553 hanc

95 3577 289 3662 implicitam
305 3575 519 3642 intentionem
536 3597 620 3658 quae
636 3575 780 3640 sufficiat
797 3574 979 3658 complures
995 3580 1117 3641 vocant
1134 3578 1427 3660 interpretatiaam;

96 3666 240 3733 dicerem
263 3665 379 3730 melius
402 3666 595 3730 habitualem
619 3667 814 3750 implicitam,
839 3664 979 3730 alteram
1002 3664 1203 3729 habitualem
1227 3665 1424 3748 explicitam.

187 3763 227 3828 s.
258 3765 288 3828 4.
335 3762 398 3828 Illa
429 3767 636 3827 sacramenta
671 3782 808 3842 quorum
841 3761 1005 3844 susceptio
1036 3761 1069 3826 in
1102 3783 1137 3826 se
1170 3763 1317 3828 continet
1349 3764 1468 3832 navita

96 3857 207 3920 status
223 3852 314 3917 vitae
330 3852 569 3935 susceptionem
585 3872 769 3932 novamque
786 3850 1028 3932 obligationem,
1054 3855 1091 3917 ut
1114 3856 1206 3916 certo
1222 3852 1288 3917 sint
1304 3853 1424 3928 valida,

98 3942 239 4025 exigunt
267 3940 480 4006 intentionem
512 3940 717 4024 explicitam,
749 3939 796 4005 ita
826 3939 1023 4021 baptismus,
1056 3941 1152 4017 ordo,
1183 3941 1424 4007 matrimonium

98 4030 356 4112 (matrimonium
380 4030 479 4095 etiam
504 4051 546 4094 ex
570 4030 634 4094 alia
658 4029 786 4094 ratione
810 4028 997 4111 explicitam
1023 4030 1227 4095 voluntatem
1252 4031 1366 4112 exigit,
1392 4037 1425 4097 et

96 4123 242 4187 fortasse
258 4119 357 4185 etiam
373 4123 614 4184 sacramentum
631 4119 778 4199 ordinis):
796 4139 1002 4199 quamquam,
1020 4123 1057 4184 ut
1073 4118 1168 4183 dubie
1185 4125 1424 4184 sacramentum

96 4213 141 4275 sit
173 4208 336 4285 validum,
370 4209 524 4274 voluutas
557 4209 608 4271 vel
642 4229 700 4290 pro
735 4208 895 4290 baptismo
929 4208 1115 4273 necessaria
1148 4208 1247 4273 etiam
1280 4230 1319 4273 ea
1353 4230 1425 4273 esse

96 4303 209 4384 potest
233 4318 316 4380 quae
340 4297 372 4361 in
396 4297 460 4361 alio
483 4302 559 4362 actu
584 4296 790 4363 contineatur
812 4296 977 4378 implicite.

188 4387 251 4452 Illa
289 4391 495 4452 sacramenta
534 4407 618 4468 quae
657 4386 760 4449 solum
801 4385 890 4451 vitae
929 4386 992 4450 iam
1028 4386 1212 4450 voluntarie
1252 4390 1425 4469 susceptae

97 4477 373 4562 complementum
398 4480 483 4550 sunt,
509 4481 545 4540 ut
569 4475 782 4549 confirmati0,
808 4480 957 4539 extrema
981 4475 1100 4551 unctio,
1125 4475 1166 4538 ad
1190 4474 1335 4538 valorem
1361 4497 1424 4540 non

95 4567 270 4649 requirunt
302 4565 363 4629 nisi
399 4565 587 4647 implicitam
621 4565 824 4629 voluntatem
856 4585 912 4628 seu
948 4564 1159 4629 intentionem
1196 4583 1292 4644 quam
1326 4586 1425 4647 supra

96 4657 166 4722 dixi
189 4654 487 4738 interpretativam.
