3044 5174
139 279 202 344 134
653 275 692 328 De
711 291 748 328 ss.
767 273 940 330 eucharistia.

73 452 127 508 232
225 444 264 511 R.
290 447 320 510 3.
367 442 542 526 Religiosi‚
567 442 594 508 si
617 481 661 490 —
685 446 722 508 ut
744 442 890 526 plerique
915 481 955 490 -
981 447 1077 509 erant
1099 442 1260 527 exempti,
1285 448 1462 528 praecepto

137 532 281 618 episcopi
310 555 374 598 non
409 533 607 615 ligabantur.
655 530 761 608 Quare
791 530 912 598 locutio
935 531 993 597 illa
1021 532 1238 614 ,superiorem
1273 533 1463 600 extendisse

78 653 81 675 ε
135 622 327 689 mandatum
358 621 501 705 episcopi
531 621 573 686 ad
603 624 696 686 suos“
725 625 880 687 accurata
902 642 967 686 non
992 627 1052 688 cst.
1099 621 1254 705 Superior
1276 644 1339 688 cuo
1369 628 1461 707 pote·

136 715 224 778 state
248 711 296 776 uti
319 714 467 794 poterat,
498 714 535 776 ut
558 710 626 774 suis
648 710 733 775 idern
756 710 943 792 iniungeret
965 710 1049 792 quod
1080 710 1251 795 episcopus
1273 711 1463 778 iniunxerat

136 799 361 866 sacerdotibus
385 799 603 876 dioecesanis;
633 799 690 865 scd
714 819 773 882 pro
796 798 958 881 religiosis
981 799 1040 864 illa
1061 799 1118 865 lex
1140 799 1206 864 viru
1230 820 1295 866 non
1319 801 1463 867 habebat

137 910 181 954 ex
205 889 361 956 mandato
385 888 540 973 episcopi,
565 888 622 954 sed
646 888 848 954 solummedo
872 909 915 953 ex
937 888 1092 954 mandato
1116 889 1302 972 superioris.

225 994 264 1061 R.
289 997 320 1061 4.
367 995 453 1060 Hinc
477 994 626 1077 sequitur
648 999 685 1059 ut
708 994 806 1077 longe
835 992 965 1060 facilius
987 995 1131 1079 potuerit
1154 995 1319 1079 superior,
1352 995 1381 1062 si
1404 1017 1462 1061 vo-

135 1083 198 1150 luit
221 1088 256 1151 et
279 1084 311 1149 id
335 1083 417 1149 satis
441 1083 614 1168 expressit,
638 1084 696 1148 sub
717 1087 811 1169 proci
834 1083 990 1166 obligare.
1030 1084 1185 1168 Superior
1207 1084 1294 1150 enim
1317 1105 1361 1151 ex
1383 1090 1462 1152 voto

136 1173 362 1241 oboedientiae
386 1172 534 1254 obligare
548 1175 675 1256 potest3
698 1172 733 1237 in
755 1171 826 1239 voti
849 1176 958 1238 autem
983 1172 1182 1255 obligatione
1205 1173 1385 1241 celebratio
1408 1174 1462 1239 vel

136 1262 232 1327 unius
255 1263 375 1328 missae
399 1262 512 1343 gravis
535 1266 596 1328 est.
635 1260 854 1342 Nihilominus
877 1261 910 1326 in
933 1262 1029 1346 praxi
1052 1262 1111 1327 vix
1133 1282 1198 1327 non
1222 1263 1385 1329 communi
1409 1284 1462 1328 or·

137 1351 247 1416 diuum
270 1351 497 1434 religiosorum
520 1350 669 1434 sequitur
692 1349 791 1416 etiain
814 1350 946 1434 reipsa
969 1351 1158 1417 mandatum
1183 1350 1262 1417 illud
1286 1352 1386 1435 longe
1408 1373 1462 1418 ra-

136 1440 204 1505 rius
227 1440 375 1524 obligare
398 1441 457 1505 sub
481 1440 586 1522 gravi,
611 1459 709 1521 quam
732 1439 856 1524 obliget
871 1442 921 1505 lec
936 1442 1154 1507 ecchsicslico.
1187 1439 1273 1506 Nam
1295 1440 1330 1506 in
1346 1441 1463 1526 pleris-

136 1550 200 1612 que
223 1529 389 1595 ordinibus
413 1550 453 1595 ea
475 1529 530 1594 lex
552 1532 605 1594 est
627 1532 665 1593 ut
688 1527 845 1594 eiusmodi
874 1527 1030 1595 mandata
1053 1550 1094 1594 ne
1126 1529 1187 1593 sub
1210 1529 1307 1595 ullius
1331 1530 1462 1611 quidem

136 1618 265 1702 peccati
288 1618 488 1701 obligatione
504 1621 701 1685 censeantur
715 1616 878 1700 imposita,
902 1617 961 1683 sed
977 1617 1106 1684 exsola
1121 1617 1273 1685 decentia
1287 1619 1462 1701 religiosae

136 1707 271 1788 regulae
295 1712 330 1774 ct
352 1713 489 1775 eatenus
512 1711 549 1772 ut
572 1707 627 1771 lex
650 1706 808 1789 poenalis,
833 1711 995 1788 quatenns
1011 1706 1183 1774 cuiuslibet
1199 1708 1335 1789 regulae
1351 1713 1463 1774 trans·

135 1796 339 1877 gressionem
369 1795 517 1880 superior
546 1795 784 1879 reprehendere
813 1800 848 1862 et
876 1795 992 1879 punire
1021 1796 1135 1879 possit.
1182 1795 1230 1862 Ut
1252 1797 1312 1862 sub
1336 1797 1463 1880 obliga·

136 1885 227 1951 tione
249 1886 378 1969 peccati
402 1884 556 1968 imposita
579 1884 663 1963 sint,
696 1904 831 1950 necesse
855 1888 906 1950 est
929 1889 966 1951 ut
988 1884 1021 1949 id
1045 1885 1133 1951 clare
1156 1885 1328 1952 indicetur.
1376 1885 1463 1964 Qua-

136 1979 273 2058 propter
295 1975 468 2041 dicendum
491 1980 542 2041 est
565 1972 753 2055 religiosum
775 1974 980 2039 sacerdotem
995 1973 1139 2040 violasse
1155 1974 1286 2056 quidem
1302 1975 1461 2057 regulam,

136 2084 204 2128 non
227 2064 358 2148 proprie
381 2069 494 2131 tamen
517 2083 681 2147 peccasse,
705 2063 733 2128 si
756 2062 886 2145 quando
910 2063 1045 2143 missas,
1070 2062 1133 2129 etsi
1156 2083 1279 2142 omnes,
1303 2064 1461 2131 omiserit.

282 2253 506 2320 FACULTAS
530 2254 719 2319 BINANDI
742 2254 932 2331 EIUSQUE
956 2254 1324 2326 INTERPRETATIO.

706 2419 817 2487 Casus.
839 2428 897 2497 (67)

228 2559 428 2619 'theodoricus
461 2560 608 2636 parochus
640 2567 761 2639 propter
792 2560 1023 2621 numerosiorem
1055 2562 1196 2640 populum
1228 2569 1259 2623 et
1291 2563 1464 2623 Theodorus

138 2640 343 2700 missionarius
371 2646 491 2717 propter
519 2641 690 2717 ampliorem
718 2641 900 2712 districtum,
930 2642 1014 2702 cuius
1042 2661 1142 2701 curam
1162 2642 1255 2719 gerit,
1284 2649 1466 2720 acceperunt

139 2723 313 2780 facultatem
334 2720 465 2792 binaudi,
487 2720 567 2796 prior
588 2720 691 2780 diebus
706 2721 737 2780 in
751 2727 877 2798 utroque
891 2723 955 2781 foro
969 2721 1065 2791 festis,
1088 2723 1235 2799 posterior
1257 2723 1361 2783 diebus
1377 2724 1465 2783 etiam

139 2802 223 2872 aliis,
251 2801 366 2877 quando
388 2800 419 2859 in
448 2798 574 2860 diversis
602 2801 676 2861 locis
703 2821 856 2861 numerum
884 2801 1011 2861 fidelium
1039 2802 1087 2878 qui
1115 2823 1183 2862 raro
1211 2803 1332 2862 missam
1364 2804 1466 2863 audire

139 2888 265 2959 possunt
285 2882 316 2940 in
337 2900 425 2940 unum
449 2881 588 2957 colligere
608 2882 712 2959 possit.
757 2882 887 2958 Uterque
908 2888 1055 2958 aegrotat,
1078 2883 1131 2941 sed
1151 2885 1230 2942 bona
1251 2884 1374 2943 fortuna
1394 2903 1465 2944 nan·

140 2963 262 3022 eiscitur
283 2967 458 3021 extraneum
479 2962 672 3033 sacerdotem,
695 2962 744 3037 qui
758 2962 840 3021 vices
861 2962 992 3039 ipsorum
1008 2962 1154 3039 suppleat.
1182 2964 1386 3024 Theudoricus
1407 2984 1466 3024 non

140 3044 229 3102 audet
251 3043 466 3101 communicare
488 3042 661 3101 facultatem
683 3042 819 3112 binaudi,
849 3062 914 3101 cum
935 3043 1111 3119 rescriptum
1133 3043 1266 3120 episcopi
1287 3044 1325 3102 ad
1347 3064 1381 3104 se
1402 3064 1466 3121 per·

141 3123 285 3182 sonaliter
306 3122 346 3180 sit
368 3121 529 3193 directum;
560 3122 732 3181 Theodorus
760 3122 824 3180 sine
846 3123 984 3198 scrupulo
1013 3124 1098 3182 alteri
1122 3124 1270 3183 sacerdoti
1290 3124 1368 3183 idem
1390 3125 1467 3201 quod

140 3204 197 3262 sibi
225 3203 315 3262 licere
344 3207 447 3278 putat,
477 3221 544 3260 cum
572 3202 715 3261 eiusmodi
742 3201 871 3261 facultas
899 3222 959 3261 non
986 3202 1017 3261 in
1045 3204 1176 3263 favorem
1203 3203 1385 3264 missionarii
1414 3224 1466 3263 scu

141 3283 316 3353 sacerdotis,
338 3282 391 3341 scd
412 3282 443 3340 in
464 3282 597 3341 favorem
619 3281 749 3341 fidelium
770 3282 840 3340 data
862 3283 911 3342 ait.

142 3396 319 3465 Qunaurrun
342 3397 371 3454 1ο
392 3415 465 3471 quas
487 3397 524 3455 ob
546 3415 654 3455 causas
675 3397 765 3456 liceat
786 3396 896 3473 pluries
918 3398 948 3456 in
970 3397 1016 3456 die
1040 3398 1198 3458 celebrare.

344 3496 374 3551 2ο
395 3493 540 3569 quomodo
561 3495 690 3554 facultas
712 3495 833 3554 binandi
855 3496 895 3554 sit
916 3496 1104 3571 explicanda.

344 3592 374 3650 3⁰
396 3589 464 3666 quid
486 3590 521 3650 de
541 3591 786 3670 interpretatione
815 3599 844 3652 et
874 3593 1101 3654 ratiocinatione
1123 3593 1299 3654 Theoderici
1321 3601 1352 3655 et
1374 3597 1468 3656 Theo·

396 3670 459 3728 dori
479 3668 603 3731 iudicari
624 3673 737 3732 debeat.

738 3853 874 3920 Solutio.

79 4016 132 4070 233
232 3995 285 4060 An
309 4015 500 4070 cuansrrun
519 3998 555 4060 lm
579 3996 617 4061 R.
645 3998 672 4062 1.
705 3995 870 4078 Distingui
896 3995 1015 4062 debent
1039 4016 1158 4061 causae
1182 3995 1360 4062 canonicae
1385 4018 1469 4080 quae

143 4086 213 4150 iure
237 4084 398 4150 communi
422 4085 502 4150 dant
525 4084 690 4150 licentiam
714 4085 856 4162 binaudi,
880 4091 914 4152 et
937 4106 1055 4150 causae
1077 4106 1160 4167 quae
1183 4106 1242 4168 per
1257 4085 1469 4170 privilegium

143 4171 330 4258 specialiter
353 4174 464 4240 datum
489 4174 573 4239 hanc
596 4172 762 4240 licentiam
785 4174 1034 4240 communicant.

233 4271 359 4337 Causae
382 4271 461 4337 iuris
485 4271 664 4336 communis
683 4275 775 4336 sunt:
802 4272 834 4355 1)
858 4272 886 4336 si
911 4273 951 4337 ob
969 4272 1131 4337 defectum
1148 4272 1357 4338 sacerdotum
1383 4295 1470 4340 com·

144 4360 285 4443 plurium
315 4361 542 4444 parochiarum
574 4380 652 4425 cura
682 4360 738 4425 uni
768 4361 931 4425 sacerdoti
962 4360 1135 4426 commissa
1165 4366 1225 4428 est.
1273 4361 1353 4427 Cum
1385 4364 1470 4428 enim

147 4470 361 4530 unaquaeque
384 4450 540 4533 parochia
561 4449 612 4514 ius
636 4449 834 4515 admissam
858 4450 995 4526 habeat,
1027 4454 1078 4515 tot
1100 4449 1220 4515 missae
1253 4451 1470 4518 celebrandae

144 4544 235 4614 sunt,
261 4538 373 4603 diebus
396 4543 507 4604 tamen
529 4539 714 4623 praeceptis
731 4543 869 4616 tantum,
894 4544 973 4620 quot
996 4543 1070 4604 sunt
1095 4539 1271 4622 parochiae
1295 4540 1328 4605 in
1354 4542 1471 4625 quibus

146 4628 299 4693 sacerdos
323 4649 432 4693 curam
458 4633 600 4694 exercet.
