3044 5174
156 275 197 337 32
606 269 647 325 De
665 271 844 326 sacramentis
863 272 1022 338 generatim.

154 447 263 532 piendi
287 448 425 527 ordinis,
456 447 505 513 ita
534 452 572 514 ut
594 450 692 532 plane
715 448 913 533 impossibile
944 448 988 514 eit
1011 448 1059 513 sic
1082 469 1147 513 non
1170 447 1291 514 habere
1320 447 1408 514 hanc
1429 449 1478 514 in-

154 538 345 615 tentionem,
369 537 430 602 nisi
454 536 535 602 haee
551 539 660 603 omnia
676 537 794 621 aliquis
809 538 919 603 facere
935 537 1017 603 velit
1039 538 1140 603 solius
1162 536 1312 604 exercitii
1328 538 1384 603 vel
1399 538 1478 604 ludi-

155 627 216 691 brii
235 647 344 693 causa.
376 627 466 707 Ergo
482 627 639 692 hactenus
655 627 822 692 Conradus
838 626 953 693 habuit
968 631 1002 693 et
1017 627 1153 693 retinuit
1168 626 1478 693 sufficientissimam

155 715 379 781 intentionem.
425 714 523 781 Nunc
546 737 626 781 vere
1478 717 1479 720 ’

111 857 147 910 49
245 847 297 911 An
321 866 512 922 ouaasrrun
536 851 575 912 3ΙΙΙ
598 848 637 916 R.
664 851 691 914 l.
723 849 809 914 Tota
833 848 982 930 quaestio
1005 848 1039 912 in
1062 869 1100 914 eo
1126 852 1279 913 versatur
1301 870 1381 914 num
1397 848 1478 914 Cen·

156 935 254 1001 radus
277 935 577 1018 perturbationibus
599 937 664 1002 illis
687 938 829 1021 priorem
851 937 1064 1003 intentionem
1081 937 1257 1021 recipiendi
1281 938 1406 1003 ordinis
1429 959 1478 1002 re·

156 1024 359 1091 tractaverit.
391 1024 500 1089 Primo
517 1027 754 1092 examinandus
770 1032 822 1092 est
839 1026 953 1091 medus
968 1027 1166 1109 procedendi
1181 1027 1215 1091 in
1231 1026 1477 1095 subdiaconatu.

245 1122 297 1186 Ad
316 1142 410 1204 quem
430 1127 524 1188 note:
547 1123 579 1205 1)
596 1127 633 1189 ut
648 1143 776 1189 revera
793 1123 880 1190 adsit
894 1124 1087 1190 retractatio
1102 1124 1222 1189 efficax
1239 1145 1324 1206 quae
1337 1125 1477 1209 priorem

157 1212 307 1278 destruat
327 1212 553 1289 intentionem,
578 1234 641 1277 non
665 1213 788 1278 sufficit
809 1213 1025 1297 apprehensio
1049 1217 1083 1279 et
1106 1235 1148 1278 ex
1171 1234 1211 1278 ea
1235 1218 1309 1280 orta
1332 1216 1477 1296 celleitcs,

157 1302 214 1366 sed
244 1300 421 1383 requiritur
453 1301 596 1382 cognitio
627 1305 661 1367 et
690 1301 843 1367 iudicium
872 1302 1009 1368 rationis
1040 1302 1080 1367 de
1109 1302 1375 1369 inconvenientia
1397 1304 1477 1368 reci·

156 1390 294 1474 piendae
318 1389 531 1455 ordinationis
554 1392 655 1472 etque
678 1411 758 1455 vera
781 1391 842 1455 hec
864 1390 943 1456 nixa
959 1391 1122 1457 veluntas.
1154 1390 1244 1468 Quae
1266 1412 1331 1456 nen
1349 1392 1478 1458 videtur

157 1479 312 1549 adfuisse.
359 1478 393 1560 2)
417 1478 519 1544 Immo
543 1479 570 1544 si
595 1479 738 1545 adfuerit
760 1481 921 1563 volantem,
945 1479 1027 1545 haec
1050 1479 1209 1564 imprimis
1232 1500 1273 1545 ea
1296 1485 1370 1546 erat
1395 1483 1478 1566 apud

157 1569 355 1645 Conradum,
389 1589 430 1633 ne
453 1568 540 1635 ferte
564 1569 723 1633 accedens
745 1568 898 1650 indignus
920 1588 1023 1650 grave
1053 1573 1223 1653 peccatum
1248 1571 1477 1636 committeret.

157 1660 203 1723 At
232 1659 330 1740 lenge
353 1656 488 1740 gravius
519 1657 735 1724 commisisset
764 1659 842 1723 ficta
872 1657 995 1722 ordinis
1025 1658 1242 1742 susceptione.
1289 1659 1380 1742 Ergo
1405 1681 1478 1724 con·

157 1746 239 1812 dicio
262 1748 320 1813 illa
347 1747 393 1825 ,si
417 1746 517 1813 fuerit
548 1746 718 1830 indignus“
746 1747 864 1812 saltem
888 1767 985 1812 sensu
1009 1769 1072 1830 que
1096 1752 1255 1832 concepta
1279 1752 1331 1814 est
1354 1769 1376 1814 a
1400 1748 1478 1813 Con·

157 1837 236 1902 rado
259 1858 325 1902 nen
348 1839 421 1902 eret
444 1836 624 1902 verificata.

245 1925 332 1991 Hinc
354 1925 521 2002 conclude,
545 1929 635 1991 recte
659 1923 894 1991 confessarium
918 1924 1097 1990 reddidisse
1121 1925 1305 1991 Conradum
1329 1946 1477 1991 securum

158 2014 374 2099 desuscepto
398 2013 644 2080 subdiaconatu.
683 2013 769 2079 Nam
793 2014 959 2079 sufficiens
982 2013 1153 2079 dubitandi
1174 2014 1262 2081 ratio
1285 2036 1352 2080 non
1376 2015 1476 2081 adest.

158 2103 260 2168 lmmo
284 2102 347 2169 etsi
370 2123 497 2167 sumam
520 2104 680 2168 mansisse
695 2103 854 2167 leviorem
874 2103 1016 2185 aliquam
1040 2103 1288 2182 dubitationem,
1312 2105 1397 2170 hwc
1419 2125 1477 2170 uon

158 2193 293 2258 sustulit
316 2213 389 2257 cam
420 2192 577 2257 moralem
611 2192 841 2258 certitudinem
873 2212 956 2273 qnae
987 2191 1130 2259 sufficiat
1160 2193 1201 2258 ad
1225 2192 1476 2259 subdiaconatus

160 2283 305 2346 ordinem
329 2303 393 2346 nen
417 2280 648 2364 repetendum,
672 2302 746 2347 curn
769 2281 974 2362 sequentium
999 2281 1146 2346 ordinum
1170 2282 1265 2347 valer
1288 2282 1330 2347 ab
1354 2303 1394 2347 eo
1418 2303 1475 2349 nen

159 2371 352 2455 dependeat.

114 2491 149 2545 50
246 2477 284 2543 lt.
311 2480 340 2544 2.
372 2476 451 2541 Cum
475 2476 589 2542 eadem
613 2476 740 2542 dicatur
769 2475 871 2541 fuisse
893 2477 1098 2560 perturbatio
1120 2476 1155 2541 in
1178 2477 1365 2561 recipiendo
1391 2498 1475 2562 pres-

157 2568 331 2650 byteratu,
364 2565 464 2631 etiam
498 2565 585 2631 circa
613 2565 702 2630 illius
731 2566 877 2631 valerem
908 2587 950 2631 ex
979 2566 1052 2650 ipsa
1081 2567 1139 2632 illa
1168 2567 1419 2650 perturbatione
1446 2571 1474 2631 in

158 2678 191 2721 se
213 2663 351 2741 spectata
374 2655 580 2720 rationabilis
604 2675 704 2719 causa
727 2655 897 2721 dubitandi
920 2654 997 2719 oriri
1021 2654 1079 2719 vix
1102 2659 1222 2739 petest.

246 2752 366 2829 Quodsi
390 2774 426 2817 re
449 2753 522 2835 ipsa
545 2751 704 2836 spectatis
734 2752 960 2835 personalibus
990 2752 1153 2818 adiunctis
1182 2753 1288 2817 levior
1311 2752 1475 2821 dubitandi

157 2842 242 2908 ratio
266 2863 350 2925 qnae
373 2863 438 2906 nen
461 2842 505 2908 sit
528 2843 624 2925 plane
646 2841 737 2906 nullo
759 2841 964 2917 remanserit,
988 2842 1238 2925 presbyteratus
1259 2843 1349 2919 ordo,
1375 2864 1396 2908 a
1419 2863 1474 2925 que

157 2936 208 2997 tot
231 2936 439 2997 sacramenta
469 2930 542 2996 aliis
571 2930 788 2996 ministranda
811 2934 911 3013 atque
940 2931 1047 3013 ipsum
1071 2952 1114 2998 ss.
1138 2931 1258 2997 missae
1282 2931 1473 2997 sacrificium

157 3021 286 3105 pendet,
311 3021 420 3103 petius
443 3020 503 3084 sub
528 3019 716 3085 condicione
739 3020 937 3103 repetendus
960 3022 1057 3085 esset.

245 3109 404 3176 Attamen
428 3109 479 3174 hic
503 3109 535 3173 in
559 3108 705 3173 faverem
729 3110 979 3192 presbyteratus
996 3108 1104 3173 valide
1123 3109 1234 3175 collati
1258 3108 1379 3174 fortier
1394 3108 1473 3174 ratio

157 3199 308 3276 occurrit,
333 3198 459 3263 scilicet
477 3197 549 3281 ipsa
564 3197 620 3263 illa
636 3199 853 3281 praecedente
877 3197 929 3262 die
945 3198 978 3262 in
994 3198 1228 3263 subdiaconatu
1245 3199 1385 3264 suborta
1407 3219 1474 3282 per·

156 3289 301 3354 turbatio
325 3288 459 3369 eiusque
482 3308 541 3369 per
565 3287 800 3352 confessarium
823 3291 859 3353 et
880 3287 985 3371 ipsum
1002 3287 1183 3352 Conradum
1207 3287 1299 3353 facta
1322 3287 1473 3353 exclusio.

157 3377 324 3442 Conradus
356 3377 426 3459 ipso
460 3397 570 3440 secum
601 3380 766 3442 statuerat
796 3397 836 3440 ne
867 3376 1020 3441 veluntas
1048 3380 1233 3441 retractans
1263 3376 1473 3442 intentionem

157 3466 363 3550 recipiendae
387 3465 601 3531 ordinationis
632 3465 805 3547 quidquam
830 3465 975 3541 valeret,
1006 3465 1033 3528 si
1064 3464 1145 3530 haec
1167 3465 1201 3530 in
1231 3465 1473 3548 perturbatione

158 3577 236 3621 ase
266 3559 370 3622 fieret.
417 3555 488 3631 Qua
517 3575 553 3619 re
584 3554 644 3618 hec
676 3554 782 3637 ipsum
814 3555 980 3619 decretum
1010 3552 1100 3636 prius
1131 3554 1272 3621 debebat
1301 3575 1473 3629 revocare;
1513 3589 1518 3609 .

158 3645 255 3711 aliter
277 3647 338 3710 hec
362 3644 516 3710 obstabat
539 3643 710 3725 queminus
733 3664 844 3726 pugna
866 3642 923 3707 illa
946 3642 1182 3724 cogitatienum
1205 3648 1238 3709 et
1262 3644 1473 3718 velleitatum,

159 3735 274 3817 quibus
298 3733 441 3799 voluisse
465 3737 499 3798 et
529 3733 672 3796 noluisse
695 3732 827 3797 videtur
855 3732 1095 3815 susceptionem
1127 3733 1265 3810 ordinis,
1298 3733 1474 3800 efficaciter

159 3826 330 3888 revocaret
359 3822 573 3887 intentionem
605 3821 782 3904 recipiendi
813 3821 1009 3887 sacramenti
1043 3821 1166 3887 ordinis
1198 3822 1288 3905 prius
1320 3822 1473 3889 habitam.

158 3913 280 3977 Verum
303 3911 365 3976 hoc
390 3912 557 3976 decretum
580 3931 644 3974 non
669 3911 847 3989 revocavit,
873 3916 910 3977 ut
932 3932 1018 3975 nunc
1041 3932 1143 3978 sume.
1176 3911 1316 3976 Aliunde
1339 3933 1403 3995 per
1423 3931 1474 3975 ve·

157 4001 319 4066 luntatem
343 4021 400 4064 seu
423 3999 532 4083 petius
556 3999 772 4076 velleitatem,
804 4022 887 4081 quae
912 4000 1154 4065 comitabantur
1183 4000 1273 4064 illam
1296 4001 1474 4084 apprehen·

158 4091 282 4155 sienem
307 4110 371 4172 qua
394 4089 456 4154 sibi
479 4089 653 4154 videbatur
676 4089 736 4153 sibi
760 4111 824 4153 nen
849 4090 947 4154 licere
971 4089 1101 4154 ordines
1124 4089 1308 4173 suscipere,
1334 4112 1400 4156 nen
1423 4111 1474 4174 po·

158 4179 225 4245 suit
255 4183 363 4244 actum
395 4177 571 4260 positivum
596 4199 659 4260 que
689 4182 783 4244 nollet
805 4179 951 4262 recipere
975 4179 1222 4244 ordinationem.
1270 4178 1384 4261 Atque
1407 4180 1472 4245 hinc

160 4268 297 4334 aestimo
330 4268 452 4333 nullam
484 4288 557 4332 esse
588 4267 748 4333 rationem
774 4268 943 4333 dubitandi
975 4268 1014 4331 de
1045 4270 1157 4333 valere
1191 4289 1230 4332 ac
1253 4268 1349 4351 proin
1374 4270 1471 4334 locum

160 4380 224 4422 nen
248 4378 319 4421 esse
343 4357 590 4422 condicionatae
613 4358 799 4440 repetitioni
824 4359 1083 4441 presbyteratus.

247 4457 398 4520 Ceterum
431 4455 490 4519 abs
520 4475 556 4518 re
588 4476 651 4518 non
684 4459 735 4520 est
769 4456 1008 4519 communicare
1039 4476 1228 4537 responsum
1257 4455 1289 4520 S.
1319 4454 1429 4521 Officii
1455 4473 1471 4517 a

158 4544 265 4608 Leone
290 4545 367 4608 Xlll
391 4544 608 4627 approbatum
633 4544 720 4607 cirea
750 4544 854 4608 simile
885 4545 1017 4609 dubium
1047 4566 1103 4608 seu
1135 4544 1221 4609 cirea
1251 4547 1470 4626 perturbatam

161 4633 192 4697 in
217 4634 420 4699 ordinatione
443 4634 668 4698 intentionem.

1514 3040 1518 3123 l

1433 4832 1516 5136 il
