3044 5174
649 265 690 321 De
708 283 744 323 ss.
764 268 937 324 eucharistia.

727 495 864 563 Salutio.

73 651 119 705 181
222 640 275 706 An
305 662 496 718 ouxssrruu
524 647 560 709 1¹n
583 644 622 710 R.
650 647 678 711 1.
726 645 909 713 Secundum
941 668 1007 711 reru
1037 666 1080 712 ss.
1112 644 1232 712 missae
1262 646 1460 713 sacrificium

134 729 277 797 omnium
300 730 531 798 sacrificiorum
555 735 636 799 fines
660 734 934 801 excellentissime
949 734 1073 819 implet,
1097 733 1146 801 ita
1167 738 1205 802 ut
1219 734 1339 818 latiore
1363 756 1462 803 sensu

133 821 261 886 fructus
291 819 411 886 missae
441 822 552 887 vocari
581 822 725 907 possint:
757 845 884 889 summa
914 823 975 889 Dei
1005 822 1172 902 adoratio,
1203 845 1263 908 pro
1293 823 1461 891 boneficiis

132 908 428 992 gratiarumactio,
452 931 511 994 pro
527 912 672 995 peccatis
688 913 878 995 peccatique
894 912 1007 996 poenis
1022 912 1224 997 propitiatio,
1240 934 1299 997 pro
1316 915 1460 980 necessi·

133 998 258 1065 tatibus
280 997 479 1083 impetratio.
512 1000 628 1067 Pressa
652 1005 825 1067 sumuntur
846 1002 973 1067 fructus
997 1001 1051 1084 qui
1074 1001 1252 1068 utilitatem
1275 1002 1460 1069 hominihus

133 1089 321 1171 praestant:
345 1087 534 1172 propitiatio
558 1093 592 1155 et
615 1089 819 1174 impetratio;
844 1111 909 1172 qua
924 1091 1052 1157 ratione
1067 1112 1110 1158 ss.
1127 1089 1247 1157 missas
1262 1091 1460 1157 sacrificium

134 1175 285 1242 diminuit
307 1198 431 1260 poenas
453 1179 600 1262 peccatis
623 1179 723 1245 etiam
747 1179 892 1245 remissis
908 1179 1046 1256 debitas,
1072 1179 1215 1264 disponit
1229 1180 1394 1247 hominem
1419 1182 1461 1248 ad

133 1265 368 1350 paenitentiam
393 1272 427 1332 et
450 1267 748 1334 reconciliationem
772 1289 845 1334 cum
868 1269 954 1345 Deo,
979 1272 1097 1335 exorat
1119 1267 1247 1352 gratias
1270 1268 1461 1354 spirituales

133 1359 233 1438 atque
257 1354 357 1421 otiam
380 1357 576 1441 temporalia
598 1358 684 1422 bona
707 1356 823 1440 quibus
846 1356 1038 1440 indigemus.

73 1477 125 1532 182
223 1471 261 1536 R.
286 1473 317 1536 2.
350 1470 497 1538 Effectus
520 1494 578 1538 seu
602 1472 728 1538 fructus
752 1472 871 1539 missae
895 1472 1023 1538 ratione
1048 1471 1183 1554 originis
1206 1473 1378 1558 proximae
1402 1496 1460 1541 seu

133 1559 234 1626 fontis
258 1559 398 1642 proximi
422 1561 507 1626 unde
531 1561 736 1639 deriventur,
762 1561 1008 1645 distinguuntur
1030 1561 1208 1627 secundum
1231 1561 1461 1631 diversitatem

133 1668 245 1714 corum
278 1648 332 1730 qui
362 1649 497 1715 missam
527 1652 668 1717 offerunt
699 1651 752 1716 vel
785 1652 975 1717 coofferunt.
1023 1651 1182 1716 Oriuntur
1211 1650 1315 1734 igitur
1336 1652 1460 1719 diversi

133 1737 261 1804 fructus
284 1758 326 1803 ex
349 1738 467 1804 missa:

222 1826 350 1892 ratione
373 1826 492 1894 Christi
516 1827 571 1910 qui
594 1831 646 1894 est
669 1829 809 1895 offerens
832 1827 1040 1912 principalis;

221 1915 350 1982 ratione
362 1917 541 1996 Ecclesiae,
555 1917 674 1983 Christi
687 1917 832 2001 corporis
844 1917 985 2001 mystici,
1001 1916 1053 1982 cui
1066 1916 1214 1983 Christus
1225 1916 1286 1983 hoc
1298 1938 1343 1984 ss.
1356 1920 1461 1985 sacri·

266 2004 374 2070 ficium
397 2006 529 2089 reliquit
553 2009 694 2088 atquae
717 2028 776 2090 per
799 2007 988 2072 sacerdotes
1010 2006 1091 2071 illud
1115 2006 1185 2071 Deo
1209 2007 1323 2082 offert:

222 2094 349 2160 ratione
372 2094 474 2178 ipsius
497 2095 673 2177 singularis
696 2095 886 2172 sacerdotis,
911 2094 1053 2161 ministri
1071 2094 1192 2162 Christi
1215 2099 1250 2162 et
1272 2095 1459 2173 Ecclesiae;

221 2184 350 2249 ratione
377 2204 491 2249 eorum
523 2185 578 2267 qui
610 2185 744 2268 speciali
776 2184 871 2249 modo
903 2183 945 2248 ad
975 2184 1108 2249 missam
1139 2190 1357 2257 concurrunt.
1389 2186 1461 2252 sive

267 2272 493 2340 ministrantes
516 2274 586 2338 siva
611 2273 805 2340 assistentes
828 2273 898 2338 sive
921 2273 1116 2357 stipendium
1142 2274 1259 2340 dantes
1282 2280 1369 2342 sunt.

222 2375 415 2459 Principalis
438 2377 565 2442 fructum
585 2376 641 2442 ille
657 2381 709 2443 est
732 2376 788 2459 qui
811 2376 940 2442 ratione
956 2374 1076 2442 Christi
1099 2375 1244 2460 seipsum
1266 2397 1326 2460 per
1342 2398 1460 2443 manus

133 2465 315 2531 sacerdotis
338 2465 505 2531 offerentis
521 2465 712 2550 producitur
727 2466 908 2546 nititurque
924 2464 1058 2535 infinitis
1074 2465 1144 2530 sius
1158 2465 1287 2531 meritis
1301 2471 1337 2533 ot
1359 2467 1459 2533 satis·

133 2553 330 2619 factionibus
353 2591 398 2601 -
421 2559 536 2637 estque
559 2573 672 2638 presse
696 2576 737 2619 ex
761 2575 859 2639 opere
883 2558 1029 2638 operato.
1061 2553 1201 2619 Fructus
1224 2575 1304 2621 varo
1327 2555 1460 2622 aliunde

133 2642 228 2727 petiti
253 2663 316 2706 non
340 2647 498 2726 petuntur
521 2643 651 2710 aliunde
675 2643 882 2727 simpliciter,
912 2643 969 2708 sed
993 2642 1096 2708 solum
1122 2644 1299 2709 secundum
1322 2644 1402 2726 quid
1426 2650 1460 2711 et

133 2731 298 2815 proxima:
330 2753 442 2798 omnes
473 2732 558 2797 enim
581 2733 732 2798 nituntur
762 2733 892 2797 demum
921 2732 955 2796 in
988 2731 1113 2798 meritis
1135 2732 1254 2799 Christi
1285 2737 1386 2816 atque
1417 2735 1460 2799 ad

134 2842 174 2886 ea
197 2821 413 2896 reducuntur;
445 2822 537 2902 quia,
571 2820 725 2904 quidquid
749 2822 833 2886 ullus
856 2822 953 2886 homo
976 2821 1082 2888 valuit
1105 2825 1139 2886 et
1169 2822 1261 2887 valet
1288 2822 1461 2889 inordina

134 2911 175 2975 ad
199 2910 341 2976 salutem
365 2914 543 2988 aeternam,
569 2931 610 2975 ex
634 2910 753 2976 Christi
777 2909 903 2976 meritis
926 2910 1025 2975 habat
1048 2914 1083 2977 et
1107 2909 1207 2977 valet.

222 3007 360 3074 Accedit
389 3008 491 3090 igitur
519 3007 648 3074 fructus
679 3008 734 3090 qni
764 3007 891 3073 ratione
914 3007 1082 3073 Ecclesiae
1113 3007 1235 3086 oritur,
1268 3029 1343 3073 cum
1365 3007 1459 3087 haec,

133 3096 202 3162 Deo
227 3118 357 3180 semper
385 3102 500 3180 grata,
531 3118 590 3182 per
619 3096 835 3163 ministerium
866 3097 1048 3162 sacerdotis
1079 3118 1139 3163 sua
1169 3100 1250 3162 vota
1279 3118 1460 3182 precesque

134 3186 202 3251 Deo
228 3188 345 3252 offerat
375 3207 513 3269 eumque
542 3208 601 3271 pro
626 3186 741 3252 dandis
765 3185 883 3269 gratiis
906 3190 1023 3251 exoret
1046 3222 1089 3231 —
1113 3186 1239 3252 fructus
1262 3186 1318 3252 ille
1341 3188 1461 3255 latiore

134 3296 231 3340 sensu
255 3275 356 3341 etiam
380 3296 421 3340 ex
446 3296 544 3360 opere
575 3279 710 3360 operato
735 3282 890 3352 vocatur,
922 3296 995 3340 cum
1018 3275 1240 3358 independens
1270 3276 1315 3342 sit
1338 3277 1379 3341 ab
1405 3298 1461 3343 ac·

134 3364 216 3429 tuali
240 3364 412 3430 devotione
436 3364 611 3447 singularis
635 3365 816 3430 sacerdotis
841 3363 1046 3430 celebrantis.

223 3461 306 3526 Dein
329 3462 466 3527 veniunt
489 3462 605 3544 reliqui
628 3463 765 3540 fruetus,
790 3462 843 3543 qui
869 3482 980 3526 omnes
996 3461 1145 3527 nituntur
1166 3460 1330 3545 personali
1354 3461 1460 3545 digni-

134 3555 205 3616 tate
241 3556 275 3617 et
309 3552 437 3617 actione
472 3551 666 3633 fervoreque
697 3572 808 3615 eorum
843 3550 898 3632 qui
932 3550 1118 3634 specialiter
1148 3551 1189 3615 ad
1219 3549 1353 3616 missam
1385 3572 1458 3617 con-

135 3645 287 3706 currunt:
313 3661 449 3722 quorum
472 3641 613 3724 primum
629 3641 735 3705 locum
752 3643 892 3723 occupat
907 3639 1060 3705 sacerdos
1083 3639 1263 3716 celebrans,
1288 3645 1386 3723 prout
1410 3645 1461 3706 est

135 3734 169 3796 et
185 3729 255 3812 agit
270 3729 355 3794 hanc
378 3750 550 3812 personam
575 3730 738 3813 privatam
763 3735 863 3811 atque
886 3729 1058 3812 personale
1074 3750 1155 3812 opus
1171 3729 1291 3793 bonum
1315 3732 1459 3807 exercet,

135 3818 208 3884 aliis
232 3817 383 3902 operibus
407 3818 499 3883 bonis
523 3819 620 3900 longe
645 3818 868 3884 excellentius.
901 3855 944 3865 -
974 3816 1223 3899 Adiunguntur:
1254 3816 1398 3885 ministri
1427 3823 1462 3885 et

136 3908 330 3974 assistentes
361 3907 415 3990 qui
445 3929 481 3972 re
515 3928 594 3973 vera
625 3909 722 3973 etiam
755 3929 826 3972 cum
860 3907 1031 3973 sacerdote
1061 3909 1241 3972 coofferunt
1264 3907 1462 3974 Deo-sacri·

135 3997 260 4073 ficium,
291 3996 449 4079 siquidem
473 3997 626 4063 sacerdos
649 3996 778 4062 nomine
809 3996 911 4063 totius
935 3996 1103 4060 Ecclesiae
1126 4016 1183 4061 seu
1214 3995 1360 4061 omnium
1382 3997 1462 4063 fide-

134 4087 223 4165 lium,
240 4086 383 4151 maxime
398 4087 630 4170 praesentium,
648 4086 745 4151 atilli
760 4106 819 4169 per
835 4085 1040 4151 sacerdotem
1052 4085 1121 4150 Deo
1134 4083 1330 4150 sacrificium
1342 4086 1463 4153 missae

136 4178 291 4252 offerant;
310 4176 407 4240 immo
424 4175 457 4241 hi
468 4175 540 4258 ipsi,
561 4196 634 4240 cum
647 4175 817 4251 assistunt,
831 4174 972 4256 aliquem
985 4173 1126 4239 fructum
1147 4195 1189 4239 ex
1208 4194 1307 4257 opere
1325 4181 1462 4259 operato

136 4287 247 4350 presse
271 4268 401 4348 sumpto
425 4264 578 4330 videntur
602 4263 746 4347 recipere
769 4268 902 4348 praeter
925 4264 957 4327 id
974 4263 1059 4345 quod
1081 4263 1225 4347 ipsorum
1249 4263 1341 4346 operi
1358 4262 1463 4349 (operi

137 4353 318 4439 operantis)
343 4355 528 4437 respondet.
560 4392 605 4400 —
635 4353 814 4436 Specialem
840 4355 968 4437 partem
992 4352 1092 4418 etiarn
1115 4352 1238 4417 habent
1265 4350 1288 4417 ii
1314 4352 1370 4435 qui
1394 4376 1463 4419 mo-

136 4444 214 4509 ralis
239 4464 338 4509 causa
361 4442 456 4508 huius
480 4442 600 4507 missae
623 4446 716 4520 sunt,
749 4441 908 4526 imprimis
939 4442 1056 4506 dantes
1079 4441 1292 4524 stipendium3
1325 4442 1359 4507 hi
1383 4464 1463 4526 quo-

138 4555 199 4615 que
229 4554 293 4597 non
324 4533 428 4596 solum
460 4532 624 4614 accipiunt
657 4531 799 4596 fructum
833 4532 886 4613 qui
918 4535 1054 4595 vocatur
1089 4530 1371 4610 ,ministerialis“,
1406 4532 1464 4598 sed

138 4624 237 4688 etiam
261 4642 304 4686 ex
328 4621 397 4704 ipso
422 4643 480 4685 suo
505 4620 589 4684 bono
613 4641 711 4703 opere
735 4619 899 4704 personali
924 4619 1065 4685 fructum
1090 4619 1208 4684 ferunt.
