<?xml version="1.0" encoding="UTF-8"?>
<!DOCTYPE html PUBLIC "-//W3C//DTD XHTML 1.0 Transitional//EN"
    "http://www.w3.org/TR/xhtml1/DTD/xhtml1-transitional.dtd">
<html xmlns="http://www.w3.org/1999/xhtml" xml:lang="en" lang="en">
 <head>
  <title>
</title>
<meta http-equiv="Content-Type" content="text/html;charset=utf-8" />
  <meta name='ocr-system' content='tesseract 3.04.00' />
  <meta name='ocr-capabilities' content='ocr_page ocr_carea ocr_par ocr_line ocrx_word'/>
</head>
<body>
  <div class='ocr_page' id='page_1' title='image "./casusconscienti00lehmgoog_0246.png"; bbox 0 0 3044 5174; ppageno 0'>
   <div class='ocr_carea' id='block_1_1' title="bbox 158 259 1025 331">
    <p class='ocr_par' dir='ltr' id='par_1_1' title="bbox 158 259 1025 331">
     <span class='ocr_line' id='line_1_1' title="bbox 158 259 1025 331; baseline -0.018 -1"><span class='ocrx_word' id='word_1_1' title='bbox 158 266 223 330; x_wconf 83' lang='grc'><strong>224</strong></span> <span class='ocrx_word' id='word_1_2' title='bbox 611 260 816 316; x_wconf 77' lang='lat' dir='ltr'><strong>Sacramentum</strong></span> <span class='ocrx_word' id='word_1_3' title='bbox 834 259 1025 331; x_wconf 85' lang='lat' dir='ltr'><strong>paenitentiae.</strong></span> 
     </span>
    </p>
   </div>
   <div class='ocr_carea' id='block_1_2' title="bbox 158 435 1482 1397">
    <p class='ocr_par' dir='ltr' id='par_1_2' title="bbox 158 435 1482 1397">
     <span class='ocr_line' id='line_1_2' title="bbox 158 435 1482 521; baseline 0 -18"><span class='ocrx_word' id='word_1_4' title='bbox 158 437 309 503; x_wconf 89' lang='lat' dir='ltr'><strong>habuerit</strong></span> <span class='ocrx_word' id='word_1_5' title='bbox 331 437 547 504; x_wconf 89' lang='lat' dir='ltr'><strong>intentionem</strong></span> <span class='ocrx_word' id='word_1_6' title='bbox 569 437 767 521; x_wconf 91' lang='lat' dir='ltr'><strong>perducendi</strong></span> <span class='ocrx_word' id='word_1_7' title='bbox 790 435 959 503; x_wconf 81' lang='lat' dir='ltr'><strong>Callistum</strong></span> <span class='ocrx_word' id='word_1_8' title='bbox 983 437 1025 502; x_wconf 91' lang='lat' dir='ltr'><strong>ad</strong></span> <span class='ocrx_word' id='word_1_9' title='bbox 1052 435 1239 521; x_wconf 88' lang='lat' dir='ltr'><strong>recipienda</strong></span> <span class='ocrx_word' id='word_1_10' title='bbox 1263 441 1482 504; x_wconf 87' lang='lat' dir='ltr'><strong>sacramenta.</strong></span> 
     </span>
     <span class='ocr_line' id='line_1_3' title="bbox 159 525 1482 610; baseline 0 -18"><span class='ocrx_word' id='word_1_11' title='bbox 159 529 210 592; x_wconf 85' lang='lat' dir='ltr'><strong>Ex</strong></span> <span class='ocrx_word' id='word_1_12' title='bbox 234 531 330 610; x_wconf 92' lang='lat' dir='ltr'><strong>parte</strong></span> <span class='ocrx_word' id='word_1_13' title='bbox 353 526 479 592; x_wconf 77' lang='lat' dir='ltr'>Callisti</span> <span class='ocrx_word' id='word_1_14' title='bbox 502 527 632 609; x_wconf 90' lang='lat' dir='ltr'><strong>quidem</strong></span> <span class='ocrx_word' id='word_1_15' title='bbox 663 526 782 592; x_wconf 90' lang='lat' dir='ltr'><strong>notitia</strong></span> <span class='ocrx_word' id='word_1_16' title='bbox 811 546 876 590; x_wconf 92' lang='lat' dir='ltr'><strong>non</strong></span> <span class='ocrx_word' id='word_1_17' title='bbox 907 530 958 591; x_wconf 90' lang='lat' dir='ltr'><strong>est</strong></span> <span class='ocrx_word' id='word_1_18' title='bbox 988 529 1066 591; x_wconf 84' lang='lat' dir='ltr'><strong>dcto</strong></span> <span class='ocrx_word' id='word_1_19' title='bbox 1096 525 1308 600; x_wconf 69' lang='lat' dir='ltr'><strong>iudicialiterz</strong></span> <span class='ocrx_word' id='word_1_20' title='bbox 1340 526 1400 592; x_wconf 92' lang='lat' dir='ltr'><strong>sed</strong></span> <span class='ocrx_word' id='word_1_21' title='bbox 1429 527 1482 592; x_wconf 89' lang='lat' dir='ltr'><strong>ille</strong></span> 
     </span>
     <span class='ocr_line' id='line_1_4' title="bbox 159 614 1481 700; baseline -0.001 -18"><span class='ocrx_word' id='word_1_22' title='bbox 159 616 324 682; x_wconf 82' lang='lat' dir='ltr'><strong>defectum</strong></span> <span class='ocrx_word' id='word_1_23' title='bbox 347 617 478 700; x_wconf 88' lang='lat' dir='ltr'><strong>supplet</strong></span> <span class='ocrx_word' id='word_1_24' title='bbox 501 620 617 700; x_wconf 88' lang='lat' dir='ltr'><strong>postea</strong></span> <span class='ocrx_word' id='word_1_25' title='bbox 640 614 847 682; x_wconf 89' lang='lat' dir='ltr'><strong>consentiens</strong></span> <span class='ocrx_word' id='word_1_26' title='bbox 869 615 902 679; x_wconf 89' lang='lat' dir='ltr'><strong>in</strong></span> <span class='ocrx_word' id='word_1_27' title='bbox 926 615 1200 681; x_wconf 79' lang='lat' dir='ltr'><strong>sacramentalem</strong></span> <span class='ocrx_word' id='word_1_28' title='bbox 1232 616 1481 683; x_wconf 82' lang='lat' dir='ltr'><strong>absolutionem.</strong></span> 
     </span>
     <span class='ocr_line' id='line_1_5' title="bbox 159 703 1482 787; baseline 0 -17"><span class='ocrx_word' id='word_1_29' title='bbox 159 705 250 782; x_wconf 84' lang='lat' dir='ltr'><strong>Quod</strong></span> <span class='ocrx_word' id='word_1_30' title='bbox 274 706 405 774; x_wconf 83' lang='lat' dir='ltr'><strong>sufficit.</strong></span> <span class='ocrx_word' id='word_1_31' title='bbox 453 705 539 771; x_wconf 90' lang='lat' dir='ltr'><strong>Nam</strong></span> <span class='ocrx_word' id='word_1_32' title='bbox 563 704 811 771; x_wconf 91' lang='lat' dir='ltr'><strong>sacramentalis</strong></span> <span class='ocrx_word' id='word_1_33' title='bbox 836 703 996 770; x_wconf 88' lang='lat' dir='ltr'><strong>confessio</strong></span> <span class='ocrx_word' id='word_1_34' title='bbox 1021 708 1157 769; x_wconf 89' lang='lat' dir='ltr'><strong>eatenus</strong></span> <span class='ocrx_word' id='word_1_35' title='bbox 1180 705 1377 787; x_wconf 80' lang='lat' dir='ltr'>requiritur,</span> <span class='ocrx_word' id='word_1_36' title='bbox 1404 725 1482 786; x_wconf 92' lang='lat' dir='ltr'><strong>qua·</strong></span> 
     </span>
     <span class='ocr_line' id='line_1_6' title="bbox 158 792 1482 879; baseline -0.002 -19"><span class='ocrx_word' id='word_1_37' title='bbox 158 799 254 860; x_wconf 91' lang='lat' dir='ltr'><strong>tenus</strong></span> <span class='ocrx_word' id='word_1_38' title='bbox 278 817 321 861; x_wconf 81' lang='lat' dir='ltr'><strong>ex</strong></span> <span class='ocrx_word' id='word_1_39' title='bbox 343 815 409 859; x_wconf 92' lang='lat' dir='ltr'><strong>una</strong></span> <span class='ocrx_word' id='word_1_40' title='bbox 424 799 519 879; x_wconf 85' lang='lat' dir='ltr'><strong>parte</strong></span> <span class='ocrx_word' id='word_1_41' title='bbox 543 794 638 860; x_wconf 91' lang='lat' dir='ltr'><strong>detur</strong></span> <span class='ocrx_word' id='word_1_42' title='bbox 654 792 854 860; x_wconf 77' lang='lat' dir='ltr'><strong>confessario</strong></span> <span class='ocrx_word' id='word_1_43' title='bbox 869 794 967 858; x_wconf 91' lang='lat' dir='ltr'><strong>iudici</strong></span> <span class='ocrx_word' id='word_1_44' title='bbox 984 793 1183 876; x_wconf 89' lang='lat' dir='ltr'><strong>possibilitas</strong></span> <span class='ocrx_word' id='word_1_45' title='bbox 1198 795 1386 860; x_wconf 89' lang='lat' dir='ltr'><strong>sententiae</strong></span> <span class='ocrx_word' id='word_1_46' title='bbox 1402 794 1482 859; x_wconf 89' lang='lat' dir='ltr'><strong>iudi·</strong></span> 
     </span>
     <span class='ocr_line' id='line_1_7' title="bbox 159 882 1480 966; baseline -0.002 -17"><span class='ocrx_word' id='word_1_47' title='bbox 159 883 251 949; x_wconf 91' lang='lat' dir='ltr'><strong>cialis</strong></span> <span class='ocrx_word' id='word_1_48' title='bbox 274 883 463 950; x_wconf 89' lang='lat' dir='ltr'><strong>remittendi</strong></span> <span class='ocrx_word' id='word_1_49' title='bbox 486 888 519 949; x_wconf 91' lang='grc' dir='ltr'><strong>ιι</strong></span> <span class='ocrx_word' id='word_1_50' title='bbox 535 882 697 948; x_wconf 90' lang='lat' dir='ltr'><strong>retinendi</strong></span> <span class='ocrx_word' id='word_1_51' title='bbox 712 883 775 949; x_wconf 90' lang='lat' dir='ltr'><strong>rite</strong></span> <span class='ocrx_word' id='word_1_52' title='bbox 792 883 879 948; x_wconf 89' lang='lat' dir='ltr'><strong>circa</strong></span> <span class='ocrx_word' id='word_1_53' title='bbox 894 886 1031 966; x_wconf 90' lang='lat' dir='ltr'><strong>peccata</strong></span> <span class='ocrx_word' id='word_1_54' title='bbox 1053 882 1252 966; x_wconf 86' lang='lat' dir='ltr'><strong>paenitentis</strong></span> <span class='ocrx_word' id='word_1_55' title='bbox 1268 883 1480 961; x_wconf 83' lang='lat' dir='ltr'><strong>exercendae,</strong></span> 
     </span>
     <span class='ocr_line' id='line_1_8' title="bbox 159 971 1480 1056; baseline -0.002 -18"><span class='ocrx_word' id='word_1_56' title='bbox 159 978 194 1038; x_wconf 92' lang='grc' dir='ltr'><strong>ιι</strong></span> <span class='ocrx_word' id='word_1_57' title='bbox 217 977 379 1056; x_wconf 90' lang='lat' dir='ltr'><strong>quatenus</strong></span> <span class='ocrx_word' id='word_1_58' title='bbox 402 993 444 1038; x_wconf 83' lang='lat' dir='ltr'><strong>ex</strong></span> <span class='ocrx_word' id='word_1_59' title='bbox 460 973 567 1038; x_wconf 89' lang='lat' dir='ltr'><strong>altera</strong></span> <span class='ocrx_word' id='word_1_60' title='bbox 582 976 677 1056; x_wconf 91' lang='lat' dir='ltr'><strong>parte</strong></span> <span class='ocrx_word' id='word_1_61' title='bbox 693 972 858 1039; x_wconf 90' lang='lat' dir='ltr'><strong>sententia</strong></span> <span class='ocrx_word' id='word_1_62' title='bbox 874 972 1123 1038; x_wconf 88' lang='lat' dir='ltr'><strong>sacramentalis</strong></span> <span class='ocrx_word' id='word_1_63' title='bbox 1144 971 1361 1039; x_wconf 80' lang='lat' dir='ltr'><strong>absolutionis</strong></span> <span class='ocrx_word' id='word_1_64' title='bbox 1376 975 1480 1038; x_wconf 71' lang='lat' dir='ltr'><strong>coiran-</strong></span> 
     </span>
     <span class='ocr_line' id='line_1_9' title="bbox 159 1060 1481 1146; baseline -0.001 -20"><span class='ocrx_word' id='word_1_65' title='bbox 159 1065 242 1128; x_wconf 82' lang='grc' dir='ltr'>ιανὶι</span> <span class='ocrx_word' id='word_1_66' title='bbox 265 1083 285 1127; x_wconf 90' lang='lat' dir='ltr'><strong>a</strong></span> <span class='ocrx_word' id='word_1_67' title='bbox 307 1062 497 1146; x_wconf 90' lang='lat' dir='ltr'><strong>paenitente</strong></span> <span class='ocrx_word' id='word_1_68' title='bbox 520 1061 659 1146; x_wconf 88' lang='lat' dir='ltr'><strong>recipiat</strong></span> <span class='ocrx_word' id='word_1_69' title='bbox 660 1083 708 1128; x_wconf 91' lang='grc' dir='ltr'><strong>ιιι</strong></span> <span class='ocrx_word' id='word_1_70' title='bbox 755 1060 898 1138; x_wconf 85' lang='lat' dir='ltr'><strong>Quorum</strong></span> <span class='ocrx_word' id='word_1_71' title='bbox 921 1061 1011 1145; x_wconf 90' lang='lat' dir='ltr'><strong>prius</strong></span> <span class='ocrx_word' id='word_1_72' title='bbox 1035 1061 1178 1140; x_wconf 87' lang='lat' dir='ltr'><strong>obtinet,</strong></span> <span class='ocrx_word' id='word_1_73' title='bbox 1209 1061 1237 1126; x_wconf 91' lang='lat' dir='ltr'><strong>si</strong></span> <span class='ocrx_word' id='word_1_74' title='bbox 1261 1060 1481 1127; x_wconf 88' lang='lat' dir='ltr'><strong>confessarius</strong></span> 
     </span>
     <span class='ocr_line' id='line_1_10' title="bbox 159 1110 1480 1234; baseline -0.001 -18"><span class='ocrx_word' id='word_1_75' title='bbox 159 1151 310 1218; x_wconf 91' lang='lat' dir='ltr'><strong>notitiam</strong></span> <span class='ocrx_word' id='word_1_76' title='bbox 335 1151 518 1217; x_wconf 89' lang='lat' dir='ltr'><strong>iudicialem</strong></span> <span class='ocrx_word' id='word_1_77' title='bbox 542 1152 643 1234; x_wconf 77' lang='lat' dir='ltr'><strong>dubet,</strong></span> <span class='ocrx_word' id='word_1_78' title='bbox 668 1151 731 1218; x_wconf 89' lang='lat' dir='ltr'><strong>etsi</strong></span> <span class='ocrx_word' id='word_1_79' title='bbox 754 1149 926 1234; x_wconf 91' lang='lat' dir='ltr'><strong>paenitens</strong></span> <span class='ocrx_word' id='word_1_80' title='bbox 950 1171 1022 1216; x_wconf 90' lang='lat' dir='ltr'><strong>eam</strong></span> <span class='ocrx_word' id='word_1_81' title='bbox 1038 1171 1104 1215; x_wconf 92' lang='lat' dir='ltr'><strong>non</strong></span> <span class='ocrx_word' id='word_1_82' title='bbox 1128 1110 1253 1216; x_wconf 75' lang='lat' dir='ltr'><strong>dederit</strong></span> <span class='ocrx_word' id='word_1_83' title='bbox 1267 1149 1429 1216; x_wconf 87' lang='lat' dir='ltr'><strong>iudicialit</strong></span> <span class='ocrx_word' id='word_1_84' title='bbox 1414 1155 1480 1216; x_wconf 76' lang='lat' dir='ltr'><strong>tzer</strong></span> 
     </span>
     <span class='ocr_line' id='line_1_11' title="bbox 158 1239 1480 1324; baseline 0 -19"><span class='ocrx_word' id='word_1_85' title='bbox 158 1241 331 1324; x_wconf 87' lang='lat' dir='ltr'><strong>posterius,</strong></span> <span class='ocrx_word' id='word_1_86' title='bbox 355 1240 383 1305; x_wconf 93' lang='lat' dir='ltr'><strong>si</strong></span> <span class='ocrx_word' id='word_1_87' title='bbox 406 1244 482 1324; x_wconf 93' lang='lat' dir='ltr'><strong>post</strong></span> <span class='ocrx_word' id='word_1_88' title='bbox 498 1239 689 1306; x_wconf 90' lang='lat' dir='ltr'><strong>confessarii</strong></span> <span class='ocrx_word' id='word_1_89' title='bbox 713 1239 967 1305; x_wconf 81' lang='lat' dir='ltr'><strong>declarationem</strong></span> <span class='ocrx_word' id='word_1_90' title='bbox 990 1239 1162 1324; x_wconf 91' lang='lat' dir='ltr'><strong>paenitens</strong></span> <span class='ocrx_word' id='word_1_91' title='bbox 1184 1239 1217 1304; x_wconf 94' lang='lat' dir='ltr'><strong>in</strong></span> <span class='ocrx_word' id='word_1_92' title='bbox 1241 1239 1480 1305; x_wconf 81' lang='lat' dir='ltr'><strong>absolutionem</strong></span> 
     </span>
     <span class='ocr_line' id='line_1_12' title="bbox 158 1329 626 1397; baseline 0.002 -3"><span class='ocrx_word' id='word_1_93' title='bbox 158 1330 429 1397; x_wconf 83' lang='lat' dir='ltr'><strong>sacramentalem</strong></span> <span class='ocrx_word' id='word_1_94' title='bbox 454 1350 601 1395; x_wconf 89' lang='lat' dir='ltr'><strong>consenr</strong></span> <span class='ocrx_word' id='word_1_95' title='bbox 575 1329 626 1395; x_wconf 91' lang='lat' dir='ltr'><strong>ti.t</strong></span> 
     </span>
    </p>
   </div>
   <div class='ocr_carea' id='block_1_3' title="bbox 97 1437 1513 2963">
    <p class='ocr_par' dir='ltr' id='par_1_3' title="bbox 97 1437 1513 2963">
     <span class='ocr_line' id='line_1_13' title="bbox 97 1437 1480 1536; baseline 0.002 -21"><span class='ocrx_word' id='word_1_96' title='bbox 97 1461 148 1516; x_wconf 80' lang='lat'><strong>385</strong></span> <span class='ocrx_word' id='word_1_97' title='bbox 247 1453 300 1518; x_wconf 85' lang='lat' dir='ltr'><strong>An</strong></span> <span class='ocrx_word' id='word_1_98' title='bbox 331 1474 522 1530; x_wconf 74' lang='lat' dir='ltr'><strong>quansrruu</strong></span> <span class='ocrx_word' id='word_1_99' title='bbox 555 1456 594 1518; x_wconf 87' lang='lat'><strong>3</strong></span> <span class='ocrx_word' id='word_1_100' title='bbox 623 1453 662 1520; x_wconf 86' lang='lat' dir='ltr'>R</span> <span class='ocrx_word' id='word_1_101' title='bbox 716 1454 753 1518; x_wconf 90' lang='lat' dir='ltr'><strong>In</strong></span> <span class='ocrx_word' id='word_1_102' title='bbox 784 1437 849 1519; x_wconf 86' lang='lat' dir='ltr'><strong>alia</strong></span> <span class='ocrx_word' id='word_1_103' title='bbox 879 1452 970 1519; x_wconf 90' lang='lat' dir='ltr'><strong>facta</strong></span> <span class='ocrx_word' id='word_1_104' title='bbox 998 1452 1171 1536; x_wconf 86' lang='lat' dir='ltr'><strong>hypothesi</strong></span> <span class='ocrx_word' id='word_1_105' title='bbox 1202 1472 1256 1517; x_wconf 88' lang='lat' dir='ltr'><strong>res</strong></span> <span class='ocrx_word' id='word_1_106' title='bbox 1286 1451 1480 1518; x_wconf 83' lang='lat' dir='ltr'><strong>difficultate</strong></span> 
     </span>
     <span class='ocr_line' id='line_1_14' title="bbox 159 1540 1478 1629; baseline -0.001 -22"><span class='ocrx_word' id='word_1_107' title='bbox 159 1564 223 1607; x_wconf 91' lang='lat' dir='ltr'><strong>non</strong></span> <span class='ocrx_word' id='word_1_108' title='bbox 240 1546 341 1620; x_wconf 87' lang='lat' dir='ltr'><strong>caret,</strong></span> <span class='ocrx_word' id='word_1_109' title='bbox 366 1542 522 1624; x_wconf 86' lang='lat' dir='ltr'><strong>siquidem</strong></span> <span class='ocrx_word' id='word_1_110' title='bbox 541 1542 730 1609; x_wconf 87' lang='lat' dir='ltr'><strong>distinctam</strong></span> <span class='ocrx_word' id='word_1_111' title='bbox 744 1541 927 1608; x_wconf 89' lang='lat' dir='ltr'><strong>iudicialem</strong></span> <span class='ocrx_word' id='word_1_112' title='bbox 945 1541 1095 1629; x_wconf 86' lang='lat' dir='ltr'><strong>notitiam</strong></span> <span class='ocrx_word' id='word_1_113' title='bbox 1113 1540 1255 1607; x_wconf 87' lang='lat' dir='ltr'><strong>omnium</strong></span> <span class='ocrx_word' id='word_1_114' title='bbox 1271 1544 1478 1625; x_wconf 90' lang='lat' dir='ltr'><strong>peccatorum</strong></span> 
     </span>
     <span class='ocr_line' id='line_1_15' title="bbox 158 1629 1479 1714; baseline 0 -18"><span class='ocrx_word' id='word_1_115' title='bbox 158 1632 311 1697; x_wconf 86' lang='lat' dir='ltr'><strong>sacerdos</strong></span> <span class='ocrx_word' id='word_1_116' title='bbox 334 1652 511 1714; x_wconf 87' lang='lat' dir='ltr'><strong>numquam</strong></span> <span class='ocrx_word' id='word_1_117' title='bbox 535 1631 665 1698; x_wconf 91' lang='lat' dir='ltr'><strong>habuit:</strong></span> <span class='ocrx_word' id='word_1_118' title='bbox 690 1632 830 1697; x_wconf 89' lang='lat' dir='ltr'><strong>sumitur</strong></span> <span class='ocrx_word' id='word_1_119' title='bbox 853 1631 957 1710; x_wconf 91' lang='lat' dir='ltr'><strong>enim,</strong></span> <span class='ocrx_word' id='word_1_120' title='bbox 982 1630 1205 1707; x_wconf 85' lang='lat' dir='ltr'><strong>sacerdotem,</strong></span> <span class='ocrx_word' id='word_1_121' title='bbox 1230 1651 1302 1696; x_wconf 91' lang='lat' dir='ltr'><strong>cum</strong></span> <span class='ocrx_word' id='word_1_122' title='bbox 1328 1629 1479 1697; x_wconf 86' lang='lat' dir='ltr'><strong>distincte</strong></span> 
     </span>
     <span class='ocr_line' id='line_1_16' title="bbox 159 1720 1479 1805; baseline -0.001 -20"><span class='ocrx_word' id='word_1_123' title='bbox 159 1720 289 1802; x_wconf 87' lang='lat' dir='ltr'><strong>singula</strong></span> <span class='ocrx_word' id='word_1_124' title='bbox 312 1727 452 1804; x_wconf 85' lang='lat' dir='ltr'><strong>peccata</strong></span> <span class='ocrx_word' id='word_1_125' title='bbox 475 1720 613 1800; x_wconf 90' lang='lat' dir='ltr'><strong>audiret,</strong></span> <span class='ocrx_word' id='word_1_126' title='bbox 638 1742 679 1786; x_wconf 93' lang='lat' dir='ltr'><strong>ne</strong></span> <span class='ocrx_word' id='word_1_127' title='bbox 703 1721 904 1805; x_wconf 89' lang='lat' dir='ltr'><strong>suspicatum</strong></span> <span class='ocrx_word' id='word_1_128' title='bbox 928 1720 1056 1803; x_wconf 92' lang='lat' dir='ltr'><strong>quidem</strong></span> <span class='ocrx_word' id='word_1_129' title='bbox 1080 1741 1154 1786; x_wconf 89' lang='lat' dir='ltr'><strong>essa</strong></span> <span class='ocrx_word' id='word_1_130' title='bbox 1177 1720 1218 1785; x_wconf 92' lang='lat' dir='ltr'><strong>de</strong></span> <span class='ocrx_word' id='word_1_131' title='bbox 1240 1724 1401 1803; x_wconf 90' lang='lat' dir='ltr'><strong>sequente</strong></span> <span class='ocrx_word' id='word_1_132' title='bbox 1426 1721 1479 1785; x_wconf 92' lang='lat' dir='ltr'><strong>ab·</strong></span> 
     </span>
     <span class='ocr_line' id='line_1_17' title="bbox 159 1808 1478 1893; baseline -0.001 -19"><span class='ocrx_word' id='word_1_133' title='bbox 159 1808 320 1876; x_wconf 89' lang='lat' dir='ltr'><strong>solutione</strong></span> <span class='ocrx_word' id='word_1_134' title='bbox 350 1831 456 1892; x_wconf 89' lang='lat' dir='ltr'><strong>neque</strong></span> <span class='ocrx_word' id='word_1_135' title='bbox 485 1831 558 1875; x_wconf 85' lang='lat' dir='ltr'><strong>sese</strong></span> <span class='ocrx_word' id='word_1_136' title='bbox 588 1815 625 1876; x_wconf 92' lang='grc' dir='ltr'><strong>ιιι</strong></span> <span class='ocrx_word' id='word_1_137' title='bbox 653 1810 793 1875; x_wconf 92' lang='lat' dir='ltr'><strong>iudicem</strong></span> <span class='ocrx_word' id='word_1_138' title='bbox 822 1809 1063 1886; x_wconf 87' lang='lat' dir='ltr'><strong>considerasse;</strong></span> <span class='ocrx_word' id='word_1_139' title='bbox 1094 1830 1167 1874; x_wconf 91' lang='lat' dir='ltr'><strong>cum</strong></span> <span class='ocrx_word' id='word_1_140' title='bbox 1198 1829 1277 1874; x_wconf 90' lang='lat' dir='ltr'><strong>vero</strong></span> <span class='ocrx_word' id='word_1_141' title='bbox 1307 1828 1478 1893; x_wconf 88' lang='lat' dir='ltr'><strong>personam</strong></span> 
     </span>
     <span class='ocr_line' id='line_1_18' title="bbox 158 1897 1479 1983; baseline -0.002 -19"><span class='ocrx_word' id='word_1_142' title='bbox 158 1898 274 1964; x_wconf 90' lang='lat' dir='ltr'><strong>iudicis</strong></span> <span class='ocrx_word' id='word_1_143' title='bbox 297 1903 489 1978; x_wconf 87' lang='lat' dir='ltr'><strong>assumeret,</strong></span> <span class='ocrx_word' id='word_1_144' title='bbox 514 1920 587 1964; x_wconf 93' lang='lat' dir='ltr'><strong>eum</strong></span> <span class='ocrx_word' id='word_1_145' title='bbox 618 1920 683 1965; x_wconf 89' lang='lat' dir='ltr'><strong>non</strong></span> <span class='ocrx_word' id='word_1_146' title='bbox 715 1899 854 1983; x_wconf 90' lang='lat' dir='ltr'><strong>amplius</strong></span> <span class='ocrx_word' id='word_1_147' title='bbox 884 1898 1070 1965; x_wconf 90' lang='lat' dir='ltr'><strong>distinctam</strong></span> <span class='ocrx_word' id='word_1_148' title='bbox 1094 1897 1246 1964; x_wconf 89' lang='lat' dir='ltr'><strong>notitiam</strong></span> <span class='ocrx_word' id='word_1_149' title='bbox 1275 1897 1408 1964; x_wconf 87' lang='lat' dir='ltr'><strong>habere.</strong></span> <span class='ocrx_word' id='word_1_150' title='bbox 1439 1935 1479 1945; x_wconf 97' lang='lat'>-</span> 
     </span>
     <span class='ocr_line' id='line_1_19' title="bbox 159 1984 1478 2072; baseline 0 -20"><span class='ocrx_word' id='word_1_151' title='bbox 159 1988 203 2053; x_wconf 86' lang='lat' dir='ltr'><strong>Et</strong></span> <span class='ocrx_word' id='word_1_152' title='bbox 226 2010 261 2053; x_wconf 92' lang='lat' dir='ltr'><strong>re</strong></span> <span class='ocrx_word' id='word_1_153' title='bbox 284 1989 357 2072; x_wconf 89' lang='lat' dir='ltr'><strong>ipsa</strong></span> <span class='ocrx_word' id='word_1_154' title='bbox 373 1989 404 2055; x_wconf 89' lang='lat' dir='ltr'><strong>S.</strong></span> <span class='ocrx_word' id='word_1_155' title='bbox 422 1988 470 2052; x_wconf 84' lang='lat' dir='ltr'><strong>Al</strong></span> <span class='ocrx_word' id='word_1_156' title='bbox 479 1988 661 2071; x_wconf 91' lang='lat' dir='ltr'><strong>phonsus</strong></span> <span class='ocrx_word' id='word_1_157' title='bbox 685 1988 741 2066; x_wconf 88' lang='lat' dir='ltr'><strong>VI,</strong></span> <span class='ocrx_word' id='word_1_158' title='bbox 767 1991 830 2054; x_wconf 86' lang='lat'><strong>502</strong></span> <span class='ocrx_word' id='word_1_159' title='bbox 854 1987 887 2052; x_wconf 90' lang='lat' dir='ltr'><strong>in</strong></span> <span class='ocrx_word' id='word_1_160' title='bbox 910 1989 972 2053; x_wconf 88' lang='lat' dir='ltr'><strong>hoc</strong></span> <span class='ocrx_word' id='word_1_161' title='bbox 998 2009 1075 2052; x_wconf 88' lang='lat' dir='ltr'><strong>casu</strong></span> <span class='ocrx_word' id='word_1_162' title='bbox 1092 1987 1218 2069; x_wconf 86' lang='lat' dir='ltr'><strong>obligat</strong></span> <span class='ocrx_word' id='word_1_163' title='bbox 1240 1984 1282 2052; x_wconf 89' lang='lat' dir='ltr'><strong>ad</strong></span> <span class='ocrx_word' id='word_1_164' title='bbox 1304 1985 1478 2071; x_wconf 88' lang='lat' dir='ltr'><strong>repetitam</strong></span> 
     </span>
     <span class='ocr_line' id='line_1_20' title="bbox 159 2075 1478 2158; baseline -0.002 -17"><span class='ocrx_word' id='word_1_165' title='bbox 159 2077 383 2144; x_wconf 88' lang='lat' dir='ltr'><strong>narrationem</strong></span> <span class='ocrx_word' id='word_1_166' title='bbox 408 2077 606 2143; x_wconf 89' lang='lat' dir='ltr'><strong>distinctam.</strong></span> <span class='ocrx_word' id='word_1_167' title='bbox 654 2077 812 2144; x_wconf 87' lang='lat' dir='ltr'><strong>Attamen</strong></span> <span class='ocrx_word' id='word_1_168' title='bbox 836 2077 1001 2144; x_wconf 89' lang='lat' dir='ltr'><strong>sententia</strong></span> <span class='ocrx_word' id='word_1_169' title='bbox 1024 2076 1207 2154; x_wconf 88' lang='lat' dir='ltr'><strong>contraria,</strong></span> <span class='ocrx_word' id='word_1_170' title='bbox 1233 2075 1274 2140; x_wconf 89' lang='lat' dir='ltr'><strong>de</strong></span> <span class='ocrx_word' id='word_1_171' title='bbox 1297 2096 1362 2158; x_wconf 89' lang='lat' dir='ltr'><strong>qua</strong></span> <span class='ocrx_word' id='word_1_172' title='bbox 1387 2095 1478 2141; x_wconf 86' lang='lat' dir='ltr'><strong>exer·</strong></span> 
     </span>
     <span class='ocr_line' id='line_1_21' title="bbox 159 2167 1513 2251; baseline -0.002 -20"><span class='ocrx_word' id='word_1_173' title='bbox 159 2167 263 2231; x_wconf 92' lang='lat' dir='ltr'><strong>cenda</strong></span> <span class='ocrx_word' id='word_1_174' title='bbox 286 2168 397 2248; x_wconf 90' lang='lat' dir='ltr'><strong>Lugo</strong></span> <span class='ocrx_word' id='word_1_175' title='bbox 428 2167 509 2251; x_wconf 78' lang='lat' dir='ltr'><strong>disp,</strong></span> <span class='ocrx_word' id='word_1_176' title='bbox 544 2169 600 2242; x_wconf 81' lang='lat'><strong>16,</strong></span> <span class='ocrx_word' id='word_1_177' title='bbox 631 2189 662 2234; x_wconf 92' lang='lat' dir='ltr'><strong>n.</strong></span> <span class='ocrx_word' id='word_1_178' title='bbox 695 2169 759 2232; x_wconf 81' lang='lat'><strong>638</strong></span> <span class='ocrx_word' id='word_1_179' title='bbox 790 2167 869 2232; x_wconf 92' lang='lat' dir='ltr'><strong>dicit</strong></span> <span class='ocrx_word' id='word_1_180' title='bbox 905 2187 1002 2244; x_wconf 89' lang='lat' dir='ltr'><strong>,usus</strong></span> <span class='ocrx_word' id='word_1_181' title='bbox 1031 2167 1163 2244; x_wconf 83' lang='lat' dir='ltr'><strong>habet“,</strong></span> <span class='ocrx_word' id='word_1_182' title='bbox 1193 2186 1330 2248; x_wconf 86' lang='lat' dir='ltr'><strong>gravem</strong></span> <span class='ocrx_word' id='word_1_183' title='bbox 1362 2185 1423 2249; x_wconf 94' lang='lat' dir='ltr'><strong>pro</strong></span> <span class='ocrx_word' id='word_1_184' title='bbox 1446 2185 1477 2228; x_wconf 87' lang='lat' dir='ltr'><strong>se</strong></span> <span class='ocrx_word' id='word_1_185' title='bbox 1510 2244 1513 2251; x_wconf 26' lang='grc' dir='ltr'>Ι</span> 
     </span>
     <span class='ocr_line' id='line_1_22' title="bbox 158 2254 1477 2339; baseline 0 -20"><span class='ocrx_word' id='word_1_186' title='bbox 158 2255 258 2320; x_wconf 92' lang='lat' dir='ltr'><strong>habet</strong></span> <span class='ocrx_word' id='word_1_187' title='bbox 281 2256 452 2323; x_wconf 90' lang='lat' dir='ltr'><strong>rationem.</strong></span> <span class='ocrx_word' id='word_1_188' title='bbox 500 2256 692 2323; x_wconf 86' lang='lat' dir='ltr'><strong>Necessitas</strong></span> <span class='ocrx_word' id='word_1_189' title='bbox 715 2278 773 2321; x_wconf 89' lang='lat' dir='ltr'><strong>seu</strong></span> <span class='ocrx_word' id='word_1_190' title='bbox 796 2255 953 2337; x_wconf 87' lang='lat' dir='ltr'><strong>obligatio</strong></span> <span class='ocrx_word' id='word_1_191' title='bbox 983 2255 1181 2339; x_wconf 88' lang='lat' dir='ltr'><strong>paenitentis</strong></span> <span class='ocrx_word' id='word_1_192' title='bbox 1211 2254 1322 2319; x_wconf 88' lang='lat' dir='ltr'><strong>omnia</strong></span> <span class='ocrx_word' id='word_1_193' title='bbox 1344 2258 1477 2337; x_wconf 87' lang='lat' dir='ltr'><strong>peccata</strong></span> 
     </span>
     <span class='ocr_line' id='line_1_23' title="bbox 159 2341 1478 2428; baseline -0.001 -21"><span class='ocrx_word' id='word_1_194' title='bbox 159 2344 287 2427; x_wconf 85' lang='lat' dir='ltr'><strong>integre</strong></span> <span class='ocrx_word' id='word_1_195' title='bbox 310 2344 498 2410; x_wconf 89' lang='lat' dir='ltr'><strong>declarandi</strong></span> <span class='ocrx_word' id='word_1_196' title='bbox 521 2366 585 2410; x_wconf 90' lang='lat' dir='ltr'><strong>non</strong></span> <span class='ocrx_word' id='word_1_197' title='bbox 609 2366 652 2410; x_wconf 86' lang='lat' dir='ltr'><strong>ex</strong></span> <span class='ocrx_word' id='word_1_198' title='bbox 675 2366 713 2409; x_wconf 92' lang='lat' dir='ltr'><strong>eo</strong></span> <span class='ocrx_word' id='word_1_199' title='bbox 737 2345 883 2428; x_wconf 90' lang='lat' dir='ltr'><strong>praecise</strong></span> <span class='ocrx_word' id='word_1_200' title='bbox 906 2345 1055 2423; x_wconf 86' lang='lat' dir='ltr'><strong>sumitur,</strong></span> <span class='ocrx_word' id='word_1_201' title='bbox 1080 2344 1166 2425; x_wconf 88' lang='lat' dir='ltr'><strong>quod</strong></span> <span class='ocrx_word' id='word_1_202' title='bbox 1189 2342 1412 2409; x_wconf 87' lang='lat' dir='ltr'><strong>confessarius</strong></span> <span class='ocrx_word' id='word_1_203' title='bbox 1434 2341 1478 2406; x_wconf 92' lang='lat' dir='ltr'><strong>di·</strong></span> 
     </span>
     <span class='ocr_line' id='line_1_24' title="bbox 159 2433 1478 2517; baseline -0.001 -20"><span class='ocrx_word' id='word_1_204' title='bbox 159 2433 313 2499; x_wconf 90' lang='lat' dir='ltr'><strong>stinctam</strong></span> <span class='ocrx_word' id='word_1_205' title='bbox 337 2433 498 2508; x_wconf 90' lang='lat' dir='ltr'><strong>notitiem,</strong></span> <span class='ocrx_word' id='word_1_206' title='bbox 524 2455 597 2498; x_wconf 90' lang='lat' dir='ltr'><strong>cum</strong></span> <span class='ocrx_word' id='word_1_207' title='bbox 620 2433 752 2510; x_wconf 90' lang='lat' dir='ltr'><strong>iudicet,</strong></span> <span class='ocrx_word' id='word_1_208' title='bbox 776 2433 896 2499; x_wconf 89' lang='lat' dir='ltr'><strong>habere</strong></span> <span class='ocrx_word' id='word_1_209' title='bbox 920 2433 1045 2516; x_wconf 81' lang='lat' dir='ltr'><strong>debeat,</strong></span> <span class='ocrx_word' id='word_1_210' title='bbox 1070 2433 1127 2498; x_wconf 90' lang='lat' dir='ltr'><strong>sed</strong></span> <span class='ocrx_word' id='word_1_211' title='bbox 1150 2436 1188 2498; x_wconf 92' lang='lat' dir='ltr'><strong>ut</strong></span> <span class='ocrx_word' id='word_1_212' title='bbox 1210 2433 1280 2517; x_wconf 91' lang='lat' dir='ltr'><strong>ipse</strong></span> <span class='ocrx_word' id='word_1_213' title='bbox 1303 2433 1478 2497; x_wconf 73' lang='lat' dir='ltr'><strong>discernere</strong></span> 
     </span>
     <span class='ocr_line' id='line_1_25' title="bbox 156 2520 1477 2607; baseline 0 -21"><span class='ocrx_word' id='word_1_214' title='bbox 156 2526 258 2607; x_wconf 80' lang='lat' dir='ltr'><strong>possit</strong></span> <span class='ocrx_word' id='word_1_215' title='bbox 280 2523 388 2589; x_wconf 91' lang='lat' dir='ltr'><strong>sintne</strong></span> <span class='ocrx_word' id='word_1_216' title='bbox 413 2523 542 2605; x_wconf 86' lang='lat' dir='ltr'><strong>singula</strong></span> <span class='ocrx_word' id='word_1_217' title='bbox 558 2529 695 2607; x_wconf 89' lang='lat' dir='ltr'><strong>peccata</strong></span> <span class='ocrx_word' id='word_1_218' title='bbox 718 2527 753 2588; x_wconf 89' lang='lat' dir='ltr'><strong>et</strong></span> <span class='ocrx_word' id='word_1_219' title='bbox 775 2522 808 2587; x_wconf 92' lang='lat' dir='ltr'><strong>in</strong></span> <span class='ocrx_word' id='word_1_220' title='bbox 825 2527 983 2604; x_wconf 91' lang='lat' dir='ltr'><strong>quantum</strong></span> <span class='ocrx_word' id='word_1_221' title='bbox 998 2522 1172 2606; x_wconf 89' lang='lat' dir='ltr'><strong>punienda,</strong></span> <span class='ocrx_word' id='word_1_222' title='bbox 1195 2520 1408 2598; x_wconf 89' lang='lat' dir='ltr'><strong>remittenda,</strong></span> <span class='ocrx_word' id='word_1_223' title='bbox 1431 2541 1477 2586; x_wconf 91' lang='lat' dir='ltr'><strong>re·</strong></span> 
     </span>
     <span class='ocr_line' id='line_1_26' title="bbox 159 2608 1477 2694; baseline -0.002 -17"><span class='ocrx_word' id='word_1_224' title='bbox 159 2611 302 2689; x_wconf 90' lang='lat' dir='ltr'><strong>tinenda,</strong></span> <span class='ocrx_word' id='word_1_225' title='bbox 327 2611 530 2694; x_wconf 90' lang='lat' dir='ltr'><strong>corrigenda.</strong></span> <span class='ocrx_word' id='word_1_226' title='bbox 563 2612 595 2677; x_wconf 89' lang='lat' dir='ltr'><strong>Si</strong></span> <span class='ocrx_word' id='word_1_227' title='bbox 619 2611 720 2694; x_wconf 89' lang='lat' dir='ltr'><strong>igitur</strong></span> <span class='ocrx_word' id='word_1_228' title='bbox 744 2611 861 2678; x_wconf 89' lang='lat' dir='ltr'><strong>notitia</strong></span> <span class='ocrx_word' id='word_1_229' title='bbox 876 2616 975 2677; x_wconf 90' lang='lat' dir='ltr'><strong>antea</strong></span> <span class='ocrx_word' id='word_1_230' title='bbox 1000 2611 1155 2678; x_wconf 88' lang='lat' dir='ltr'><strong>distincta</strong></span> <span class='ocrx_word' id='word_1_231' title='bbox 1179 2610 1227 2677; x_wconf 90' lang='lat' dir='ltr'><strong>ita</strong></span> <span class='ocrx_word' id='word_1_232' title='bbox 1250 2610 1357 2675; x_wconf 91' lang='lat' dir='ltr'><strong>adhuc</strong></span> <span class='ocrx_word' id='word_1_233' title='bbox 1380 2608 1477 2676; x_wconf 91' lang='lat' dir='ltr'><strong>menti</strong></span> 
     </span>
     <span class='ocr_line' id='line_1_27' title="bbox 159 2699 1478 2783; baseline -0.002 -18"><span class='ocrx_word' id='word_1_234' title='bbox 159 2701 350 2766; x_wconf 87' lang='lat' dir='ltr'><strong>confessarii</strong></span> <span class='ocrx_word' id='word_1_235' title='bbox 373 2701 538 2777; x_wconf 88' lang='lat' dir='ltr'><strong>inhaeret,</strong></span> <span class='ocrx_word' id='word_1_236' title='bbox 570 2701 633 2767; x_wconf 87' lang='lat' dir='ltr'><strong>etsi</strong></span> <span class='ocrx_word' id='word_1_237' title='bbox 663 2702 772 2783; x_wconf 90' lang='lat' dir='ltr'><strong>aliquo</strong></span> <span class='ocrx_word' id='word_1_238' title='bbox 796 2701 891 2765; x_wconf 93' lang='lat' dir='ltr'><strong>modo</strong></span> <span class='ocrx_word' id='word_1_239' title='bbox 915 2701 1067 2779; x_wconf 86' lang='lat' dir='ltr'><strong>confusa,</strong></span> <span class='ocrx_word' id='word_1_240' title='bbox 1101 2704 1138 2767; x_wconf 89' lang='lat' dir='ltr'><strong>ut</strong></span> <span class='ocrx_word' id='word_1_241' title='bbox 1160 2700 1194 2765; x_wconf 92' lang='lat' dir='ltr'><strong>in</strong></span> <span class='ocrx_word' id='word_1_242' title='bbox 1217 2699 1282 2766; x_wconf 89' lang='lat' dir='ltr'><strong>rite</strong></span> <span class='ocrx_word' id='word_1_243' title='bbox 1304 2700 1478 2766; x_wconf 89' lang='lat' dir='ltr'><strong>tractando</strong></span> 
     </span>
     <span class='ocr_line' id='line_1_28' title="bbox 158 2788 1478 2874; baseline 0 -20"><span class='ocrx_word' id='word_1_244' title='bbox 158 2790 347 2873; x_wconf 88' lang='lat' dir='ltr'><strong>paenitente</strong></span> <span class='ocrx_word' id='word_1_245' title='bbox 370 2791 440 2874; x_wconf 91' lang='lat' dir='ltr'><strong>ipse</strong></span> <span class='ocrx_word' id='word_1_246' title='bbox 463 2811 503 2855; x_wconf 89' lang='lat' dir='ltr'><strong>ea</strong></span> <span class='ocrx_word' id='word_1_247' title='bbox 526 2788 623 2872; x_wconf 86' lang='lat' dir='ltr'><strong>dirigi</strong></span> <span class='ocrx_word' id='word_1_248' title='bbox 646 2791 759 2873; x_wconf 90' lang='lat' dir='ltr'><strong>possit,</strong></span> <span class='ocrx_word' id='word_1_249' title='bbox 783 2811 847 2855; x_wconf 94' lang='lat' dir='ltr'><strong>non</strong></span> <span class='ocrx_word' id='word_1_250' title='bbox 871 2794 1003 2856; x_wconf 90' lang='lat' dir='ltr'><strong>tenetur</strong></span> <span class='ocrx_word' id='word_1_251' title='bbox 1027 2790 1068 2855; x_wconf 90' lang='lat' dir='ltr'><strong>de</strong></span> <span class='ocrx_word' id='word_1_252' title='bbox 1090 2811 1176 2855; x_wconf 93' lang='lat' dir='ltr'><strong>novo</strong></span> <span class='ocrx_word' id='word_1_253' title='bbox 1200 2788 1391 2856; x_wconf 87' lang='lat' dir='ltr'><strong>distinctam</strong></span> <span class='ocrx_word' id='word_1_254' title='bbox 1414 2811 1478 2854; x_wconf 94' lang='lat' dir='ltr'><strong>om·</strong></span> 
     </span>
     <span class='ocr_line' id='line_1_29' title="bbox 159 2878 943 2963; baseline 0.003 -21"><span class='ocrx_word' id='word_1_255' title='bbox 159 2879 245 2944; x_wconf 90' lang='lat' dir='ltr'><strong>nium</strong></span> <span class='ocrx_word' id='word_1_256' title='bbox 271 2885 478 2963; x_wconf 90' lang='lat' dir='ltr'><strong>peccatorum</strong></span> <span class='ocrx_word' id='word_1_257' title='bbox 503 2880 744 2946; x_wconf 88' lang='lat' dir='ltr'><strong>accusationem</strong></span> <span class='ocrx_word' id='word_1_258' title='bbox 767 2878 943 2963; x_wconf 91' lang='lat' dir='ltr'><strong>imponere.</strong></span> 
     </span>
    </p>
   </div>
   <div class='ocr_carea' id='block_1_4' title="bbox 159 2975 1515 3150">
    <p class='ocr_par' dir='ltr' id='par_1_4' title="bbox 159 2975 1515 3150">
     <span class='ocr_line' id='line_1_30' title="bbox 247 2975 1515 3060; baseline -0.003 -17"><span class='ocrx_word' id='word_1_259' title='bbox 247 2977 367 3055; x_wconf 85' lang='lat' dir='ltr'><strong>Quodsi</strong></span> <span class='ocrx_word' id='word_1_260' title='bbox 391 2978 544 3043; x_wconf 87' lang='lat' dir='ltr'><strong>sacerdos</strong></span> <span class='ocrx_word' id='word_1_261' title='bbox 574 2998 615 3042; x_wconf 91' lang='lat' dir='ltr'><strong>ne</strong></span> <span class='ocrx_word' id='word_1_262' title='bbox 645 2978 813 3042; x_wconf 87' lang='lat' dir='ltr'><strong>confusam</strong></span> <span class='ocrx_word' id='word_1_263' title='bbox 845 2977 974 3060; x_wconf 93' lang='lat' dir='ltr'><strong>quidem</strong></span> <span class='ocrx_word' id='word_1_264' title='bbox 996 2975 1148 3042; x_wconf 89' lang='lat' dir='ltr'><strong>notitiam</strong></span> <span class='ocrx_word' id='word_1_265' title='bbox 1178 2975 1338 3054; x_wconf 89' lang='lat' dir='ltr'><strong>retineat,</strong></span> <span class='ocrx_word' id='word_1_266' title='bbox 1370 2975 1478 3057; x_wconf 89' lang='lat' dir='ltr'><strong>utique</strong></span> <span class='ocrx_word' id='word_1_267' title='bbox 1511 2999 1515 3006; x_wconf 93' lang='lat'>·</span> 
     </span>
     <span class='ocr_line' id='line_1_31' title="bbox 159 3065 1477 3150; baseline -0.001 -21"><span class='ocrx_word' id='word_1_268' title='bbox 159 3086 244 3132; x_wconf 89' lang='lat' dir='ltr'><strong>nova</strong></span> <span class='ocrx_word' id='word_1_269' title='bbox 267 3071 477 3150; x_wconf 87' lang='lat' dir='ltr'><strong>peccatorum</strong></span> <span class='ocrx_word' id='word_1_270' title='bbox 501 3066 667 3132; x_wconf 89' lang='lat' dir='ltr'><strong>enarratio</strong></span> <span class='ocrx_word' id='word_1_271' title='bbox 690 3066 722 3131; x_wconf 94' lang='lat' dir='ltr'><strong>in</strong></span> <span class='ocrx_word' id='word_1_272' title='bbox 746 3066 928 3150; x_wconf 91' lang='lat' dir='ltr'><strong>posteriore</strong></span> <span class='ocrx_word' id='word_1_273' title='bbox 952 3087 1028 3131; x_wconf 91' lang='lat' dir='ltr'><strong>casu</strong></span> <span class='ocrx_word' id='word_1_274' title='bbox 1057 3086 1078 3131; x_wconf 92' lang='lat' dir='ltr'><strong>a</strong></span> <span class='ocrx_word' id='word_1_275' title='bbox 1101 3065 1236 3131; x_wconf 82' lang='lat' dir='ltr'><strong>Callisto</strong></span> <span class='ocrx_word' id='word_1_276' title='bbox 1260 3066 1350 3149; x_wconf 83' lang='lat' dir='ltr'><strong>exigi</strong></span> <span class='ocrx_word' id='word_1_277' title='bbox 1374 3066 1477 3131; x_wconf 90' lang='lat' dir='ltr'><strong>debat.</strong></span> 
     </span>
    </p>
   </div>
   <div class='ocr_carea' id='block_1_5' title="bbox 333 3272 1299 3343">
    <p class='ocr_par' dir='ltr' id='par_1_5' title="bbox 333 3272 1299 3343">
     <span class='ocr_line' id='line_1_32' title="bbox 333 3272 1299 3343; baseline -0.002 -1"><span class='ocrx_word' id='word_1_278' title='bbox 333 3275 610 3343; x_wconf 80' lang='lat' dir='ltr'>SATISFAOTIO</span> <span class='ocrx_word' id='word_1_279' title='bbox 636 3274 999 3342; x_wconf 76' lang='lat' dir='ltr'><strong>SACRAMENTALIS</strong></span> <span class='ocrx_word' id='word_1_280' title='bbox 1023 3272 1299 3340; x_wconf 81' lang='lat' dir='ltr'><strong>IMPONENDA.</strong></span> 
     </span>
    </p>
   </div>
   <div class='ocr_carea' id='block_1_6' title="bbox 713 3433 919 3508">
    <p class='ocr_par' dir='ltr' id='par_1_6' title="bbox 713 3433 919 3508">
     <span class='ocr_line' id='line_1_33' title="bbox 713 3433 919 3508; baseline -0.024 -10"><span class='ocrx_word' id='word_1_281' title='bbox 713 3433 919 3508; x_wconf 80' lang='lat' dir='ltr'><strong>Gasns.(112)</strong></span> 
     </span>
    </p>
   </div>
   <div class='ocr_carea' id='block_1_7' title="bbox 156 3580 1522 4703">
    <p class='ocr_par' dir='ltr' id='par_1_7' title="bbox 156 3580 1522 4703">
     <span class='ocr_line' id='line_1_34' title="bbox 247 3580 1515 3672; baseline -0.002 -29"><span class='ocrx_word' id='word_1_282' title='bbox 247 3584 404 3643; x_wconf 89' lang='lat' dir='ltr'><strong>Iansenius</strong></span> <span class='ocrx_word' id='word_1_283' title='bbox 425 3585 581 3661; x_wconf 66' lang='lat' dir='ltr'><strong>parochus</strong></span> <span class='ocrx_word' id='word_1_284' title='bbox 603 3583 652 3659; x_wconf 93' lang='lat' dir='ltr'><strong>qui</strong></span> <span class='ocrx_word' id='word_1_285' title='bbox 674 3584 755 3642; x_wconf 88' lang='lat' dir='ltr'><strong>solus</strong></span> <span class='ocrx_word' id='word_1_286' title='bbox 774 3588 820 3642; x_wconf 90' lang='lat' dir='ltr'><strong>est</strong></span> <span class='ocrx_word' id='word_1_287' title='bbox 807 3581 1058 3641; x_wconf 84' lang='lat' dir='ltr'><strong>tconfessarius</strong></span> <span class='ocrx_word' id='word_1_288' title='bbox 1050 3602 1081 3640; x_wconf 92' lang='lat' dir='ltr'><strong>m</strong></span> <span class='ocrx_word' id='word_1_289' title='bbox 1096 3580 1245 3672; x_wconf 91' lang='lat' dir='ltr'><strong>parochia,</strong></span> <span class='ocrx_word' id='word_1_290' title='bbox 1268 3599 1326 3658; x_wconf 89' lang='lat' dir='ltr'><strong>quo</strong></span> <span class='ocrx_word' id='word_1_291' title='bbox 1340 3581 1477 3642; x_wconf 88' lang='lat' dir='ltr'><strong>maiorem</strong></span> <span class='ocrx_word' id='word_1_292' title='bbox 1509 3594 1515 3605; x_wconf 81' lang='grc'><strong>’</strong></span> 
     </span>
     <span class='ocr_line' id='line_1_35' title="bbox 158 3659 1477 3755; baseline -0.002 -33"><span class='ocrx_word' id='word_1_293' title='bbox 158 3664 220 3723; x_wconf 83' lang='grc' dir='ltr'>ιιιίι</span> <span class='ocrx_word' id='word_1_294' title='bbox 242 3666 324 3722; x_wconf 89' lang='lat' dir='ltr'><strong>incut</strong></span> <span class='ocrx_word' id='word_1_295' title='bbox 325 3664 369 3723; x_wconf 88' lang='lat' dir='ltr'><strong>iat</strong></span> <span class='ocrx_word' id='word_1_296' title='bbox 389 3664 504 3741; x_wconf 90' lang='lat' dir='ltr'><strong>peccati</strong></span> <span class='ocrx_word' id='word_1_297' title='bbox 482 3664 686 3731; x_wconf 89' lang='lat' dir='ltr'><strong>t,h0rrorem</strong></span> <span class='ocrx_word' id='word_1_298' title='bbox 709 3662 948 3755; x_wconf 82' lang='lat' dir='ltr'><strong>quamprimum</strong></span> <span class='ocrx_word' id='word_1_299' title='bbox 962 3663 1072 3722; x_wconf 87' lang='lat' dir='ltr'><strong>audit&#39;</strong></span> <span class='ocrx_word' id='word_1_300' title='bbox 1064 3682 1094 3720; x_wconf 91' lang='lat' dir='ltr'><strong>m</strong></span> <span class='ocrx_word' id='word_1_301' title='bbox 1117 3659 1305 3720; x_wconf 83' lang='lat' dir='ltr'><strong>confessione</strong></span> <span class='ocrx_word' id='word_1_302' title='bbox 1327 3667 1477 3738; x_wconf 88' lang='lat' dir='ltr'><strong>peccatum</strong></span> 
     </span>
     <span class='ocr_line' id='line_1_36' title="bbox 157 3741 1478 3819; baseline -0.002 -16"><span class='ocrx_word' id='word_1_303' title='bbox 157 3765 265 3819; x_wconf 84' lang='lat' dir='ltr'><strong>grave,</strong></span> <span class='ocrx_word' id='word_1_304' title='bbox 286 3764 346 3803; x_wconf 92' lang='lat' dir='ltr'><strong>non</strong></span> <span class='ocrx_word' id='word_1_305' title='bbox 368 3744 495 3819; x_wconf 89' lang='lat' dir='ltr'><strong>denegat</strong></span> <span class='ocrx_word' id='word_1_306' title='bbox 515 3744 631 3818; x_wconf 89' lang='lat' dir='ltr'><strong>quidem</strong></span> <span class='ocrx_word' id='word_1_307' title='bbox 653 3743 779 3802; x_wconf 91' lang='lat' dir='ltr'><strong>absolut</strong></span> <span class='ocrx_word' id='word_1_308' title='bbox 757 3748 867 3802; x_wconf 78' lang='lat' dir='ltr'><strong>honam</strong></span> <span class='ocrx_word' id='word_1_309' title='bbox 888 3742 982 3802; x_wconf 87' lang='lat' dir='ltr'><strong>invito</strong></span> <span class='ocrx_word' id='word_1_310' title='bbox 991 3743 1048 3814; x_wconf 86' lang='lat' dir='ltr'><strong>‚si</strong></span> <span class='ocrx_word' id='word_1_311' title='bbox 1069 3742 1231 3819; x_wconf 89' lang='lat' dir='ltr'><strong>dispositus</strong></span> <span class='ocrx_word' id='word_1_312' title='bbox 1253 3741 1409 3814; x_wconf 85' lang='lat' dir='ltr'><strong>credatur,</strong></span> <span class='ocrx_word' id='word_1_313' title='bbox 1431 3742 1478 3801; x_wconf 88' lang='lat' dir='ltr'><strong>sed</strong></span> 
     </span>
     <span class='ocr_line' id='line_1_37' title="bbox 156 3790 1522 3901; baseline -0.001 -19"><span class='ocrx_word' id='word_1_314' title='bbox 156 3826 314 3884; x_wconf 89' lang='lat' dir='ltr'><strong>vehement</strong></span> <span class='ocrx_word' id='word_1_315' title='bbox 302 3830 348 3883; x_wconf 91' lang='lat' dir='ltr'><strong>etr</strong></span> <span class='ocrx_word' id='word_1_316' title='bbox 368 3824 527 3884; x_wconf 88' lang='lat' dir='ltr'><strong>suadetut</strong></span> <span class='ocrx_word' id='word_1_317' title='bbox 494 3829 615 3900; x_wconf 89' lang='lat' dir='ltr'><strong>uttpos</strong></span> <span class='ocrx_word' id='word_1_318' title='bbox 636 3829 787 3901; x_wconf 90' lang='lat' dir='ltr'><strong>peractam</strong></span> <span class='ocrx_word' id='word_1_319' title='bbox 808 3823 894 3899; x_wconf 90' lang='lat' dir='ltr'><strong>paoni</strong></span> <span class='ocrx_word' id='word_1_320' title='bbox 896 3790 1029 3893; x_wconf 85' lang='lat' dir='ltr'><strong>tentiahr,</strong></span> <span class='ocrx_word' id='word_1_321' title='bbox 1051 3842 1078 3882; x_wconf 84' lang='lat' dir='ltr'><strong>v</strong></span> <span class='ocrx_word' id='word_1_322' title='bbox 1096 3842 1124 3898; x_wconf 85' lang='lat' dir='ltr'><strong>g.</strong></span> <span class='ocrx_word' id='word_1_323' title='bbox 1145 3822 1330 3881; x_wconf 90' lang='lat' dir='ltr'><strong>hebdomada</strong></span> <span class='ocrx_word' id='word_1_324' title='bbox 1351 3823 1479 3899; x_wconf 89' lang='lat' dir='ltr'><strong>qualibet</strong></span> <span class='ocrx_word' id='word_1_325' title='bbox 1520 3883 1522 3896; x_wconf 36' lang='lat'><em>2</em></span> 
     </span>
     <span class='ocr_line' id='line_1_38' title="bbox 158 3902 1478 3980; baseline -0.001 -17"><span class='ocrx_word' id='word_1_326' title='bbox 158 3925 360 3980; x_wconf 87' lang='lat' dir='ltr'><strong>parmensem</strong></span> <span class='ocrx_word' id='word_1_327' title='bbox 383 3905 474 3964; x_wconf 89' lang='lat' dir='ltr'><strong>semel</strong></span> <span class='ocrx_word' id='word_1_328' title='bbox 495 3904 662 3972; x_wconf 91' lang='lat' dir='ltr'><strong>ieiunando,</strong></span> <span class='ocrx_word' id='word_1_329' title='bbox 684 3907 872 3962; x_wconf 87' lang='lat' dir='ltr'><strong>revertantur</strong></span> <span class='ocrx_word' id='word_1_330' title='bbox 893 3903 929 3961; x_wconf 88' lang='lat' dir='ltr'><strong>ad</strong></span> <span class='ocrx_word' id='word_1_331' title='bbox 947 3902 1144 3980; x_wconf 89' lang='lat' dir='ltr'><strong>recipiendam</strong></span> <span class='ocrx_word' id='word_1_332' title='bbox 1161 3902 1387 3964; x_wconf 87' lang='lat' dir='ltr'><strong>absolutionem</strong></span> <span class='ocrx_word' id='word_1_333' title='bbox 1419 3902 1478 3973; x_wconf 83' lang='lat' dir='ltr'><strong>Quo</strong></span> 
     </span>
     <span class='ocr_line' id='line_1_39' title="bbox 158 3983 1478 4063; baseline -0.001 -19"><span class='ocrx_word' id='word_1_334' title='bbox 158 3987 244 4044; x_wconf 78' lang='lat' dir='ltr'><strong>litut</strong></span> <span class='ocrx_word' id='word_1_335' title='bbox 211 3986 396 4063; x_wconf 87' lang='lat' dir='ltr'><strong>utplarique</strong></span> <span class='ocrx_word' id='word_1_336' title='bbox 416 3990 544 4044; x_wconf 87' lang='lat' dir='ltr'><strong>nonsta</strong></span> <span class='ocrx_word' id='word_1_337' title='bbox 546 3985 597 4043; x_wconf 92' lang='lat' dir='ltr'><strong>tim</strong></span> <span class='ocrx_word' id='word_1_338' title='bbox 620 3984 702 4044; x_wconf 89' lang='lat' dir='ltr'><strong>ads.</strong></span> <span class='ocrx_word' id='word_1_339' title='bbox 724 3984 932 4043; x_wconf 88' lang='lat' dir='ltr'><strong>eucharistiam</strong></span> <span class='ocrx_word' id='word_1_340' title='bbox 951 3984 1104 4052; x_wconf 90' lang='lat' dir='ltr'><strong>accedant</strong></span> <span class='ocrx_word' id='word_1_341' title='bbox 1127 3983 1478 4043; x_wconf 83' lang='lat' dir='ltr'><strong>sedunaalteravevice</strong></span> 
     </span>
     <span class='ocr_line' id='line_1_40' title="bbox 157 4030 1477 4142; baseline 0 -20"><span class='ocrx_word' id='word_1_342' title='bbox 157 4066 205 4123; x_wconf 87' lang='lat' dir='ltr'><strong>vel</strong></span> <span class='ocrx_word' id='word_1_343' title='bbox 226 4065 335 4142; x_wconf 89' lang='lat' dir='ltr'><strong>pluries</strong></span> <span class='ocrx_word' id='word_1_344' title='bbox 358 4066 495 4125; x_wconf 86' lang='lat' dir='ltr'><strong>differant</strong></span> <span class='ocrx_word' id='word_1_345' title='bbox 483 4071 548 4135; x_wconf 89' lang='grc' dir='ltr'>ιιιι,</span> <span class='ocrx_word' id='word_1_346' title='bbox 578 4070 661 4123; x_wconf 90' lang='grc' dir='ltr'>ιιιιι</span> <span class='ocrx_word' id='word_1_347' title='bbox 629 4084 734 4140; x_wconf 91' lang='lat' dir='ltr'><strong>uprc</strong></span> <span class='ocrx_word' id='word_1_348' title='bbox 756 4064 899 4140; x_wconf 90' lang='lat' dir='ltr'><strong>operariis</strong></span> <span class='ocrx_word' id='word_1_349' title='bbox 928 4064 991 4122; x_wconf 88' lang='lat' dir='ltr'><strong>dies</strong></span> <span class='ocrx_word' id='word_1_350' title='bbox 1021 4030 1159 4122; x_wconf 77' lang='lat' dir='ltr'><strong>dominici</strong></span> <span class='ocrx_word' id='word_1_351' title='bbox 1181 4064 1335 4124; x_wconf 89' lang='lat' dir='ltr'><strong>evaserint</strong></span> <span class='ocrx_word' id='word_1_352' title='bbox 1355 4063 1450 4124; x_wconf 89' lang='lat' dir='ltr'><strong>dies</strong></span> <span class='ocrx_word' id='word_1_353' title='bbox 1442 4083 1477 4122; x_wconf 79' lang='grc' dir='ltr'><strong>ιι</strong></span> 
     </span>
     <span class='ocr_line' id='line_1_41' title="bbox 156 4143 1517 4223; baseline -0.002 -19"><span class='ocrx_word' id='word_1_354' title='bbox 156 4146 238 4204; x_wconf 92' lang='lat' dir='ltr'><strong>iunii.</strong></span> <span class='ocrx_word' id='word_1_355' title='bbox 266 4147 352 4204; x_wconf 88' lang='lat' dir='ltr'><strong>Alias</strong></span> <span class='ocrx_word' id='word_1_356' title='bbox 367 4146 409 4204; x_wconf 85' lang='lat' dir='ltr'><strong>iis</strong></span> <span class='ocrx_word' id='word_1_357' title='bbox 431 4146 480 4221; x_wconf 91' lang='lat' dir='ltr'><strong>qui</strong></span> <span class='ocrx_word' id='word_1_358' title='bbox 502 4146 603 4204; x_wconf 89' lang='lat' dir='ltr'><strong>dicant</strong></span> <span class='ocrx_word' id='word_1_359' title='bbox 624 4165 656 4204; x_wconf 90' lang='lat' dir='ltr'><strong>se</strong></span> <span class='ocrx_word' id='word_1_360' title='bbox 677 4144 808 4203; x_wconf 88' lang='lat' dir='ltr'><strong>ieiunare</strong></span> <span class='ocrx_word' id='word_1_361' title='bbox 829 4164 889 4203; x_wconf 92' lang='lat' dir='ltr'><strong>non</strong></span> <span class='ocrx_word' id='word_1_362' title='bbox 910 4163 1007 4220; x_wconf 89' lang='lat' dir='ltr'><strong>posse,</strong></span> <span class='ocrx_word' id='word_1_363' title='bbox 1028 4144 1153 4219; x_wconf 89' lang='lat' dir='ltr'><strong>imponit</strong></span> <span class='ocrx_word' id='word_1_364' title='bbox 1166 4143 1351 4220; x_wconf 88' lang='lat' dir='ltr'><strong>perlongins</strong></span> <span class='ocrx_word' id='word_1_365' title='bbox 1364 4150 1478 4221; x_wconf 89' lang='lat' dir='ltr'><strong>tempus</strong></span> <span class='ocrx_word' id='word_1_366' title='bbox 1510 4195 1517 4223; x_wconf 77' lang='lat'>‚</span> 
     </span>
     <span class='ocr_line' id='line_1_42' title="bbox 157 4224 1476 4297; baseline 0 -13"><span class='ocrx_word' id='word_1_367' title='bbox 157 4232 190 4284; x_wconf 91' lang='lat' dir='ltr'><strong>ut</strong></span> <span class='ocrx_word' id='word_1_368' title='bbox 211 4226 285 4284; x_wconf 86' lang='lat' dir='ltr'><strong>seria</strong></span> <span class='ocrx_word' id='word_1_369' title='bbox 306 4226 338 4285; x_wconf 94' lang='lat' dir='ltr'><strong>II</strong></span> <span class='ocrx_word' id='word_1_370' title='bbox 359 4246 377 4284; x_wconf 93' lang='lat' dir='ltr'><strong>a</strong></span> <span class='ocrx_word' id='word_1_371' title='bbox 399 4245 497 4297; x_wconf 86' lang='lat' dir='ltr'><strong>carne,</strong></span> <span class='ocrx_word' id='word_1_372' title='bbox 519 4226 571 4285; x_wconf 84' lang='lat' dir='ltr'><strong>ier.</strong></span> <span class='ocrx_word' id='word_1_373' title='bbox 593 4225 640 4284; x_wconf 94' lang='grc' dir='ltr'><strong>ΙΙΙ</strong></span> <span class='ocrx_word' id='word_1_374' title='bbox 662 4227 698 4283; x_wconf 86' lang='lat' dir='ltr'><strong>ab</strong></span> <span class='ocrx_word' id='word_1_375' title='bbox 721 4225 801 4297; x_wconf 86' lang='lat' dir='ltr'><strong>ovis,</strong></span> <span class='ocrx_word' id='word_1_376' title='bbox 823 4225 875 4284; x_wconf 90' lang='lat' dir='ltr'><strong>fer.</strong></span> <span class='ocrx_word' id='word_1_377' title='bbox 898 4224 942 4282; x_wconf 92' lang='lat' dir='ltr'><strong>IV</strong></span> <span class='ocrx_word' id='word_1_378' title='bbox 963 4243 982 4282; x_wconf 88' lang='lat' dir='ltr'><strong>a</strong></span> <span class='ocrx_word' id='word_1_379' title='bbox 1001 4226 1125 4297; x_wconf 88' lang='lat' dir='ltr'><strong>butyro,</strong></span> <span class='ocrx_word' id='word_1_380' title='bbox 1147 4225 1200 4283; x_wconf 89' lang='lat' dir='ltr'><strong>fer.</strong></span> <span class='ocrx_word' id='word_1_381' title='bbox 1221 4225 1250 4281; x_wconf 92' lang='lat' dir='ltr'><strong>V</strong></span> <span class='ocrx_word' id='word_1_382' title='bbox 1271 4244 1290 4283; x_wconf 92' lang='lat' dir='ltr'><strong>a</strong></span> <span class='ocrx_word' id='word_1_383' title='bbox 1310 4224 1382 4285; x_wconf 86' lang='lat' dir='ltr'><strong>vino</strong></span> <span class='ocrx_word' id='word_1_384' title='bbox 1404 4231 1476 4294; x_wconf 89' lang='lat' dir='ltr'><strong>usto,</strong></span> 
     </span>
     <span class='ocr_line' id='line_1_43' title="bbox 157 4304 1477 4381; baseline 0.002 -18"><span class='ocrx_word' id='word_1_385' title='bbox 157 4307 210 4364; x_wconf 87' lang='lat' dir='ltr'><strong>fer.</strong></span> <span class='ocrx_word' id='word_1_386' title='bbox 226 4306 302 4365; x_wconf 88' lang='lat' dir='ltr'><strong>VIa</strong></span> <span class='ocrx_word' id='word_1_387' title='bbox 324 4306 454 4381; x_wconf 91' lang='lat' dir='ltr'><strong>quolibet</strong></span> <span class='ocrx_word' id='word_1_388' title='bbox 476 4312 547 4381; x_wconf 90' lang='lat' dir='ltr'><strong>potu</strong></span> <span class='ocrx_word' id='word_1_389' title='bbox 567 4304 733 4363; x_wconf 90' lang='lat' dir='ltr'><strong>inebriante</strong></span> <span class='ocrx_word' id='word_1_390' title='bbox 755 4311 785 4363; x_wconf 90' lang='lat' dir='ltr'><strong>et</strong></span> <span class='ocrx_word' id='word_1_391' title='bbox 806 4307 930 4363; x_wconf 88' lang='lat' dir='ltr'><strong>sabbato</strong></span> <span class='ocrx_word' id='word_1_392' title='bbox 952 4325 970 4362; x_wconf 93' lang='lat' dir='ltr'><strong>a</strong></span> <span class='ocrx_word' id='word_1_393' title='bbox 987 4304 1057 4363; x_wconf 87' lang='lat' dir='ltr'><strong>vino</strong></span> <span class='ocrx_word' id='word_1_394' title='bbox 1079 4304 1264 4376; x_wconf 87' lang='lat' dir='ltr'><strong>abstineant;</strong></span> <span class='ocrx_word' id='word_1_395' title='bbox 1286 4305 1335 4363; x_wconf 89' lang='lat' dir='ltr'><strong>vel</strong></span> <span class='ocrx_word' id='word_1_396' title='bbox 1357 4305 1385 4365; x_wconf 91' lang='lat' dir='ltr'><strong>si</strong></span> <span class='ocrx_word' id='word_1_397' title='bbox 1406 4325 1477 4365; x_wconf 88' lang='lat' dir='ltr'><strong>corn·</strong></span> 
     </span>
     <span class='ocr_line' id='line_1_44' title="bbox 156 4385 1476 4462; baseline -0.001 -18"><span class='ocrx_word' id='word_1_398' title='bbox 156 4387 241 4461; x_wconf 87' lang='lat' dir='ltr'><strong>plura</strong></span> <span class='ocrx_word' id='word_1_399' title='bbox 263 4392 385 4462; x_wconf 88' lang='lat' dir='ltr'><strong>peccata</strong></span> <span class='ocrx_word' id='word_1_400' title='bbox 414 4385 549 4445; x_wconf 88' lang='lat' dir='ltr'><strong>mortalia</strong></span> <span class='ocrx_word' id='word_1_401' title='bbox 570 4386 727 4444; x_wconf 88' lang='lat' dir='ltr'><strong>commissa</strong></span> <span class='ocrx_word' id='word_1_402' title='bbox 753 4385 879 4454; x_wconf 81' lang='lat' dir='ltr'><strong>suerint,</strong></span> <span class='ocrx_word' id='word_1_403' title='bbox 908 4385 1032 4461; x_wconf 89' lang='lat' dir='ltr'><strong>imponit</strong></span> <span class='ocrx_word' id='word_1_404' title='bbox 1059 4385 1126 4444; x_wconf 67' lang='lat'><strong>30³⁰⁸</strong></span> <span class='ocrx_word' id='word_1_405' title='bbox 1150 4385 1271 4444; x_wconf 87' lang='lat' dir='ltr'><strong>litanias</strong></span> <span class='ocrx_word' id='word_1_406' title='bbox 1299 4390 1476 4456; x_wconf 78' lang='lat' dir='ltr'><strong>sanctorum,</strong></span> 
     </span>
     <span class='ocr_line' id='line_1_45' title="bbox 158 4464 1522 4541; baseline 0.001 -18"><span class='ocrx_word' id='word_1_407' title='bbox 158 4466 244 4524; x_wconf 63' lang='grc' dir='ltr'><strong>365ἰω</strong></span> <span class='ocrx_word' id='word_1_408' title='bbox 267 4468 410 4525; x_wconf 87' lang='lat' dir='ltr'><strong>rosarium</strong></span> <span class='ocrx_word' id='word_1_409' title='bbox 432 4468 465 4524; x_wconf 90' lang='lat' dir='ltr'><strong>B.</strong></span> <span class='ocrx_word' id='word_1_410' title='bbox 487 4467 600 4524; x_wconf 88' lang='lat' dir='ltr'><strong>Mariae</strong></span> <span class='ocrx_word' id='word_1_411' title='bbox 623 4466 658 4524; x_wconf 88' lang='lat' dir='ltr'><strong>V.</strong></span> <span class='ocrx_word' id='word_1_412' title='bbox 700 4466 809 4523; x_wconf 88' lang='lat' dir='ltr'><strong>Verum</strong></span> <span class='ocrx_word' id='word_1_413' title='bbox 831 4485 889 4523; x_wconf 90' lang='lat' dir='ltr'><strong>non</strong></span> <span class='ocrx_word' id='word_1_414' title='bbox 911 4484 978 4523; x_wconf 91' lang='lat' dir='ltr'><strong>raro</strong></span> <span class='ocrx_word' id='word_1_415' title='bbox 1006 4465 1178 4541; x_wconf 90' lang='lat' dir='ltr'><strong>parochiani</strong></span> <span class='ocrx_word' id='word_1_416' title='bbox 1201 4464 1335 4525; x_wconf 87' lang='lat' dir='ltr'><strong>Iansenii</strong></span> <span class='ocrx_word' id='word_1_417' title='bbox 1357 4486 1392 4525; x_wconf 87' lang='lat' dir='ltr'><strong>se</strong></span> <span class='ocrx_word' id='word_1_418' title='bbox 1414 4486 1478 4526; x_wconf 90' lang='lat' dir='ltr'><strong>con·</strong></span> <span class='ocrx_word' id='word_1_419' title='bbox 1520 4488 1522 4496; x_wconf 61' lang='lat'><strong>⁴</strong></span> 
     </span>
     <span class='ocr_line' id='line_1_46' title="bbox 156 4545 1477 4623; baseline 0.001 -20"><span class='ocrx_word' id='word_1_420' title='bbox 156 4548 255 4605; x_wconf 85' lang='lat' dir='ltr'><strong>ferunt</strong></span> <span class='ocrx_word' id='word_1_421' title='bbox 276 4547 311 4604; x_wconf 89' lang='lat' dir='ltr'><strong>ad</strong></span> <span class='ocrx_word' id='word_1_422' title='bbox 335 4547 490 4623; x_wconf 88' lang='lat' dir='ltr'><strong>parochias</strong></span> <span class='ocrx_word' id='word_1_423' title='bbox 512 4547 626 4604; x_wconf 85' lang='lat' dir='ltr'><strong>vicinas</strong></span> <span class='ocrx_word' id='word_1_424' title='bbox 647 4545 744 4621; x_wconf 90' lang='lat' dir='ltr'><strong>ibique</strong></span> <span class='ocrx_word' id='word_1_425' title='bbox 760 4546 937 4604; x_wconf 87' lang='lat' dir='ltr'><strong>confitentur</strong></span> <span class='ocrx_word' id='word_1_426' title='bbox 958 4565 990 4603; x_wconf 92' lang='lat' dir='ltr'><strong>se</strong></span> <span class='ocrx_word' id='word_1_427' title='bbox 1011 4565 1166 4621; x_wconf 88' lang='lat' dir='ltr'><strong>numquam</strong></span> <span class='ocrx_word' id='word_1_428' title='bbox 1181 4545 1211 4603; x_wconf 91' lang='lat' dir='ltr'><strong>in</strong></span> <span class='ocrx_word' id='word_1_429' title='bbox 1227 4545 1326 4606; x_wconf 91' lang='lat' dir='ltr'><strong>animo</strong></span> <span class='ocrx_word' id='word_1_430' title='bbox 1341 4546 1477 4607; x_wconf 87' lang='lat' dir='ltr'><strong>habuisse</strong></span> 
     </span>
     <span class='ocr_line' id='line_1_47' title="bbox 157 4626 1236 4703; baseline 0.003 -19"><span class='ocrx_word' id='word_1_431' title='bbox 157 4646 257 4684; x_wconf 88' lang='lat' dir='ltr'><strong>omnes</strong></span> <span class='ocrx_word' id='word_1_432' title='bbox 279 4627 346 4685; x_wconf 90' lang='lat' dir='ltr'><strong>illas</strong></span> <span class='ocrx_word' id='word_1_433' title='bbox 367 4626 565 4702; x_wconf 87' lang='lat' dir='ltr'><strong>paenitentias</strong></span> <span class='ocrx_word' id='word_1_434' title='bbox 586 4627 716 4703; x_wconf 89' lang='lat' dir='ltr'><strong>implere,</strong></span> <span class='ocrx_word' id='word_1_435' title='bbox 739 4645 828 4701; x_wconf 90' lang='lat' dir='ltr'><strong>seque</strong></span> <span class='ocrx_word' id='word_1_436' title='bbox 849 4631 950 4703; x_wconf 87' lang='lat' dir='ltr'><strong>petere</strong></span> <span class='ocrx_word' id='word_1_437' title='bbox 971 4626 1236 4687; x_wconf 89' lang='lat' dir='ltr'><strong>commutationem.</strong></span> 
     </span>
    </p>
   </div>
   <div class='ocr_carea' id='block_1_8' title="bbox 1506 4784 1517 4817">
    <p class='ocr_par' dir='ltr' id='par_1_8' title="bbox 1506 4784 1517 4817">
     <span class='ocr_line' id='line_1_48' title="bbox 1506 4784 1517 4817; baseline 0 0"><span class='ocrx_word' id='word_1_438' title='bbox 1506 4784 1517 4817; x_wconf 65' lang='lat' dir='ltr'><strong>b</strong></span> 
     </span>
    </p>
   </div>
   <div class='ocr_carea' id='block_1_9' title="bbox 0 0 1526 5172">
    <p class='ocr_par' dir='ltr' id='par_1_9' title="bbox 0 0 1526 5172">
     <span class='ocr_line' id='line_1_49' title="bbox 0 0 1526 5172; baseline 0 0"><span class='ocrx_word' id='word_1_439' title='bbox 0 0 1526 5172; x_wconf 95' lang='lat' dir='ltr'><strong> </strong></span> 
     </span>
    </p>
   </div>
  </div>
 </body>
</html>
