3044 5174
312 276 436 331 Minister
453 277 553 347 poenit.
574 307 607 316 -
627 295 725 332 causac
744 279 884 348 inquisitio
903 282 932 334 et
948 282 1105 349 recognitio.
1313 287 1376 352 287

135 456 234 522 Circa
250 454 490 532 contumeliam,
507 455 655 520 sisoium
672 457 861 523 dubitanter
876 457 996 523 crimen
1012 459 1183 543 expressit,
1201 460 1232 525 id
1249 460 1378 526 facilius

66 567 91 610 ι’
107 545 223 630 puella
252 545 386 627 garrula
416 550 528 611 manet
557 545 645 611 intra
674 546 794 612 limites
823 547 950 630 peccati
973 548 1120 614 venialis.
1168 548 1232 614 Sed
1255 551 1282 615 si
1307 550 1379 632 quis

66 640 174 702 ortam
207 635 451 719 persuasionem
485 635 648 719 exprimat
678 637 731 700 uel
763 657 900 718 gravem
933 637 1110 703 coancillae
1143 643 1376 722 contemptum,

66 725 78 788 l
102 747 164 809 per
187 744 225 788 sc
248 744 269 788 a
292 727 428 807 peccato
451 725 546 803 gravi
571 746 635 788 non
659 731 844 801 excusatur,
869 725 1011 791 maxime
1027 727 1055 791 si
1074 728 1170 793 homo
1186 728 1299 810 gravis
1315 733 1376 805 est,

66 813 102 895 rui
132 816 267 887 narrat;
297 812 435 893 ideoque
466 813 565 879 etiam
595 813 628 877 iu
658 815 720 878 hac
750 835 785 879 ro
808 834 962 880 numerus
992 823 1201 899 peccatorum
1224 822 1295 883 tum
1319 837 1377 882 ex·

66 904 239 968 »timendus
263 907 323 968 est.

245 1102 538 1169 PECCATORUM
560 1102 884 1169 ACCUSATORUM
906 1104 1183 1174 RECOGNITIO.

609 1268 719 1336 Casus.
740 1277 815 1345 (143)

138 1410 214 1470 Cato
237 1408 453 1469 confessionem
476 1408 588 1485 excipit
611 1409 639 1482 1)
661 1409 702 1486 pii
724 1409 830 1469 novitii
844 1410 977 1486 religiosi
992 1417 1061 1471 auto
1075 1412 1287 1471 hebdomadam
1310 1434 1376 1473 cou-

66 1491 121 1550 'essi
144 1491 195 1566 qui
217 1490 390 1548 confitetur:
412 1489 467 1547 Bis
488 1509 597 1566 pravas
620 1489 816 1565 cogitationes
837 1491 946 1561 habui,
968 1491 1022 1550 risi
1037 1493 1127 1552 semel
1149 1494 1187 1552 ad
1208 1493 1376 1566 inhonesta,

66 1591 115 1630 :um
137 1570 338 1646 repugnantia
359 1569 517 1645 aliquoties
545 1570 603 1628 feci
632 1590 707 1646 quae
735 1571 806 1629 mihi
826 1572 967 1630 mandata
995 1577 1089 1631 erunt.
1131 1575 1161 1645 2)
1183 1574 1310 1632 hominis
1331 1595 1376 1633 ru·

66 1651 117 1711 tici
138 1671 157 1709 a
179 1655 320 1726 quattuor
340 1649 491 1709 mensibus
512 1669 570 1708 non
593 1650 722 1710 confessi
744 1651 792 1726 qui
814 1651 900 1710 dicit:
923 1652 1047 1728 Saepius
1062 1653 1152 1712 habui
1166 1673 1277 1730 pravas
1299 1655 1377 1730 cogi·

66 1733 178 1790 stiones
201 1730 382 1802 (accuratius
396 1730 607 1805 iuterrogatus,
631 1732 717 1790 dicit:
740 1731 786 1790 bis
801 1733 848 1790 vel
863 1738 909 1790 ter
929 1732 959 1790 iu
980 1733 1183 1803 hebdomoda),
1205 1735 1296 1792 semel
1317 1753 1377 1793 nou

67 1812 172 1871 uteriui
194 1831 281 1869 sacro
303 1811 350 1869 die
371 1811 458 1880 festo,
481 1811 659 1887 compluries
679 1811 796 1869 rixatus
817 1831 882 1872 sum
904 1818 934 1870 ct
957 1815 1067 1871 abusus
1082 1814 1196 1873 sanctis
1210 1814 1377 1874 nominibus

66 1892 156 1952 :otidis
178 1910 239 1950 uua
261 1892 393 1950 alterave
414 1890 488 1950 vice.

136 1971 271 2031 Priorem
287 1971 360 2030 Cato
375 1971 535 2040 examinat,
558 1990 627 2028 uum
641 1972 727 2047 plene
743 1970 913 2042 deliberate,
936 1992 1012 2048 quae
1027 1981 1232 2044 accusaverat,
1254 1974 1375 2046 fecerit;

66 2053 244 2127 posteriorem
265 2057 333 2128 post
354 2050 569 2125 interrogatum
599 2070 751 2108 numerum
772 2070 830 2110 uon
860 2053 986 2128 amplius
1014 2051 1195 2129 interrogat,
1224 2055 1277 2113 sed
1299 2055 1376 2114 datis

66 2132 191 2204 paribus
212 2130 333 2190 monitis
361 2131 505 2201 absolvit,
535 2130 669 2189 iudicans
697 2131 727 2189 iu
757 2151 790 2189 eo
819 2152 868 2190 res
895 2132 1043 2191 indicatas
1072 2134 1230 2193 sumendas
1258 2154 1325 2193 esse
1345 2134 1377 2193 in
1469 2141 1479 2156 ’

66 2213 177 2285 ¹ociorem
200 2217 331 2288 partem;
355 2210 485 2286 alioquin
508 2230 572 2269 eum
595 2210 770 2270 omissurum
793 2212 885 2271 fuisse
907 2213 1136 2274 accusationem.

66 2321 228 2392 tonsurans
250 2329 279 2385 1ο
300 2327 386 2402 quale
408 2326 547 2385 iudicium
575 2327 632 2385 sibi
660 2327 863 2387 confessarius
890 2329 1018 2387 formare
1046 2330 1153 2388 debeat
1180 2330 1216 2389 de
1244 2330 1377 2406 peccatis

304 2426 461 2482 eorumque
482 2408 603 2466 malitia.

248 2507 279 2563 2⁰
300 2505 378 2564 sitne
399 2512 431 2563 et
450 2506 566 2581 quando
589 2525 627 2564 ex
648 2505 888 2583 praesumptione
908 2505 1105 2565 iudicandum.

249 2607 279 2662 3⁰
301 2603 413 2662 Catone
434 2609 516 2663 recte
535 2608 768 2682 pruemmptiouc
789 2623 860 2663 usus
882 2603 929 2663 sit.

647 2786 781 2854 Solutio.

138 2929 473 3005 Anousss1uurrl³²
504 2928 542 2996 R.
570 2931 597 2993 1.
645 2927 871 2993 Confessarius
900 2927 1045 2993 iudicare
1076 2929 1188 3005 debet,
1220 2931 1440 3011 quantum504

66 3018 397 3174 roralitprtppptspbile
420 3021 489 3096 est,
514 3021 624 3082 utrum
648 3016 771 3082 fuerint
794 3021 931 3101 peccata
956 3018 1109 3084 mortalia
1133 3038 1249 3096 necne,
1275 3038 1378 3099 eaque

66 3129 158 3194 pecie
204 3129 232 3172 rs
341 3160 347 3172 .

138 3216 179 3282 R.
206 3217 235 3282 2.
283 3215 361 3280 Cum
385 3214 446 3280 hoc
476 3213 627 3278 iudicium
659 3213 801 3296 pendeat
824 3213 865 3278 ab
889 3213 1037 3279 obiectioc
1067 3213 1114 3278 rei
1145 3213 1271 3279 malitia
1301 3216 1378 3278 eta

66 3307 221 3386 abiectius
245 3303 502 3388 apprehensione
526 3307 560 3369 et
583 3301 807 3368 advertentis:
832 3302 871 3367 de
894 3302 1002 3385 priore
1026 3301 1181 3368 iudicabit
1202 3303 1377 3367 secundum

66 3395 221 3461 cientium
252 3392 487 3475 theologicam
521 3393 561 3457 de
592 3392 774 3475 posteriorc
804 3391 857 3455 vel
890 3392 1079 3456 coniectura
1109 3393 1162 3456 vel
1194 3391 1379 3474 interroga·

66 3487 139 3551 ione
164 3482 337 3548 constabit.

139 3572 288 3649 Scilicet,
319 3569 380 3636 uisi
412 3591 453 3636 ex
483 3568 738 3636 circumstantiis
767 3569 832 3634 iam
859 3573 1003 3646 constet,
1036 3568 1303 3652 interrogandum
1328 3577 1379 3637 est

67 3684 86 3728 e
119 3666 215 3726 actus
245 3659 446 3744 perfectione
476 3659 530 3724 vel
559 3659 823 3742 imperfectione,
854 3679 929 3722 num
960 3659 1060 3724 fuerit
1091 3680 1163 3724 cum
1192 3661 1290 3743 plena
1321 3661 1378 3725 ad-

68 3751 216 3817 ertentia
247 3755 280 3816 et
311 3770 470 3816 consensu
492 3751 647 3831 -quod
677 3749 764 3813 circa
793 3748 923 3813 iuterna
954 3748 1082 3831 quidem
1113 3753 1250 3831 peccata
1280 3769 1379 3832 saepe

66 3840 320 3921 rterrogandum
344 3841 404 3916 est,
430 3837 470 3902 de
494 3837 639 3902 externis
662 3859 748 3903 raro.
789 3836 908 3914 Quodsi
934 3837 973 3902 de
992 3842 1068 3903 actu
1081 3839 1220 3922 perfecto
1237 3842 1377 3914 constat,

66 3929 234 3995 ubiectiva
266 3927 410 3992 malitiae
442 3925 658 4010 apprehensio
691 3927 854 3992 censenda
886 3933 938 3993 est
972 3928 1063 3992 facta
1096 3948 1168 3991 esse
1202 3927 1377 3990 secundum

66 4018 247 4085 biectivam
265 4017 313 4082 rei
328 4015 497 4094 malitiam,
523 4015 583 4080 nisi
603 4017 635 4080 in
653 4016 850 4082 contrarium
868 4016 980 4097 gravis
997 4016 1081 4081 ratio
1098 4015 1194 4092 adsit,
1220 4014 1376 4096 siquidem

66 4115 303 4174 raesumuutur
335 4105 483 4170 homiues
517 4110 610 4170 recta
645 4105 843 4170 conscientia
877 4105 942 4180 uti;
979 4105 1075 4187 idque
1110 4126 1148 4169 eo
1180 4104 1286 4185 magis
1319 4125 1378 4186 pro

66 4197 167 4280 egula
196 4196 352 4273 hahetur,
384 4195 469 4277 quod
499 4195 598 4259 rudes
627 4194 773 4258 homines
803 4193 998 4275 interrogati
1020 4216 1093 4276 ,qua
1122 4193 1320 4258 couscientia
1345 4197 1379 4258 et

66 4286 198 4352 ualitiac
221 4285 479 4370 apprehensione
502 4285 646 4365 egerint,
678 4303 777 4367 saepe
804 4283 884 4346 nihil
914 4288 1051 4366 possunt
1080 4283 1293 4366 respondere,
1325 4282 1378 4345 vel

66 4397 110 4441 »ro
142 4375 270 4440 diverso
300 4373 526 4455 interrogandi
555 4373 650 4437 modo
681 4372 721 4437 de
752 4372 866 4437 eadem
889 4394 925 4436 re
950 4372 1115 4437 contraria
1142 4392 1275 4455 prorsus
1299 4371 1379 4436 dant

66 4486 219 4548 esponsa.
266 4465 315 4528 De
347 4467 456 4528 cetero
487 4484 550 4528 non
580 4483 655 4527 raro
687 4461 906 4527 confessarius
936 4461 1097 4526 rationem
1127 4460 1259 4525 habebit
1287 4460 1379 4523 dubi·

66 4554 143 4619 audi
173 4553 270 4635 idque
293 4553 389 4617 modo
413 4573 477 4618 uon
505 4550 649 4628 solubili,
680 4551 729 4617 ita
753 4555 790 4617 ut
813 4555 938 4615 certum
961 4549 1113 4615 iudicium
1138 4550 1198 4614 Dei
1222 4549 1379 4615 scientiae

66 4643 100 4708 sit
120 4643 382 4725 relinquendum,
417 4640 635 4707 confessarius
665 4641 753 4707 ultra
784 4640 1004 4706 coniecturam
1028 4661 1201 4721 assurgere
1225 4645 1377 4722 nequeat.
