<?xml version="1.0" encoding="UTF-8"?>
<!DOCTYPE html PUBLIC "-//W3C//DTD XHTML 1.0 Transitional//EN"
    "http://www.w3.org/TR/xhtml1/DTD/xhtml1-transitional.dtd">
<html xmlns="http://www.w3.org/1999/xhtml" xml:lang="en" lang="en">
 <head>
  <title>
</title>
<meta http-equiv="Content-Type" content="text/html;charset=utf-8" />
  <meta name='ocr-system' content='tesseract 3.04.00' />
  <meta name='ocr-capabilities' content='ocr_page ocr_carea ocr_par ocr_line ocrx_word'/>
</head>
<body>
  <div class='ocr_page' id='page_1' title='image "./casusconscienti00lehmgoog_0168.png"; bbox 0 0 3044 5174; ppageno 0'>
   <div class='ocr_carea' id='block_1_1' title="bbox 144 277 950 348">
    <p class='ocr_par' dir='ltr' id='par_1_1' title="bbox 144 277 950 348">
     <span class='ocr_line' id='line_1_1' title="bbox 144 277 950 348; baseline -0.009 -8"><span class='ocrx_word' id='word_1_1' title='bbox 144 283 207 348; x_wconf 85' lang='lat'>146</span> <span class='ocrx_word' id='word_1_2' title='bbox 663 277 703 333; x_wconf 90' lang='lat' dir='ltr'>De</span> <span class='ocrx_word' id='word_1_3' title='bbox 721 295 759 334; x_wconf 91' lang='lat' dir='ltr'>ss.</span> <span class='ocrx_word' id='word_1_4' title='bbox 777 277 950 333; x_wconf 70' lang='lat' dir='ltr'>eucharistia.</span> 
     </span>
    </p>
   </div>
   <div class='ocr_carea' id='block_1_2' title="bbox 140 452 1471 675">
    <p class='ocr_par' dir='ltr' id='par_1_2' title="bbox 140 452 1471 675">
     <span class='ocr_line' id='line_1_2' title="bbox 142 452 1471 530; baseline 0 -16"><span class='ocrx_word' id='word_1_5' title='bbox 142 456 361 526; x_wconf 79' lang='lat' dir='ltr'>celebraverat,</span> <span class='ocrx_word' id='word_1_6' title='bbox 391 459 480 530; x_wconf 83' lang='lat' dir='ltr'>atque</span> <span class='ocrx_word' id='word_1_7' title='bbox 501 453 591 513; x_wconf 89' lang='lat' dir='ltr'>etiam</span> <span class='ocrx_word' id='word_1_8' title='bbox 611 452 642 512; x_wconf 92' lang='lat' dir='ltr'>in</span> <span class='ocrx_word' id='word_1_9' title='bbox 663 455 735 513; x_wconf 92' lang='lat' dir='ltr'>urbe</span> <span class='ocrx_word' id='word_1_10' title='bbox 757 453 835 530; x_wconf 90' lang='lat' dir='ltr'>apud</span> <span class='ocrx_word' id='word_1_11' title='bbox 855 452 967 513; x_wconf 90' lang='lat' dir='ltr'>amicos</span> <span class='ocrx_word' id='word_1_12' title='bbox 988 458 1018 512; x_wconf 91' lang='lat' dir='ltr'>et</span> <span class='ocrx_word' id='word_1_13' title='bbox 1039 459 1183 528; x_wconf 86' lang='lat' dir='ltr'>cognatos</span> <span class='ocrx_word' id='word_1_14' title='bbox 1204 453 1235 513; x_wconf 90' lang='lat' dir='ltr'>iu</span> <span class='ocrx_word' id='word_1_15' title='bbox 1257 473 1360 514; x_wconf 88' lang='lat' dir='ltr'>eorum</span> <span class='ocrx_word' id='word_1_16' title='bbox 1381 455 1471 514; x_wconf 90' lang='lat' dir='ltr'>domi·</span> 
     </span>
     <span class='ocr_line' id='line_1_3' title="bbox 141 533 1469 612; baseline 0.001 -18"><span class='ocrx_word' id='word_1_17' title='bbox 141 537 196 594; x_wconf 91' lang='lat' dir='ltr'>bus</span> <span class='ocrx_word' id='word_1_18' title='bbox 218 535 248 593; x_wconf 92' lang='lat' dir='ltr'>in</span> <span class='ocrx_word' id='word_1_19' title='bbox 269 535 405 594; x_wconf 90' lang='lat' dir='ltr'>cubiculo</span> <span class='ocrx_word' id='word_1_20' title='bbox 427 541 497 594; x_wconf 91' lang='lat' dir='ltr'>actu</span> <span class='ocrx_word' id='word_1_21' title='bbox 518 533 555 593; x_wconf 91' lang='lat' dir='ltr'>ad</span> <span class='ocrx_word' id='word_1_22' title='bbox 576 534 633 592; x_wconf 92' lang='lat' dir='ltr'>hoc</span> <span class='ocrx_word' id='word_1_23' title='bbox 654 533 875 611; x_wconf 87' lang='lat' dir='ltr'>praeparando,</span> <span class='ocrx_word' id='word_1_24' title='bbox 903 533 1002 609; x_wconf 86' lang='lat' dir='ltr'>ibique</span> <span class='ocrx_word' id='word_1_25' title='bbox 1022 533 1162 594; x_wconf 78' lang='lat' dir='ltr'>membris</span> <span class='ocrx_word' id='word_1_26' title='bbox 1188 533 1321 594; x_wconf 88' lang='lat' dir='ltr'>familiae</span> <span class='ocrx_word' id='word_1_27' title='bbox 1342 534 1469 612; x_wconf 89' lang='lat' dir='ltr'>aliisque</span> 
     </span>
     <span class='ocr_line' id='line_1_4' title="bbox 140 612 961 675; baseline -0.002 -1"><span class='ocrx_word' id='word_1_28' title='bbox 140 616 248 675; x_wconf 83' lang='lat' dir='ltr'>vicinis</span> <span class='ocrx_word' id='word_1_29' title='bbox 270 615 481 675; x_wconf 77' lang='lat' dir='ltr'>assistentibus</span> <span class='ocrx_word' id='word_1_30' title='bbox 503 634 526 675; x_wconf 92' lang='lat' dir='ltr'>s.</span> <span class='ocrx_word' id='word_1_31' title='bbox 549 614 782 673; x_wconf 91' lang='lat' dir='ltr'>communionem</span> <span class='ocrx_word' id='word_1_32' title='bbox 803 612 961 673; x_wconf 80' lang='lat' dir='ltr'>distribuit.</span> 
     </span>
    </p>
   </div>
   <div class='ocr_carea' id='block_1_3' title="bbox 140 727 1467 870">
    <p class='ocr_par' dir='ltr' id='par_1_3' title="bbox 140 727 1467 870">
     <span class='ocr_line' id='line_1_5' title="bbox 140 727 1467 869; baseline 0.001 -80"><span class='ocrx_word' id='word_1_33' title='bbox 140 728 317 799; x_wconf 76' lang='lat' dir='ltr'>Qnaasunun</span> <span class='ocrx_word' id='word_1_34' title='bbox 339 731 368 789; x_wconf 81' lang='grc' dir='ltr'>1ο</span> <span class='ocrx_word' id='word_1_35' title='bbox 388 729 498 869; x_wconf 52' lang='grc' dir='ltr'>(ὲιιίῒςὶῖ</span> <span class='ocrx_word' id='word_1_36' title='bbox 513 748 625 822; x_wconf 60' lang='grc' dir='ltr'>ρθῃειιε</span> <span class='ocrx_word' id='word_1_37' title='bbox 645 728 799 821; x_wconf 77' lang='lat' dir='ltr'>facultatis</span> <span class='ocrx_word' id='word_1_38' title='bbox 814 727 918 788; x_wconf 90' lang='lat' dir='ltr'>altaris</span> <span class='ocrx_word' id='word_1_39' title='bbox 932 727 1092 805; x_wconf 89' lang='lat' dir='ltr'>portatilis,</span> <span class='ocrx_word' id='word_1_40' title='bbox 1113 728 1237 790; x_wconf 88' lang='lat' dir='ltr'>oratorii</span> <span class='ocrx_word' id='word_1_41' title='bbox 1249 728 1371 807; x_wconf 85' lang='lat' dir='ltr'>privati,</span> <span class='ocrx_word' id='word_1_42' title='bbox 1394 732 1467 790; x_wconf 89' lang='lat' dir='ltr'>cele·</span> 
     </span>
     <span class='ocr_line' id='line_1_6' title="bbox 413 828 689 870; baseline 0 -2"><span class='ocrx_word' id='word_1_43' title='bbox 413 829 446 868; x_wconf 90' lang='lat' dir='ltr'>ra</span> <span class='ocrx_word' id='word_1_44' title='bbox 460 829 539 870; x_wconf 88' lang='lat' dir='ltr'>roms</span> <span class='ocrx_word' id='word_1_45' title='bbox 558 828 591 869; x_wconf 90' lang='lat' dir='ltr'>ru</span> <span class='ocrx_word' id='word_1_46' title='bbox 611 828 689 868; x_wconf 85' lang='lat' dir='ltr'>navr.</span> 
     </span>
    </p>
   </div>
   <div class='ocr_carea' id='block_1_4' title="bbox 341 905 1467 986">
    <p class='ocr_par' dir='ltr' id='par_1_4' title="bbox 341 905 1467 986">
     <span class='ocr_line' id='line_1_7' title="bbox 341 905 1467 986; baseline 0.004 -21"><span class='ocrx_word' id='word_1_47' title='bbox 341 907 372 965; x_wconf 77' lang='grc' dir='ltr'>2ο</span> <span class='ocrx_word' id='word_1_48' title='bbox 392 907 515 967; x_wconf 81' lang='lat' dir='ltr'>Cassius</span> <span class='ocrx_word' id='word_1_49' title='bbox 536 912 657 966; x_wconf 88' lang='lat' dir='ltr'>rectene</span> <span class='ocrx_word' id='word_1_50' title='bbox 678 906 851 982; x_wconf 80' lang='lat' dir='ltr'>calargias</span> <span class='ocrx_word' id='word_1_51' title='bbox 871 905 1059 984; x_wconf 84' lang='lat' dir='ltr'>privilegium</span> <span class='ocrx_word' id='word_1_52' title='bbox 1075 925 1161 966; x_wconf 88' lang='lat' dir='ltr'>suum</span> <span class='ocrx_word' id='word_1_53' title='bbox 1180 905 1397 986; x_wconf 87' lang='lat' dir='ltr'>interpretatus</span> <span class='ocrx_word' id='word_1_54' title='bbox 1419 910 1467 969; x_wconf 89' lang='lat' dir='ltr'>sit.</span> 
     </span>
    </p>
   </div>
   <div class='ocr_carea' id='block_1_5' title="bbox 735 1088 869 1156">
    <p class='ocr_par' dir='ltr' id='par_1_5' title="bbox 735 1088 869 1156">
     <span class='ocr_line' id='line_1_8' title="bbox 735 1088 869 1156; baseline 0 0"><span class='ocrx_word' id='word_1_55' title='bbox 735 1088 869 1156; x_wconf 84' lang='lat' dir='ltr'>Salutio.</span> 
     </span>
    </p>
   </div>
   <div class='ocr_carea' id='block_1_6' title="bbox 76 1230 1465 1923">
    <p class='ocr_par' dir='ltr' id='par_1_6' title="bbox 76 1230 1465 1923">
     <span class='ocr_line' id='line_1_9' title="bbox 76 1230 1465 1316; baseline 0.002 -21"><span class='ocrx_word' id='word_1_56' title='bbox 76 1242 129 1295; x_wconf 77' lang='lat'>253</span> <span class='ocrx_word' id='word_1_57' title='bbox 227 1234 280 1299; x_wconf 87' lang='lat' dir='ltr'>An</span> <span class='ocrx_word' id='word_1_58' title='bbox 310 1252 502 1309; x_wconf 77' lang='lat' dir='ltr'>ousasrrnn</span> <span class='ocrx_word' id='word_1_59' title='bbox 534 1234 572 1296; x_wconf 76' lang='lat'>1¹²</span> <span class='ocrx_word' id='word_1_60' title='bbox 592 1232 632 1298; x_wconf 90' lang='lat' dir='ltr'>R.</span> <span class='ocrx_word' id='word_1_61' title='bbox 665 1234 694 1299; x_wconf 94' lang='lat' dir='ltr'>l.</span> <span class='ocrx_word' id='word_1_62' title='bbox 741 1231 779 1297; x_wconf 93' lang='lat' dir='ltr'>ln</span> <span class='ocrx_word' id='word_1_63' title='bbox 812 1230 899 1297; x_wconf 91' lang='lat' dir='ltr'>omni</span> <span class='ocrx_word' id='word_1_64' title='bbox 930 1252 1007 1297; x_wconf 89' lang='lat' dir='ltr'>casu</span> <span class='ocrx_word' id='word_1_65' title='bbox 1038 1230 1258 1316; x_wconf 90' lang='lat' dir='ltr'>inspiciendus</span> <span class='ocrx_word' id='word_1_66' title='bbox 1288 1236 1341 1299; x_wconf 89' lang='lat' dir='ltr'>est</span> <span class='ocrx_word' id='word_1_67' title='bbox 1371 1237 1465 1300; x_wconf 90' lang='lat' dir='ltr'>tenor</span> 
     </span>
     <span class='ocr_line' id='line_1_10' title="bbox 137 1320 1463 1408; baseline 0.001 -22"><span class='ocrx_word' id='word_1_68' title='bbox 137 1320 301 1405; x_wconf 87' lang='lat' dir='ltr'>privilegii</span> <span class='ocrx_word' id='word_1_69' title='bbox 325 1321 410 1400; x_wconf 90' lang='lat' dir='ltr'>dati,</span> <span class='ocrx_word' id='word_1_70' title='bbox 444 1341 549 1403; x_wconf 88' lang='lat' dir='ltr'>neque</span> <span class='ocrx_word' id='word_1_71' title='bbox 572 1342 726 1403; x_wconf 89' lang='lat' dir='ltr'>umquam</span> <span class='ocrx_word' id='word_1_72' title='bbox 755 1320 843 1386; x_wconf 90' lang='lat' dir='ltr'>ultra</span> <span class='ocrx_word' id='word_1_73' title='bbox 873 1320 1083 1386; x_wconf 88' lang='lat' dir='ltr'>manifestum</span> <span class='ocrx_word' id='word_1_74' title='bbox 1106 1320 1177 1387; x_wconf 92' lang='lat' dir='ltr'>eius</span> <span class='ocrx_word' id='word_1_75' title='bbox 1204 1342 1337 1388; x_wconf 87' lang='lat' dir='ltr'>sensum</span> <span class='ocrx_word' id='word_1_76' title='bbox 1361 1323 1463 1408; x_wconf 83' lang='lat' dir='ltr'>accipi</span> 
     </span>
     <span class='ocr_line' id='line_1_11' title="bbox 138 1408 1463 1497; baseline 0.001 -21"><span class='ocrx_word' id='word_1_77' title='bbox 138 1414 259 1494; x_wconf 91' lang='lat' dir='ltr'>potest.</span> <span class='ocrx_word' id='word_1_78' title='bbox 305 1410 344 1475; x_wconf 93' lang='lat' dir='ltr'>In</span> <span class='ocrx_word' id='word_1_79' title='bbox 367 1410 494 1492; x_wconf 90' lang='lat' dir='ltr'>reliquo</span> <span class='ocrx_word' id='word_1_80' title='bbox 524 1414 635 1475; x_wconf 88' lang='lat' dir='ltr'>autem</span> <span class='ocrx_word' id='word_1_81' title='bbox 659 1409 833 1475; x_wconf 88' lang='lat' dir='ltr'>videndum</span> <span class='ocrx_word' id='word_1_82' title='bbox 864 1414 916 1475; x_wconf 91' lang='lat' dir='ltr'>est</span> <span class='ocrx_word' id='word_1_83' title='bbox 945 1414 1053 1475; x_wconf 91' lang='lat' dir='ltr'>utrum</span> <span class='ocrx_word' id='word_1_84' title='bbox 1085 1409 1130 1475; x_wconf 91' lang='lat' dir='ltr'>sit</span> <span class='ocrx_word' id='word_1_85' title='bbox 1158 1408 1368 1494; x_wconf 87' lang='lat' dir='ltr'>privilegium</span> <span class='ocrx_word' id='word_1_86' title='bbox 1391 1433 1463 1497; x_wconf 90' lang='lat' dir='ltr'>per·</span> 
     </span>
     <span class='ocr_line' id='line_1_12' title="bbox 138 1497 1462 1583; baseline 0.002 -19"><span class='ocrx_word' id='word_1_87' title='bbox 138 1500 250 1566; x_wconf 89' lang='lat' dir='ltr'>eonale</span> <span class='ocrx_word' id='word_1_88' title='bbox 272 1520 331 1565; x_wconf 89' lang='lat' dir='ltr'>seu</span> <span class='ocrx_word' id='word_1_89' title='bbox 353 1498 473 1566; x_wconf 90' lang='lat' dir='ltr'>intuitu</span> <span class='ocrx_word' id='word_1_90' title='bbox 496 1519 656 1583; x_wconf 86' lang='lat' dir='ltr'>personae</span> <span class='ocrx_word' id='word_1_91' title='bbox 677 1497 886 1582; x_wconf 83' lang='lat' dir='ltr'>particularis</span> <span class='ocrx_word' id='word_1_92' title='bbox 907 1498 948 1564; x_wconf 90' lang='lat' dir='ltr'>ad</span> <span class='ocrx_word' id='word_1_93' title='bbox 964 1499 1034 1564; x_wconf 90' lang='lat' dir='ltr'>eius</span> <span class='ocrx_word' id='word_1_94' title='bbox 1056 1498 1248 1565; x_wconf 78' lang='lat' dir='ltr'>instantiam</span> <span class='ocrx_word' id='word_1_95' title='bbox 1273 1500 1398 1578; x_wconf 90' lang='lat' dir='ltr'>datum,</span> <span class='ocrx_word' id='word_1_96' title='bbox 1423 1522 1462 1566; x_wconf 88' lang='lat' dir='ltr'>an</span> 
     </span>
     <span class='ocr_line' id='line_1_13' title="bbox 138 1586 1462 1666; baseline 0 -13"><span class='ocrx_word' id='word_1_97' title='bbox 138 1591 227 1655; x_wconf 90' lang='lat' dir='ltr'>reale</span> <span class='ocrx_word' id='word_1_98' title='bbox 250 1609 309 1655; x_wconf 89' lang='lat' dir='ltr'>seu</span> <span class='ocrx_word' id='word_1_99' title='bbox 330 1587 461 1666; x_wconf 91' lang='lat' dir='ltr'>intuitu,</span> <span class='ocrx_word' id='word_1_100' title='bbox 486 1588 505 1656; x_wconf 93' lang='lat' dir='ltr'>i.</span> <span class='ocrx_word' id='word_1_101' title='bbox 523 1608 551 1656; x_wconf 90' lang='lat' dir='ltr'>e.</span> <span class='ocrx_word' id='word_1_102' title='bbox 572 1587 606 1652; x_wconf 93' lang='lat' dir='ltr'>in</span> <span class='ocrx_word' id='word_1_103' title='bbox 629 1586 776 1653; x_wconf 88' lang='lat' dir='ltr'>favorem</span> <span class='ocrx_word' id='word_1_104' title='bbox 801 1586 1054 1665; x_wconf 86' lang='lat' dir='ltr'>communitatis,</span> <span class='ocrx_word' id='word_1_105' title='bbox 1078 1587 1296 1655; x_wconf 87' lang='lat' dir='ltr'>multitudinis</span> <span class='ocrx_word' id='word_1_106' title='bbox 1316 1593 1380 1655; x_wconf 86' lang='lat' dir='ltr'>etc.</span> <span class='ocrx_word' id='word_1_107' title='bbox 1398 1591 1462 1656; x_wconf 93' lang='lat' dir='ltr'>col·</span> 
     </span>
     <span class='ocr_line' id='line_1_14' title="bbox 137 1675 1461 1762; baseline 0.003 -20"><span class='ocrx_word' id='word_1_108' title='bbox 137 1677 251 1745; x_wconf 92' lang='lat' dir='ltr'>latum.</span> <span class='ocrx_word' id='word_1_109' title='bbox 297 1677 466 1745; x_wconf 86' lang='lat' dir='ltr'>Posterius</span> <span class='ocrx_word' id='word_1_110' title='bbox 489 1680 557 1753; x_wconf 88' lang='lat' dir='ltr'>est,</span> <span class='ocrx_word' id='word_1_111' title='bbox 589 1675 735 1760; x_wconf 81' lang='lat' dir='ltr'>legitimo</span> <span class='ocrx_word' id='word_1_112' title='bbox 765 1677 938 1742; x_wconf 87' lang='lat' dir='ltr'>verborum</span> <span class='ocrx_word' id='word_1_113' title='bbox 962 1697 1059 1741; x_wconf 90' lang='lat' dir='ltr'>sensu</span> <span class='ocrx_word' id='word_1_114' title='bbox 1083 1681 1233 1756; x_wconf 88' lang='lat' dir='ltr'>servato,</span> <span class='ocrx_word' id='word_1_115' title='bbox 1264 1677 1461 1762; x_wconf 90' lang='lat' dir='ltr'>interpreta-</span> 
     </span>
     <span class='ocr_line' id='line_1_15' title="bbox 136 1761 1461 1850; baseline 0.001 -18"><span class='ocrx_word' id='word_1_116' title='bbox 136 1766 235 1833; x_wconf 87' lang='lat' dir='ltr'>tionis</span> <span class='ocrx_word' id='word_1_117' title='bbox 258 1769 357 1850; x_wconf 85' lang='lat' dir='ltr'>lctae,</span> <span class='ocrx_word' id='word_1_118' title='bbox 388 1769 516 1832; x_wconf 83' lang='lat' dir='ltr'>strictae</span> <span class='ocrx_word' id='word_1_119' title='bbox 537 1761 818 1850; x_wconf 81' lang='lat' dir='ltr'>interpretationis</span> <span class='ocrx_word' id='word_1_120' title='bbox 841 1766 997 1844; x_wconf 90' lang='lat' dir='ltr'>alterum,</span> <span class='ocrx_word' id='word_1_121' title='bbox 1028 1765 1056 1831; x_wconf 91' lang='lat' dir='ltr'>si</span> <span class='ocrx_word' id='word_1_122' title='bbox 1079 1765 1209 1848; x_wconf 91' lang='lat' dir='ltr'>quidem</span> <span class='ocrx_word' id='word_1_123' title='bbox 1238 1767 1380 1850; x_wconf 82' lang='lat' dir='ltr'>derogat</span> <span class='ocrx_word' id='word_1_124' title='bbox 1402 1768 1461 1833; x_wconf 89' lang='lat' dir='ltr'>iuri</span> 
     </span>
     <span class='ocr_line' id='line_1_16' title="bbox 137 1877 308 1923; baseline 0.006 -1"><span class='ocrx_word' id='word_1_125' title='bbox 137 1877 308 1923; x_wconf 90' lang='lat' dir='ltr'>commum.</span> 
     </span>
    </p>
   </div>
   <div class='ocr_carea' id='block_1_7' title="bbox 135 1959 1462 2312">
    <p class='ocr_par' dir='ltr' id='par_1_7' title="bbox 135 1959 1462 2312">
     <span class='ocr_line' id='line_1_17' title="bbox 224 1959 1462 2045; baseline 0.002 -18"><span class='ocrx_word' id='word_1_126' title='bbox 224 1963 265 2028; x_wconf 90' lang='lat' dir='ltr'>R.</span> <span class='ocrx_word' id='word_1_127' title='bbox 290 1965 320 2029; x_wconf 83' lang='lat'>2.</span> <span class='ocrx_word' id='word_1_128' title='bbox 368 1959 512 2027; x_wconf 91' lang='lat' dir='ltr'>Oratorii</span> <span class='ocrx_word' id='word_1_129' title='bbox 535 1959 655 2044; x_wconf 90' lang='lat' dir='ltr'>privati</span> <span class='ocrx_word' id='word_1_130' title='bbox 680 1960 840 2037; x_wconf 85' lang='lat' dir='ltr'>facultas,</span> <span class='ocrx_word' id='word_1_131' title='bbox 871 1981 945 2026; x_wconf 86' lang='lat' dir='ltr'>curn</span> <span class='ocrx_word' id='word_1_132' title='bbox 967 1960 1107 2044; x_wconf 89' lang='lat' dir='ltr'>privatis</span> <span class='ocrx_word' id='word_1_133' title='bbox 1137 1960 1285 2045; x_wconf 88' lang='lat' dir='ltr'>personis</span> <span class='ocrx_word' id='word_1_134' title='bbox 1310 1962 1407 2029; x_wconf 91' lang='lat' dir='ltr'>detur</span> <span class='ocrx_word' id='word_1_135' title='bbox 1430 1969 1462 2030; x_wconf 90' lang='lat' dir='ltr'>et</span> 
     </span>
     <span class='ocr_line' id='line_1_18' title="bbox 136 2047 1460 2136; baseline 0.002 -21"><span class='ocrx_word' id='word_1_136' title='bbox 136 2072 172 2117; x_wconf 91' lang='lat' dir='ltr'>re</span> <span class='ocrx_word' id='word_1_137' title='bbox 195 2051 267 2136; x_wconf 91' lang='lat' dir='ltr'>ipsa</span> <span class='ocrx_word' id='word_1_138' title='bbox 290 2049 452 2116; x_wconf 90' lang='lat' dir='ltr'>communi</span> <span class='ocrx_word' id='word_1_139' title='bbox 481 2049 547 2132; x_wconf 86' lang='lat' dir='ltr'>legi</span> <span class='ocrx_word' id='word_1_140' title='bbox 570 2047 679 2130; x_wconf 75' lang='lat' dir='ltr'>(Trici.</span> <span class='ocrx_word' id='word_1_141' title='bbox 704 2070 784 2116; x_wconf 87' lang='lat' dir='ltr'>sess.</span> <span class='ocrx_word' id='word_1_142' title='bbox 811 2048 867 2131; x_wconf 82' lang='lat'>22)</span> <span class='ocrx_word' id='word_1_143' title='bbox 898 2049 1051 2131; x_wconf 85' lang='lat' dir='ltr'>deroget,</span> <span class='ocrx_word' id='word_1_144' title='bbox 1082 2053 1134 2116; x_wconf 87' lang='lat' dir='ltr'>est</span> <span class='ocrx_word' id='word_1_145' title='bbox 1163 2049 1301 2116; x_wconf 88' lang='lat' dir='ltr'>strictae</span> <span class='ocrx_word' id='word_1_146' title='bbox 1331 2052 1460 2118; x_wconf 91' lang='lat' dir='ltr'>omuino</span> 
     </span>
     <span class='ocr_line' id='line_1_19' title="bbox 135 2138 1459 2224; baseline 0.002 -19"><span class='ocrx_word' id='word_1_147' title='bbox 135 2138 436 2224; x_wconf 87' lang='lat' dir='ltr'>interpretationis,</span> <span class='ocrx_word' id='word_1_148' title='bbox 468 2159 573 2221; x_wconf 90' lang='lat' dir='ltr'>neque</span> <span class='ocrx_word' id='word_1_149' title='bbox 604 2139 693 2206; x_wconf 91' lang='lat' dir='ltr'>ultra</span> <span class='ocrx_word' id='word_1_150' title='bbox 722 2145 856 2204; x_wconf 88' lang='lat' dir='ltr'>missam</span> <span class='ocrx_word' id='word_1_151' title='bbox 885 2139 1086 2205; x_wconf 89' lang='lat' dir='ltr'>nominatam</span> <span class='ocrx_word' id='word_1_152' title='bbox 1116 2138 1161 2204; x_wconf 92' lang='lat' dir='ltr'>ibi</span> <span class='ocrx_word' id='word_1_153' title='bbox 1184 2138 1352 2206; x_wconf 89' lang='lat' dir='ltr'>celebrare</span> <span class='ocrx_word' id='word_1_154' title='bbox 1376 2140 1459 2217; x_wconf 88' lang='lat' dir='ltr'>licet,</span> 
     </span>
     <span class='ocr_line' id='line_1_20' title="bbox 137 2227 1328 2312; baseline 0 -17"><span class='ocrx_word' id='word_1_155' title='bbox 137 2251 241 2312; x_wconf 89' lang='lat' dir='ltr'>neque</span> <span class='ocrx_word' id='word_1_156' title='bbox 265 2229 339 2295; x_wconf 88' lang='lat' dir='ltr'>aliis</span> <span class='ocrx_word' id='word_1_157' title='bbox 362 2248 460 2310; x_wconf 87' lang='lat' dir='ltr'>quam</span> <span class='ocrx_word' id='word_1_158' title='bbox 482 2227 631 2312; x_wconf 90' lang='lat' dir='ltr'>personis</span> <span class='ocrx_word' id='word_1_159' title='bbox 654 2227 687 2293; x_wconf 93' lang='lat' dir='ltr'>in</span> <span class='ocrx_word' id='word_1_160' title='bbox 711 2228 904 2294; x_wconf 91' lang='lat' dir='ltr'>documento</span> <span class='ocrx_word' id='word_1_161' title='bbox 928 2228 1094 2311; x_wconf 87' lang='lat' dir='ltr'>expressis</span> <span class='ocrx_word' id='word_1_162' title='bbox 1117 2229 1328 2311; x_wconf 84' lang='lat' dir='ltr'>suffragatur.</span> 
     </span>
    </p>
   </div>
   <div class='ocr_carea' id='block_1_8' title="bbox 136 2333 1460 2864">
    <p class='ocr_par' dir='ltr' id='par_1_8' title="bbox 136 2333 1460 2864">
     <span class='ocr_line' id='line_1_21' title="bbox 225 2333 1459 2420; baseline 0.002 -20"><span class='ocrx_word' id='word_1_163' title='bbox 225 2335 265 2404; x_wconf 89' lang='lat' dir='ltr'>R.</span> <span class='ocrx_word' id='word_1_164' title='bbox 289 2338 319 2402; x_wconf 87' lang='grc'>3.</span> <span class='ocrx_word' id='word_1_165' title='bbox 367 2333 579 2417; x_wconf 84' lang='lat' dir='ltr'>Privilcgium</span> <span class='ocrx_word' id='word_1_166' title='bbox 602 2334 787 2399; x_wconf 90' lang='lat' dir='ltr'>celebrandi</span> <span class='ocrx_word' id='word_1_167' title='bbox 810 2333 843 2397; x_wconf 94' lang='lat' dir='ltr'>in</span> <span class='ocrx_word' id='word_1_168' title='bbox 867 2333 966 2413; x_wconf 91' lang='lat' dir='ltr'>mari,</span> <span class='ocrx_word' id='word_1_169' title='bbox 991 2355 1064 2400; x_wconf 91' lang='lat' dir='ltr'>cum</span> <span class='ocrx_word' id='word_1_170' title='bbox 1087 2333 1131 2400; x_wconf 89' lang='lat' dir='ltr'>sit</span> <span class='ocrx_word' id='word_1_171' title='bbox 1153 2334 1285 2400; x_wconf 91' lang='lat' dir='ltr'>omnino</span> <span class='ocrx_word' id='word_1_172' title='bbox 1308 2336 1459 2420; x_wconf 89' lang='lat' dir='ltr'>speciale,</span> 
     </span>
     <span class='ocr_line' id='line_1_22' title="bbox 137 2422 1460 2508; baseline 0.002 -19"><span class='ocrx_word' id='word_1_173' title='bbox 137 2424 324 2508; x_wconf 86' lang='lat' dir='ltr'>specialiter</span> <span class='ocrx_word' id='word_1_174' title='bbox 347 2423 445 2489; x_wconf 89' lang='lat' dir='ltr'>etiarn</span> <span class='ocrx_word' id='word_1_175' title='bbox 476 2423 636 2488; x_wconf 90' lang='lat' dir='ltr'>nominari</span> <span class='ocrx_word' id='word_1_176' title='bbox 669 2423 766 2489; x_wconf 88' lang='lat' dir='ltr'>debet</span> <span class='ocrx_word' id='word_1_177' title='bbox 795 2444 899 2504; x_wconf 90' lang='lat' dir='ltr'>neque</span> <span class='ocrx_word' id='word_1_178' title='bbox 929 2423 962 2487; x_wconf 92' lang='lat' dir='ltr'>in</span> <span class='ocrx_word' id='word_1_179' title='bbox 993 2422 1156 2489; x_wconf 90' lang='lat' dir='ltr'>communi</span> <span class='ocrx_word' id='word_1_180' title='bbox 1185 2423 1349 2491; x_wconf 85' lang='lat' dir='ltr'>facultate</span> <span class='ocrx_word' id='word_1_181' title='bbox 1378 2426 1460 2491; x_wconf 90' lang='lat' dir='ltr'>cele·</span> 
     </span>
     <span class='ocr_line' id='line_1_23' title="bbox 137 2511 1459 2597; baseline 0.002 -19"><span class='ocrx_word' id='word_1_182' title='bbox 137 2513 251 2578; x_wconf 90' lang='lat' dir='ltr'>brandi</span> <span class='ocrx_word' id='word_1_183' title='bbox 275 2512 307 2577; x_wconf 92' lang='lat' dir='ltr'>in</span> <span class='ocrx_word' id='word_1_184' title='bbox 332 2512 429 2578; x_wconf 88' lang='lat' dir='ltr'>altari</span> <span class='ocrx_word' id='word_1_185' title='bbox 452 2511 600 2596; x_wconf 90' lang='lat' dir='ltr'>portatili</span> <span class='ocrx_word' id='word_1_186' title='bbox 624 2512 917 2596; x_wconf 89' lang='lat' dir='ltr'>comprehenditur.</span> <span class='ocrx_word' id='word_1_187' title='bbox 949 2513 1087 2597; x_wconf 90' lang='lat' dir='ltr'>Insuper</span> <span class='ocrx_word' id='word_1_188' title='bbox 1110 2512 1277 2579; x_wconf 87' lang='lat' dir='ltr'>clausulae</span> <span class='ocrx_word' id='word_1_189' title='bbox 1299 2513 1333 2578; x_wconf 92' lang='lat' dir='ltr'>in</span> <span class='ocrx_word' id='word_1_190' title='bbox 1358 2513 1459 2580; x_wconf 90' lang='lat' dir='ltr'>facul·</span> 
     </span>
     <span class='ocr_line' id='line_1_24' title="bbox 136 2601 1460 2686; baseline 0.001 -18"><span class='ocrx_word' id='word_1_191' title='bbox 136 2606 208 2668; x_wconf 92' lang='lat' dir='ltr'>tate</span> <span class='ocrx_word' id='word_1_192' title='bbox 224 2601 395 2686; x_wconf 90' lang='lat' dir='ltr'>appositae</span> <span class='ocrx_word' id='word_1_193' title='bbox 418 2601 534 2683; x_wconf 93' lang='lat' dir='ltr'>quibus</span> <span class='ocrx_word' id='word_1_194' title='bbox 550 2621 666 2667; x_wconf 90' lang='lat' dir='ltr'>secura</span> <span class='ocrx_word' id='word_1_195' title='bbox 689 2601 846 2667; x_wconf 90' lang='lat' dir='ltr'>reddatur</span> <span class='ocrx_word' id='word_1_196' title='bbox 861 2601 1049 2668; x_wconf 85' lang='lat' dir='ltr'>reverentia</span> <span class='ocrx_word' id='word_1_197' title='bbox 1066 2622 1109 2668; x_wconf 90' lang='lat' dir='ltr'>ss.</span> <span class='ocrx_word' id='word_1_198' title='bbox 1127 2606 1335 2669; x_wconf 89' lang='lat' dir='ltr'>sacramento</span> <span class='ocrx_word' id='word_1_199' title='bbox 1352 2603 1460 2670; x_wconf 87' lang='lat' dir='ltr'>debita</span> 
     </span>
     <span class='ocr_line' id='line_1_25' title="bbox 138 2689 1459 2773; baseline 0.002 -17"><span class='ocrx_word' id='word_1_200' title='bbox 138 2691 181 2756; x_wconf 91' lang='lat' dir='ltr'>ad</span> <span class='ocrx_word' id='word_1_201' title='bbox 205 2689 358 2757; x_wconf 88' lang='lat' dir='ltr'>amussim</span> <span class='ocrx_word' id='word_1_202' title='bbox 383 2689 608 2755; x_wconf 87' lang='lat' dir='ltr'>observandae</span> <span class='ocrx_word' id='word_1_203' title='bbox 631 2694 718 2766; x_wconf 90' lang='lat' dir='ltr'>sunt,</span> <span class='ocrx_word' id='word_1_204' title='bbox 742 2690 916 2773; x_wconf 89' lang='lat' dir='ltr'>praecipue</span> <span class='ocrx_word' id='word_1_205' title='bbox 939 2695 1064 2757; x_wconf 90' lang='lat' dir='ltr'>utnon</span> <span class='ocrx_word' id='word_1_206' title='bbox 1087 2690 1270 2756; x_wconf 88' lang='lat' dir='ltr'>celebretur</span> <span class='ocrx_word' id='word_1_207' title='bbox 1293 2691 1357 2757; x_wconf 90' lang='lat' dir='ltr'>nisi</span> <span class='ocrx_word' id='word_1_208' title='bbox 1379 2694 1459 2759; x_wconf 88' lang='lat' dir='ltr'>mari</span> 
     </span>
     <span class='ocr_line' id='line_1_26' title="bbox 137 2778 1326 2864; baseline 0 -17"><span class='ocrx_word' id='word_1_209' title='bbox 137 2780 325 2862; x_wconf 88' lang='lat' dir='ltr'>tranquillo,</span> <span class='ocrx_word' id='word_1_210' title='bbox 349 2799 454 2861; x_wconf 92' lang='lat' dir='ltr'>neque</span> <span class='ocrx_word' id='word_1_211' title='bbox 478 2779 548 2844; x_wconf 91' lang='lat' dir='ltr'>sine</span> <span class='ocrx_word' id='word_1_212' title='bbox 572 2778 757 2858; x_wconf 89' lang='lat' dir='ltr'>assistente,</span> <span class='ocrx_word' id='word_1_213' title='bbox 783 2779 925 2844; x_wconf 81' lang='lat' dir='ltr'>maxime</span> <span class='ocrx_word' id='word_1_214' title='bbox 948 2779 976 2845; x_wconf 93' lang='lat' dir='ltr'>si</span> <span class='ocrx_word' id='word_1_215' title='bbox 999 2782 1060 2845; x_wconf 92' lang='lat' dir='ltr'>boc</span> <span class='ocrx_word' id='word_1_216' title='bbox 1083 2779 1326 2864; x_wconf 88' lang='lat' dir='ltr'>praescribitur.</span> 
     </span>
    </p>
   </div>
   <div class='ocr_carea' id='block_1_9' title="bbox 64 2902 1461 3168">
    <p class='ocr_par' dir='ltr' id='par_1_9' title="bbox 64 2902 1461 3168">
     <span class='ocr_line' id='line_1_27' title="bbox 225 2902 1461 2989; baseline 0.002 -20"><span class='ocrx_word' id='word_1_217' title='bbox 225 2903 278 2969; x_wconf 86' lang='lat' dir='ltr'>Ao</span> <span class='ocrx_word' id='word_1_218' title='bbox 301 2924 492 2980; x_wconf 75' lang='lat' dir='ltr'>conuersum</span> <span class='ocrx_word' id='word_1_219' title='bbox 517 2906 556 2968; x_wconf 81' lang='lat' dir='ltr'>2m</span> <span class='ocrx_word' id='word_1_220' title='bbox 579 2903 618 2970; x_wconf 91' lang='lat' dir='ltr'>R.</span> <span class='ocrx_word' id='word_1_221' title='bbox 644 2905 672 2970; x_wconf 89' lang='lat'>1.</span> <span class='ocrx_word' id='word_1_222' title='bbox 704 2902 834 2969; x_wconf 83' lang='lat' dir='ltr'>Cassius</span> <span class='ocrx_word' id='word_1_223' title='bbox 858 2903 1027 2969; x_wconf 86' lang='lat' dir='ltr'>celebrans</span> <span class='ocrx_word' id='word_1_224' title='bbox 1050 2903 1083 2970; x_wconf 92' lang='lat' dir='ltr'>in</span> <span class='ocrx_word' id='word_1_225' title='bbox 1106 2904 1188 2970; x_wconf 88' lang='lat' dir='ltr'>mari</span> <span class='ocrx_word' id='word_1_226' title='bbox 1213 2908 1328 2989; x_wconf 89' lang='lat' dir='ltr'>aperte</span> <span class='ocrx_word' id='word_1_227' title='bbox 1351 2910 1461 2973; x_wconf 89' lang='lat' dir='ltr'>trans-</span> 
     </span>
     <span class='ocr_line' id='line_1_28' title="bbox 136 2991 1460 3076; baseline 0.001 -17"><span class='ocrx_word' id='word_1_228' title='bbox 136 3015 269 3076; x_wconf 85' lang='lat' dir='ltr'>gressus</span> <span class='ocrx_word' id='word_1_229' title='bbox 293 2998 345 3060; x_wconf 89' lang='lat' dir='ltr'>est</span> <span class='ocrx_word' id='word_1_230' title='bbox 368 2993 488 3060; x_wconf 87' lang='lat' dir='ltr'>limites</span> <span class='ocrx_word' id='word_1_231' title='bbox 511 2991 680 3059; x_wconf 85' lang='lat' dir='ltr'>facultatis</span> <span class='ocrx_word' id='word_1_232' title='bbox 704 2997 876 3076; x_wconf 86' lang='lat' dir='ltr'>acceptae,</span> <span class='ocrx_word' id='word_1_233' title='bbox 908 3013 981 3058; x_wconf 86' lang='lat' dir='ltr'>curn</span> <span class='ocrx_word' id='word_1_234' title='bbox 1011 2992 1069 3058; x_wconf 92' lang='lat' dir='ltr'>illa</span> <span class='ocrx_word' id='word_1_235' title='bbox 1097 2993 1132 3058; x_wconf 91' lang='lat' dir='ltr'>in</span> <span class='ocrx_word' id='word_1_236' title='bbox 1161 2994 1244 3059; x_wconf 90' lang='lat' dir='ltr'>mari</span> <span class='ocrx_word' id='word_1_237' title='bbox 1274 2995 1460 3062; x_wconf 90' lang='lat' dir='ltr'>celebrandi</span> 
     </span>
     <span class='ocr_line' id='line_1_29' title="bbox 64 3081 743 3168; baseline 0.001 -21"><span class='ocrx_word' id='word_1_238' title='bbox 64 3121 68 3130; x_wconf 93' lang='lat'><em>·</em></span> <span class='ocrx_word' id='word_1_239' title='bbox 136 3083 278 3149; x_wconf 88' lang='lat' dir='ltr'>facultas</span> <span class='ocrx_word' id='word_1_240' title='bbox 302 3104 447 3168; x_wconf 80' lang='lat' dir='ltr'>expresse</span> <span class='ocrx_word' id='word_1_241' title='bbox 468 3081 667 3147; x_wconf 91' lang='lat' dir='ltr'>nominanda</span> <span class='ocrx_word' id='word_1_242' title='bbox 689 3081 743 3148; x_wconf 90' lang='lat' dir='ltr'>sit.</span> 
     </span>
    </p>
   </div>
   <div class='ocr_carea' id='block_1_10' title="bbox 136 3186 1460 3630">
    <p class='ocr_par' dir='ltr' id='par_1_10' title="bbox 136 3186 1460 3630">
     <span class='ocr_line' id='line_1_30' title="bbox 224 3186 1460 3274; baseline 0.002 -20"><span class='ocrx_word' id='word_1_243' title='bbox 224 3189 264 3256; x_wconf 89' lang='lat' dir='ltr'>R.</span> <span class='ocrx_word' id='word_1_244' title='bbox 290 3192 320 3256; x_wconf 82' lang='lat'>2.</span> <span class='ocrx_word' id='word_1_245' title='bbox 358 3188 563 3255; x_wconf 83' lang='lat' dir='ltr'>Facultatem</span> <span class='ocrx_word' id='word_1_246' title='bbox 587 3186 773 3253; x_wconf 88' lang='lat' dir='ltr'>celebrandi</span> <span class='ocrx_word' id='word_1_247' title='bbox 795 3187 827 3252; x_wconf 92' lang='lat' dir='ltr'>in</span> <span class='ocrx_word' id='word_1_248' title='bbox 851 3187 950 3254; x_wconf 91' lang='lat' dir='ltr'>altari</span> <span class='ocrx_word' id='word_1_249' title='bbox 973 3186 1121 3271; x_wconf 92' lang='lat' dir='ltr'>portatili</span> <span class='ocrx_word' id='word_1_250' title='bbox 1146 3189 1257 3254; x_wconf 87' lang='lat' dir='ltr'>datam</span> <span class='ocrx_word' id='word_1_251' title='bbox 1282 3210 1356 3255; x_wconf 89' lang='lat' dir='ltr'>esse</span> <span class='ocrx_word' id='word_1_252' title='bbox 1384 3211 1460 3274; x_wconf 90' lang='lat' dir='ltr'>,pro</span> 
     </span>
     <span class='ocr_line' id='line_1_31' title="bbox 136 3276 1460 3360; baseline 0.002 -18"><span class='ocrx_word' id='word_1_253' title='bbox 136 3278 216 3344; x_wconf 92' lang='lat' dir='ltr'>locis</span> <span class='ocrx_word' id='word_1_254' title='bbox 240 3278 447 3343; x_wconf 84' lang='lat' dir='ltr'>missionum“</span> <span class='ocrx_word' id='word_1_255' title='bbox 473 3277 531 3342; x_wconf 85' lang='lat' dir='ltr'>vix</span> <span class='ocrx_word' id='word_1_256' title='bbox 561 3276 703 3342; x_wconf 84' lang='lat' dir='ltr'>dubitari</span> <span class='ocrx_word' id='word_1_257' title='bbox 732 3279 858 3360; x_wconf 83' lang='lat' dir='ltr'>potest3</span> <span class='ocrx_word' id='word_1_258' title='bbox 890 3278 937 3342; x_wconf 92' lang='lat' dir='ltr'>sic</span> <span class='ocrx_word' id='word_1_259' title='bbox 960 3277 1046 3342; x_wconf 86' lang='lat' dir='ltr'>enirn</span> <span class='ocrx_word' id='word_1_260' title='bbox 1069 3279 1154 3345; x_wconf 90' lang='lat' dir='ltr'>solet</span> <span class='ocrx_word' id='word_1_261' title='bbox 1178 3277 1266 3356; x_wconf 88' lang='lat' dir='ltr'>dari,</span> <span class='ocrx_word' id='word_1_262' title='bbox 1291 3299 1382 3357; x_wconf 86' lang='lat' dir='ltr'>curn,</span> <span class='ocrx_word' id='word_1_263' title='bbox 1407 3280 1460 3345; x_wconf 91' lang='lat' dir='ltr'>ubi</span> 
     </span>
     <span class='ocr_line' id='line_1_32' title="bbox 136 3365 1459 3450; baseline 0.001 -18"><span class='ocrx_word' id='word_1_264' title='bbox 136 3367 293 3433; x_wconf 86' lang='lat' dir='ltr'>ccclesiae</span> <span class='ocrx_word' id='word_1_265' title='bbox 324 3367 507 3443; x_wconf 89' lang='lat' dir='ltr'>abundant,</span> <span class='ocrx_word' id='word_1_266' title='bbox 539 3367 629 3431; x_wconf 90' lang='lat' dir='ltr'>nulla</span> <span class='ocrx_word' id='word_1_267' title='bbox 659 3365 703 3432; x_wconf 90' lang='lat' dir='ltr'>sit</span> <span class='ocrx_word' id='word_1_268' title='bbox 732 3366 849 3431; x_wconf 89' lang='lat' dir='ltr'>altaris</span> <span class='ocrx_word' id='word_1_269' title='bbox 879 3366 1044 3450; x_wconf 85' lang='lat' dir='ltr'>portatilis</span> <span class='ocrx_word' id='word_1_270' title='bbox 1073 3367 1262 3434; x_wconf 87' lang='lat' dir='ltr'>necessitas.</span> <span class='ocrx_word' id='word_1_271' title='bbox 1310 3367 1403 3444; x_wconf 86' lang='lat' dir='ltr'>Quod</span> <span class='ocrx_word' id='word_1_272' title='bbox 1432 3369 1459 3433; x_wconf 90' lang='lat' dir='ltr'>si</span> 
     </span>
     <span class='ocr_line' id='line_1_33' title="bbox 136 3454 1459 3536; baseline 0 -14"><span class='ocrx_word' id='word_1_273' title='bbox 136 3457 184 3522; x_wconf 91' lang='lat' dir='ltr'>ita</span> <span class='ocrx_word' id='word_1_274' title='bbox 207 3460 267 3533; x_wconf 89' lang='lat' dir='ltr'>est,</span> <span class='ocrx_word' id='word_1_275' title='bbox 292 3455 423 3522; x_wconf 80' lang='lat' dir='ltr'>Cassius</span> <span class='ocrx_word' id='word_1_276' title='bbox 447 3457 547 3520; x_wconf 88' lang='lat' dir='ltr'>etiarn</span> <span class='ocrx_word' id='word_1_277' title='bbox 570 3454 632 3520; x_wconf 89' lang='lat' dir='ltr'>bac</span> <span class='ocrx_word' id='word_1_278' title='bbox 655 3454 688 3519; x_wconf 93' lang='lat' dir='ltr'>in</span> <span class='ocrx_word' id='word_1_279' title='bbox 716 3476 752 3520; x_wconf 90' lang='lat' dir='ltr'>re</span> <span class='ocrx_word' id='word_1_280' title='bbox 775 3458 1003 3536; x_wconf 86' lang='lat' dir='ltr'>transgressus</span> <span class='ocrx_word' id='word_1_281' title='bbox 1034 3460 1086 3522; x_wconf 92' lang='lat' dir='ltr'>est</span> <span class='ocrx_word' id='word_1_282' title='bbox 1108 3455 1229 3522; x_wconf 87' lang='lat' dir='ltr'>limites</span> <span class='ocrx_word' id='word_1_283' title='bbox 1245 3463 1332 3523; x_wconf 83' lang='lat' dir='ltr'>&#39;suae</span> <span class='ocrx_word' id='word_1_284' title='bbox 1356 3456 1459 3523; x_wconf 87' lang='lat' dir='ltr'>facul·</span> 
     </span>
     <span class='ocr_line' id='line_1_34' title="bbox 137 3543 827 3630; baseline -0.001 -19"><span class='ocrx_word' id='word_1_285' title='bbox 137 3545 226 3614; x_wconf 90' lang='lat' dir='ltr'>tatis.</span> <span class='ocrx_word' id='word_1_286' title='bbox 273 3545 320 3611; x_wconf 83' lang='lat' dir='ltr'>cf.</span> <span class='ocrx_word' id='word_1_287' title='bbox 346 3546 476 3630; x_wconf 78' lang='lat' dir='ltr'>prem.</span> <span class='ocrx_word' id='word_1_288' title='bbox 501 3548 608 3629; x_wconf 66' lang='lat' dir='ltr'>litero.</span> <span class='ocrx_word' id='word_1_289' title='bbox 633 3543 672 3622; x_wconf 89' lang='lat' dir='ltr'>X,</span> <span class='ocrx_word' id='word_1_290' title='bbox 698 3546 762 3609; x_wconf 82' lang='lat'>590</span> <span class='ocrx_word' id='word_1_291' title='bbox 779 3565 827 3626; x_wconf 87' lang='lat' dir='ltr'>sq.</span> 
     </span>
    </p>
   </div>
   <div class='ocr_carea' id='block_1_11' title="bbox 74 3649 1460 4715">
    <p class='ocr_par' dir='ltr' id='par_1_11' title="bbox 74 3649 1460 4715">
     <span class='ocr_line' id='line_1_35' title="bbox 74 3649 1459 3728; baseline -0.002 -8"><span class='ocrx_word' id='word_1_292' title='bbox 74 3666 127 3720; x_wconf 63' lang='lat'>254</span> <span class='ocrx_word' id='word_1_293' title='bbox 225 3652 264 3718; x_wconf 87' lang='lat' dir='ltr'>R.</span> <span class='ocrx_word' id='word_1_294' title='bbox 282 3653 312 3718; x_wconf 82' lang='lat'>3.</span> <span class='ocrx_word' id='word_1_295' title='bbox 344 3650 435 3728; x_wconf 85' lang='lat' dir='ltr'>Quod</span> <span class='ocrx_word' id='word_1_296' title='bbox 452 3650 582 3716; x_wconf 84' lang='lat' dir='ltr'>Cassius</span> <span class='ocrx_word' id='word_1_297' title='bbox 605 3649 842 3716; x_wconf 89' lang='lat' dir='ltr'>confluentibus</span> <span class='ocrx_word' id='word_1_298' title='bbox 864 3650 1013 3716; x_wconf 86' lang='lat' dir='ltr'>fidelibus</span> <span class='ocrx_word' id='word_1_299' title='bbox 1029 3672 1055 3717; x_wconf 91' lang='lat' dir='ltr'>s.</span> <span class='ocrx_word' id='word_1_300' title='bbox 1073 3650 1332 3717; x_wconf 88' lang='lat' dir='ltr'>communionem</span> <span class='ocrx_word' id='word_1_301' title='bbox 1349 3650 1459 3719; x_wconf 92' lang='lat' dir='ltr'>distri·</span> 
     </span>
     <span class='ocr_line' id='line_1_36' title="bbox 136 3739 1459 3821; baseline 0 -15"><span class='ocrx_word' id='word_1_302' title='bbox 136 3741 222 3818; x_wconf 89' lang='lat' dir='ltr'>buit,</span> <span class='ocrx_word' id='word_1_303' title='bbox 254 3762 296 3805; x_wconf 86' lang='lat' dir='ltr'>ex</span> <span class='ocrx_word' id='word_1_304' title='bbox 327 3761 364 3806; x_wconf 92' lang='lat' dir='ltr'>eo</span> <span class='ocrx_word' id='word_1_305' title='bbox 394 3740 458 3805; x_wconf 87' lang='lat' dir='ltr'>rite</span> <span class='ocrx_word' id='word_1_306' title='bbox 487 3739 613 3805; x_wconf 90' lang='lat' dir='ltr'>factum</span> <span class='ocrx_word' id='word_1_307' title='bbox 636 3743 792 3817; x_wconf 92' lang='lat' dir='ltr'>nonest,</span> <span class='ocrx_word' id='word_1_308' title='bbox 824 3739 901 3821; x_wconf 89' lang='lat' dir='ltr'>quia</span> <span class='ocrx_word' id='word_1_309' title='bbox 923 3740 1065 3805; x_wconf 87' lang='lat' dir='ltr'>facultas</span> <span class='ocrx_word' id='word_1_310' title='bbox 1095 3740 1280 3806; x_wconf 87' lang='lat' dir='ltr'>celebrandi</span> <span class='ocrx_word' id='word_1_311' title='bbox 1304 3742 1337 3805; x_wconf 92' lang='lat' dir='ltr'>in</span> <span class='ocrx_word' id='word_1_312' title='bbox 1362 3742 1459 3808; x_wconf 90' lang='lat' dir='ltr'>altari</span> 
     </span>
     <span class='ocr_line' id='line_1_37' title="bbox 136 3827 1459 3915; baseline 0 -19"><span class='ocrx_word' id='word_1_313' title='bbox 136 3829 284 3914; x_wconf 91' lang='lat' dir='ltr'>portatili</span> <span class='ocrx_word' id='word_1_314' title='bbox 307 3851 370 3895; x_wconf 93' lang='lat' dir='ltr'>non</span> <span class='ocrx_word' id='word_1_315' title='bbox 394 3827 603 3894; x_wconf 89' lang='lat' dir='ltr'>subsistebat.</span> <span class='ocrx_word' id='word_1_316' title='bbox 635 3828 722 3894; x_wconf 89' lang='lat' dir='ltr'>Nam</span> <span class='ocrx_word' id='word_1_317' title='bbox 738 3828 766 3893; x_wconf 92' lang='lat' dir='ltr'>si</span> <span class='ocrx_word' id='word_1_318' title='bbox 781 3828 863 3894; x_wconf 89' lang='lat' dir='ltr'>baec</span> <span class='ocrx_word' id='word_1_319' title='bbox 879 3850 937 3912; x_wconf 93' lang='lat' dir='ltr'>pro</span> <span class='ocrx_word' id='word_1_320' title='bbox 954 3828 1065 3894; x_wconf 83' lang='lat' dir='ltr'>Cassio</span> <span class='ocrx_word' id='word_1_321' title='bbox 1081 3831 1174 3895; x_wconf 89' lang='lat' dir='ltr'>salva</span> <span class='ocrx_word' id='word_1_322' title='bbox 1191 3828 1377 3908; x_wconf 91' lang='lat' dir='ltr'>mansisset,</span> <span class='ocrx_word' id='word_1_323' title='bbox 1401 3853 1459 3915; x_wconf 93' lang='lat' dir='ltr'>po·</span> 
     </span>
     <span class='ocr_line' id='line_1_38' title="bbox 136 3916 1460 3999; baseline -0.001 -13"><span class='ocrx_word' id='word_1_324' title='bbox 136 3919 255 3986; x_wconf 90' lang='lat' dir='ltr'>tuisset</span> <span class='ocrx_word' id='word_1_325' title='bbox 266 3941 292 3986; x_wconf 93' lang='lat' dir='ltr'>s.</span> <span class='ocrx_word' id='word_1_326' title='bbox 306 3918 563 3984; x_wconf 91' lang='lat' dir='ltr'>communionem</span> <span class='ocrx_word' id='word_1_327' title='bbox 580 3916 784 3983; x_wconf 90' lang='lat' dir='ltr'>distribuere.</span> <span class='ocrx_word' id='word_1_328' title='bbox 808 3917 971 3984; x_wconf 84' lang='lat' dir='ltr'>Videlicet</span> <span class='ocrx_word' id='word_1_329' title='bbox 982 3919 1124 3984; x_wconf 88' lang='lat' dir='ltr'>facultas</span> <span class='ocrx_word' id='word_1_330' title='bbox 1140 3919 1197 3984; x_wconf 92' lang='lat' dir='ltr'>illa</span> <span class='ocrx_word' id='word_1_331' title='bbox 1213 3919 1411 3999; x_wconf 86' lang='lat' dir='ltr'>celebrandi,</span> <span class='ocrx_word' id='word_1_332' title='bbox 1428 3920 1460 3985; x_wconf 93' lang='lat' dir='ltr'>in</span> 
     </span>
     <span class='ocr_line' id='line_1_39' title="bbox 137 4006 1459 4091; baseline 0.001 -17"><span class='ocrx_word' id='word_1_333' title='bbox 137 4030 201 4091; x_wconf 90' lang='lat' dir='ltr'>qua</span> <span class='ocrx_word' id='word_1_334' title='bbox 224 4007 343 4090; x_wconf 82' lang='lat' dir='ltr'>agendi</span> <span class='ocrx_word' id='word_1_335' title='bbox 366 4007 451 4073; x_wconf 92' lang='lat' dir='ltr'>ratio</span> <span class='ocrx_word' id='word_1_336' title='bbox 482 4008 522 4072; x_wconf 92' lang='lat' dir='ltr'>ad</span> <span class='ocrx_word' id='word_1_337' title='bbox 547 4006 803 4072; x_wconf 83' lang='lat' dir='ltr'>distribuendam</span> <span class='ocrx_word' id='word_1_338' title='bbox 835 4029 861 4074; x_wconf 91' lang='lat' dir='ltr'>s.</span> <span class='ocrx_word' id='word_1_339' title='bbox 886 4007 1142 4074; x_wconf 89' lang='lat' dir='ltr'>communionem</span> <span class='ocrx_word' id='word_1_340' title='bbox 1167 4009 1299 4087; x_wconf 90' lang='lat' dir='ltr'>nititur,</span> <span class='ocrx_word' id='word_1_341' title='bbox 1327 4012 1360 4075; x_wconf 84' lang='lat' dir='ltr'>si</span> <span class='ocrx_word' id='word_1_342' title='bbox 1383 4011 1459 4075; x_wconf 92' lang='lat' dir='ltr'>sub-</span> 
     </span>
     <span class='ocr_line' id='line_1_40' title="bbox 137 4096 1460 4180; baseline 0.002 -18"><span class='ocrx_word' id='word_1_343' title='bbox 137 4097 234 4175; x_wconf 87' lang='lat' dir='ltr'>sistit,</span> <span class='ocrx_word' id='word_1_344' title='bbox 259 4118 318 4180; x_wconf 91' lang='lat' dir='ltr'>pro</span> <span class='ocrx_word' id='word_1_345' title='bbox 334 4096 445 4162; x_wconf 84' lang='lat' dir='ltr'>Cassio</span> <span class='ocrx_word' id='word_1_346' title='bbox 462 4101 514 4162; x_wconf 89' lang='lat' dir='ltr'>est</span> <span class='ocrx_word' id='word_1_347' title='bbox 535 4099 645 4178; x_wconf 76' lang='lat' dir='ltr'>larque</span> <span class='ocrx_word' id='word_1_348' title='bbox 660 4096 941 4179; x_wconf 87' lang='lat' dir='ltr'>interpretationis</span> <span class='ocrx_word' id='word_1_349' title='bbox 957 4118 995 4162; x_wconf 89' lang='lat' dir='ltr'>ac</span> <span class='ocrx_word' id='word_1_350' title='bbox 1011 4098 1104 4180; x_wconf 92' lang='lat' dir='ltr'>proin</span> <span class='ocrx_word' id='word_1_351' title='bbox 1122 4119 1194 4163; x_wconf 91' lang='lat' dir='ltr'>cum</span> <span class='ocrx_word' id='word_1_352' title='bbox 1210 4098 1354 4165; x_wconf 89' lang='lat' dir='ltr'>missas.</span> <span class='ocrx_word' id='word_1_353' title='bbox 1371 4118 1460 4164; x_wconf 90' lang='lat' dir='ltr'>corn-</span> 
     </span>
     <span class='ocr_line' id='line_1_41' title="bbox 137 4185 1459 4271; baseline 0 -19"><span class='ocrx_word' id='word_1_354' title='bbox 137 4186 297 4252; x_wconf 90' lang='lat' dir='ltr'>munionis</span> <span class='ocrx_word' id='word_1_355' title='bbox 308 4185 493 4251; x_wconf 89' lang='lat' dir='ltr'>distributio</span> <span class='ocrx_word' id='word_1_356' title='bbox 508 4185 711 4267; x_wconf 87' lang='lat' dir='ltr'>intellegitur</span> <span class='ocrx_word' id='word_1_357' title='bbox 725 4206 889 4250; x_wconf 89' lang='lat' dir='ltr'>concessa.</span> <span class='ocrx_word' id='word_1_358' title='bbox 923 4186 951 4250; x_wconf 84' lang='lat' dir='ltr'><strong>R</strong></span> <span class='ocrx_word' id='word_1_359' title='bbox 966 4187 1130 4253; x_wconf 91' lang='lat' dir='ltr'>contrario</span> <span class='ocrx_word' id='word_1_360' title='bbox 1144 4187 1176 4252; x_wconf 91' lang='lat' dir='ltr'>in</span> <span class='ocrx_word' id='word_1_361' title='bbox 1186 4187 1459 4271; x_wconf 88' lang='lat' dir='ltr'>interpretatione</span> 
     </span>
     <span class='ocr_line' id='line_1_42' title="bbox 137 4274 1459 4359; baseline -0.001 -18"><span class='ocrx_word' id='word_1_362' title='bbox 137 4281 245 4341; x_wconf 83' lang='lat' dir='ltr'>stricta</span> <span class='ocrx_word' id='word_1_363' title='bbox 261 4276 407 4356; x_wconf 91' lang='lat' dir='ltr'>adeoque</span> <span class='ocrx_word' id='word_1_364' title='bbox 432 4297 504 4339; x_wconf 90' lang='lat' dir='ltr'>cum</span> <span class='ocrx_word' id='word_1_365' title='bbox 523 4274 742 4340; x_wconf 87' lang='lat' dir='ltr'>celebratione</span> <span class='ocrx_word' id='word_1_366' title='bbox 756 4274 789 4340; x_wconf 93' lang='lat' dir='ltr'>in</span> <span class='ocrx_word' id='word_1_367' title='bbox 805 4274 948 4340; x_wconf 87' lang='lat' dir='ltr'>oratorio</span> <span class='ocrx_word' id='word_1_368' title='bbox 963 4276 1113 4359; x_wconf 87' lang='lat' dir='ltr'>privatae</span> <span class='ocrx_word' id='word_1_369' title='bbox 1132 4277 1246 4342; x_wconf 81' lang='lat' dir='ltr'>donrus</span> <span class='ocrx_word' id='word_1_370' title='bbox 1263 4276 1394 4342; x_wconf 91' lang='lat' dir='ltr'>domino</span> <span class='ocrx_word' id='word_1_371' title='bbox 1409 4277 1459 4341; x_wconf 91' lang='lat' dir='ltr'>in·</span> 
     </span>
     <span class='ocr_line' id='line_1_43' title="bbox 138 4363 1457 4432; baseline 0.001 -2"><span class='ocrx_word' id='word_1_372' title='bbox 138 4366 230 4431; x_wconf 81' lang='lat' dir='ltr'>dulia</span> <span class='ocrx_word' id='word_1_373' title='bbox 254 4363 486 4429; x_wconf 89' lang='lat' dir='ltr'>communionis</span> <span class='ocrx_word' id='word_1_374' title='bbox 517 4363 758 4431; x_wconf 90' lang='lat' dir='ltr'>administratio</span> <span class='ocrx_word' id='word_1_375' title='bbox 784 4364 958 4429; x_wconf 90' lang='lat' dir='ltr'>secundum</span> <span class='ocrx_word' id='word_1_376' title='bbox 983 4365 1234 4431; x_wconf 88' lang='lat' dir='ltr'>communiorem</span> <span class='ocrx_word' id='word_1_377' title='bbox 1258 4365 1457 4432; x_wconf 89' lang='lat' dir='ltr'>sententiam</span> 
     </span>
     <span class='ocr_line' id='line_1_44' title="bbox 137 4453 1458 4537; baseline -0.001 -18"><span class='ocrx_word' id='word_1_378' title='bbox 137 4477 179 4519; x_wconf 85' lang='lat' dir='ltr'>ex</span> <span class='ocrx_word' id='word_1_379' title='bbox 195 4476 231 4519; x_wconf 91' lang='lat' dir='ltr'>se</span> <span class='ocrx_word' id='word_1_380' title='bbox 247 4454 388 4518; x_wconf 93' lang='lat' dir='ltr'>nondum</span> <span class='ocrx_word' id='word_1_381' title='bbox 408 4459 459 4520; x_wconf 88' lang='lat' dir='ltr'>est</span> <span class='ocrx_word' id='word_1_382' title='bbox 475 4474 646 4528; x_wconf 88' lang='lat' dir='ltr'>concessa;</span> <span class='ocrx_word' id='word_1_383' title='bbox 670 4453 801 4518; x_wconf 88' lang='lat' dir='ltr'>videtur</span> <span class='ocrx_word' id='word_1_384' title='bbox 824 4458 934 4519; x_wconf 90' lang='lat' dir='ltr'>autem</span> <span class='ocrx_word' id='word_1_385' title='bbox 959 4455 1129 4537; x_wconf 88' lang='lat' dir='ltr'>episcopus</span> <span class='ocrx_word' id='word_1_386' title='bbox 1152 4476 1211 4519; x_wconf 90' lang='lat' dir='ltr'>sua</span> <span class='ocrx_word' id='word_1_387' title='bbox 1235 4459 1404 4537; x_wconf 86' lang='lat' dir='ltr'>potestate</span> <span class='ocrx_word' id='word_1_388' title='bbox 1427 4455 1458 4520; x_wconf 89' lang='lat' dir='ltr'>id</span> 
     </span>
     <span class='ocr_line' id='line_1_45' title="bbox 137 4542 1458 4627; baseline 0 -19"><span class='ocrx_word' id='word_1_389' title='bbox 137 4565 233 4627; x_wconf 91' lang='lat' dir='ltr'>posse</span> <span class='ocrx_word' id='word_1_390' title='bbox 256 4543 450 4625; x_wconf 83' lang='lat' dir='ltr'>adiungere:</span> <span class='ocrx_word' id='word_1_391' title='bbox 476 4543 516 4608; x_wconf 90' lang='lat' dir='ltr'>cf.</span> <span class='ocrx_word' id='word_1_392' title='bbox 543 4542 762 4626; x_wconf 84' lang='lat' dir='ltr'>Gasparri,</span> <span class='ocrx_word' id='word_1_393' title='bbox 795 4544 844 4607; x_wconf 88' lang='lat' dir='ltr'>De</span> <span class='ocrx_word' id='word_1_394' title='bbox 868 4545 993 4609; x_wconf 74' lang='lat' dir='ltr'>erectior.</span> <span class='ocrx_word' id='word_1_395' title='bbox 1019 4564 1049 4608; x_wconf 93' lang='lat' dir='ltr'>n.</span> <span class='ocrx_word' id='word_1_396' title='bbox 1079 4545 1179 4615; x_wconf 67' lang='lat'>1088:</span> <span class='ocrx_word' id='word_1_397' title='bbox 1212 4543 1377 4621; x_wconf 89' lang='lat' dir='ltr'>Wcrnz,</span> <span class='ocrx_word' id='word_1_398' title='bbox 1402 4546 1458 4610; x_wconf 81' lang='lat' dir='ltr'>las</span> 
     </span>
     <span class='ocr_line' id='line_1_46' title="bbox 138 4632 1459 4715; baseline 0.002 -18"><span class='ocrx_word' id='word_1_399' title='bbox 138 4635 340 4698; x_wconf 73' lang='lat' dir='ltr'>decretalium</span> <span class='ocrx_word' id='word_1_400' title='bbox 364 4632 425 4707; x_wconf 95' lang='lat' dir='ltr'>Ill,</span> <span class='ocrx_word' id='word_1_401' title='bbox 451 4635 525 4698; x_wconf 83' lang='grc'><strong>459.</strong></span> <span class='ocrx_word' id='word_1_402' title='bbox 574 4632 656 4697; x_wconf 87' lang='lat' dir='ltr'>Sunt</span> <span class='ocrx_word' id='word_1_403' title='bbox 679 4638 789 4698; x_wconf 87' lang='lat' dir='ltr'>tamen</span> <span class='ocrx_word' id='word_1_404' title='bbox 813 4632 866 4713; x_wconf 92' lang='lat' dir='ltr'>qui</span> <span class='ocrx_word' id='word_1_405' title='bbox 897 4636 1014 4715; x_wconf 89' lang='lat' dir='ltr'>putent</span> <span class='ocrx_word' id='word_1_406' title='bbox 1043 4632 1234 4700; x_wconf 88' lang='lat' dir='ltr'>facultatem</span> <span class='ocrx_word' id='word_1_407' title='bbox 1259 4655 1286 4701; x_wconf 91' lang='lat' dir='ltr'>s.</span> <span class='ocrx_word' id='word_1_408' title='bbox 1311 4634 1459 4701; x_wconf 89' lang='lat' dir='ltr'>euchari-</span> 
     </span>
    </p>
   </div>
   <div class='ocr_carea' id='block_1_12' title="bbox 0 0 1526 5174">
    <p class='ocr_par' dir='ltr' id='par_1_12' title="bbox 0 0 1526 5174">
     <span class='ocr_line' id='line_1_47' title="bbox 0 0 1526 5174; baseline 0 0"><span class='ocrx_word' id='word_1_409' title='bbox 0 0 1526 5174; x_wconf 95' lang='lat' dir='ltr'> </span> 
     </span>
    </p>
   </div>
  </div>
 </body>
</html>
