3044 5174
128 268 194 333 216
584 263 791 319 Sacramentum
808 263 999 335 paenitentiae.

128 441 193 508 iter
215 441 451 510 instituendum
474 445 556 509 erat.
602 440 690 507 Nam
720 440 748 506 si
777 441 825 507 illi
855 440 1062 525 paenitentes
1084 440 1242 507 volebant
1270 438 1462 525 opinionem

129 531 222 614 aequi
251 552 336 614 quae
365 529 538 615 prohibeat
567 531 781 597 manifestare
811 530 936 597 factum
959 529 1050 597 tertii
1079 529 1261 608 infamans,
1294 529 1463 595 debebant

129 620 230 687 etiam
253 620 492 687 incommodum
515 619 610 685 huius
633 619 794 704 opinionis
816 619 850 685 in
873 641 910 686 se
933 639 1071 685 sumere.
1111 619 1278 685 Summum
1302 621 1463 703 poterant

129 709 163 774 in
185 709 397 776 instantanea
419 709 531 791 aliqua
561 710 759 776 necessitate
789 708 1068 776 circumstantiam
1097 712 1226 786 tacere,
1258 707 1300 772 de
1329 727 1398 790 qua
1427 706 1461 772 in

130 819 209 864 casu
233 820 341 864 sermo
365 802 426 865 est.
469 797 623 880 Alioquin
648 798 734 864 enim
757 798 937 882 periculum
954 797 1195 864 confessionum
1218 795 1460 879 sacrilegarum

130 888 269 953 multum
293 892 480 970 augeretur,
505 887 535 952 si
548 886 671 971 passim
687 887 803 954 liceret
817 887 976 952 similibus
992 886 1235 971 paenitentibus
1251 885 1460 952 occasionem

130 976 316 1060 proximam
339 997 476 1058 eamque
500 976 688 1042 continuam
712 977 829 1053 celare,
854 976 931 1058 quin
948 975 1168 1042 confessarius
1183 974 1330 1040 iudicare
1345 980 1462 1059 posset

131 1065 172 1130 de
194 1065 310 1131 mediis
333 1064 528 1131 necessariis
551 1065 593 1131 ad
616 1065 880 1149 praecavendum
904 1066 1068 1149 relapsum
1085 1068 1120 1131 et
1143 1064 1185 1130 ad
1201 1063 1459 1148 dignoscendam

131 1155 294 1220 actualem
319 1154 521 1237 paenitentis
550 1154 784 1221 sinceritatem.
831 1154 1038 1238 Quapropter
1059 1153 1250 1220 *timendum
1273 1152 1374 1218 valde
1397 1156 1459 1229 est,

130 1246 344 1326 neuterque,
368 1243 528 1327 imprimis
550 1243 666 1321 Titius,
690 1243 724 1308 in
748 1265 827 1309 casu
849 1244 1017 1327 proposito
1040 1241 1190 1326 graviter
1212 1241 1415 1327 peccaverit

221 1349 260 1416 R.
292 1352 322 1416 2.
368 1349 471 1415 Immo
501 1348 529 1414 si
559 1354 693 1434 propter
723 1348 965 1416 instantaneam
995 1348 1228 1416 necessitatem
1257 1347 1460 1433 impossibile

132 1442 206 1504 erat
229 1442 424 1504 extraneum
448 1438 683 1504 confessarium
707 1438 814 1516 adire,
844 1438 985 1506 debebat
1007 1442 1144 1521 uterque
1167 1437 1341 1522 paenitens
1363 1437 1460 1523 plura

131 1527 232 1593 fateri
254 1548 352 1609 quam
376 1527 546 1593 confessus
568 1532 638 1606 eat,
672 1527 771 1593 etiam
795 1548 837 1592 ex
861 1526 1011 1611 opinione
1034 1548 1132 1610 quam
1155 1526 1249 1609 sequi
1271 1527 1459 1592 voluerunt.

130 1615 219 1682 Nam
241 1616 371 1682 interna
395 1623 542 1701 peccata,
567 1616 667 1682 etiam
691 1637 731 1682 ea
754 1637 838 1698 quae
861 1615 894 1681 in
918 1617 989 1700 ipso
1012 1621 1148 1701 peccato
1171 1620 1311 1683 externo
1332 1615 1461 1681 inclusa

131 1707 210 1771 sunt
233 1710 268 1771 et
291 1727 364 1771 cum
388 1726 427 1770 eo
450 1706 533 1772 satis
557 1705 803 1789 exprimuntur,
834 1705 868 1770 in
891 1710 1005 1773 nostro
1029 1726 1107 1771 casu
1130 1705 1340 1789 paenitentes
1364 1726 1459 1789 sepa·

131 1793 229 1861 ratim
244 1795 345 1876 fateri
361 1795 523 1877 debebant,
547 1795 624 1876 quia
644 1794 725 1860 haec
742 1795 924 1860 confitendo
941 1794 1130 1878 complicem
1146 1815 1211 1860 non
1226 1793 1459 1866 diffamabantz

132 1883 296 1950 debebant
324 1883 427 1967 igitur
456 1889 491 1950 et
514 1882 778 1951 circumstantias
801 1883 1006 1966 cognationis
1029 1888 1063 1951 ct
1086 1883 1267 1949 occasionis
1290 1883 1460 1968 proximae

131 1973 166 2037 in
188 1977 325 2057 peccato
355 1974 473 2039 saltem
502 1973 632 2038 interno
662 1972 808 2038 indicare
837 1993 942 2056 neque
964 1971 1182 2055 interroganti
1206 1972 1325 2040 celare.
1374 1973 1460 2051 Qua-

131 2067 267 2146 propter
289 2061 322 2126 in
347 2061 489 2127 omnium
506 2060 672 2128 sententia
691 2066 761 2129 tum
777 2060 873 2127 (laius
896 2067 967 2128 tum
983 2061 1089 2128 Titius
1109 2065 1252 2146 praviter
1268 2061 1461 2128 defecerunt

132 2151 174 2216 ab
191 2150 392 2233 obligatione
407 2150 555 2216 fonnalis
570 2151 720 2233 integrae
737 2150 960 2218 confessionis.
992 2151 1039 2218 Of.
1056 2151 1256 2229 Busemb.,
1274 2153 1326 2217 Dc
1340 2155 1459 2238 poerit.

133 2261 161 2306 c.
189 2243 217 2318 l,
243 2240 316 2306 dub.
342 2244 373 2320 3,
397 2244 460 2307 art.
486 2243 505 2304 2
528 2239 562 2305 in
585 2242 659 2308 fine.

270 2430 509 2507 INQUISITIO
533 2431 757 2499 COMPLICIS
780 2432 839 2497 EX
862 2431 1008 2497 PARTE
1031 2429 1330 2499 CONFESSARII.

692 2596 802 2662 Casus.
822 2602 898 2670 (108)

224 2735 382 2806 Robertus,
404 2735 574 2812 praefectus
595 2754 708 2795 morum
728 2736 760 2794 in
781 2735 879 2811 aliquo
900 2734 1068 2804 seminario,
1091 2753 1156 2794 cum
1171 2735 1262 2795 etiam
1276 2736 1460 2797 alumnorum

135 2816 238 2875 audiat
260 2815 480 2887 confessiones,
509 2816 621 2890 detegit
648 2836 686 2875 ex
707 2816 831 2875 alicuius
853 2815 1040 2875 confessione
1068 2835 1134 2874 essa
1165 2815 1293 2892 aliquem
1315 2817 1366 2893 qui
1388 2816 1460 2876 alios

135 2902 232 2955 tentat
254 2914 455 2972 corrumpere:
484 2901 663 2972 quapropter
684 2895 797 2971 obligat
823 2895 1042 2972 paenitentem,
1070 2899 1104 2954 ut
1131 2894 1188 2954 sibi
1215 2895 1328 2956 indicat
1356 2916 1460 2957 nomen

135 2976 215 3036 illius
237 2975 436 3052 corruptoris,
458 2974 516 3033 nisi
537 2976 612 3035 velit
633 2975 698 3034 aine
720 2975 906 3035 absolutione
927 2974 1049 3047 dimitti;
1078 2980 1201 3053 accepto
1222 2976 1359 3051 nonnne,
1381 2978 1459 3038 illum

135 3076 240 3116 severe
262 3055 361 3131 arguit
382 3061 420 3126 et,
442 3060 561 3132 reperta
582 3056 719 3127 veritate,
742 3075 808 3115 eum
830 3075 846 3115 e
867 3054 1025 3115 seminario
1046 3055 1136 3117 eiicit.

136 3163 313 3233 Quamurua
336 3164 364 3219 1⁰
386 3179 460 3236 quae
482 3159 523 3219 sit
542 3159 701 3238 prohibitio
723 3160 889 3237 inquirendi
909 3160 940 3219 in
961 3180 1067 3220 nomen
1089 3160 1250 3239 complicis.

336 3253 367 3308 2ο
387 3249 514 3309 liceatne
536 3249 693 3326 aliquando
714 3249 744 3308 in
767 3249 939 3326 complicem
959 3248 1117 3326 inquirere.
1155 3283 1157 3286 ·

337 3340 367 3398 3⁰
388 3337 456 3414 quid
478 3337 513 3396 de
535 3339 664 3399 Roberto
686 3337 726 3419 sit
747 3337 909 3399 dicendum.

731 3522 866 3592 Salutio.

73 3689 127 3744 370
225 3674 278 3739 Ao
302 3695 493 3750 quaasrruu
512 3677 550 3739 1¹³
565 3674 604 3741 lt.
624 3678 652 3741 1.
684 3673 888 3742 Prohibitum
911 3681 964 3743 est
985 3677 1099 3761 poenis
1112 3679 1269 3761 ferendae
1290 3685 1463 3747 sentcntiae

136 3764 309 3847 quominus
332 3763 552 3829 confessarius
576 3786 641 3846 qua
664 3763 884 3830 confessarius
914 3767 974 3832 sub
1003 3788 1109 3851 poena
1136 3767 1309 3850 negandae
1333 3771 1461 3837 absolu·

136 3854 235 3922 tionis
259 3852 413 3935 exquirat
436 3874 456 3919 a
478 3852 668 3937 paenitente
698 3874 816 3918 nomen
839 3875 897 3920 seu
927 3876 1100 3939 personam
1125 3856 1310 3941 complicis,
1343 3881 1408 3943 quo
1437 3859 1463 3925 is

137 3942 257 4025 corrigi
282 3942 335 4007 vel
359 3942 478 4027 corripi
502 3943 616 4026 possit.

226 4048 264 4114 R..
289 4051 318 4115 2.
351 4048 411 4126 Qui
435 4071 514 4115 vero
537 4049 621 4114 hanc
644 4047 773 4133 praxim
790 4053 827 4114 ut
842 4050 965 4117 licitam
984 4053 1170 4135 defenduut,
1194 4053 1388 4137 plectuntur
1408 4076 1464 4122 ex·

137 4137 430 4204 communicatione
454 4139 496 4203 R⁰
525 4138 670 4223 pontifici
703 4144 876 4205 reservata
899 4139 1003 4221 (Pius
1030 4141 1092 4220 IX,
1126 4145 1326 4227 apostolicae
1351 4145 1446 4211 Sedis
1451 4165 1465 4226 ;

137 4225 276 4293 Bened.
300 4226 388 4305 XIV,
408 4229 467 4298 ,Ad
492 4227 747 4309 eradicandum).
799 4229 855 4295 lt.
879 4253 920 4296 m.
945 4229 986 4308 ΙΙ,
1011 4233 1086 4296 339.

227 4349 280 4414 An
304 4370 496 4425 ouansrrun
521 4352 560 4414 2³
583 4350 621 4417 R.
649 4353 678 4416 1.
725 4346 890 4433 Distingui
922 4350 1019 4417 debet
1049 4351 1197 4418 formalia
1220 4358 1255 4420 et
1284 4357 1465 4423 materialis

138 4437 306 4519 inquisitio
336 4438 368 4503 in
402 4438 602 4522 complicem.
657 4437 817 4504 Formalis
847 4444 899 4507 est
930 4462 1014 4523 quae
1045 4443 1236 4526 complicem
1266 4464 1365 4510 nosse
1396 4446 1466 4512 vult

138 4547 204 4608 qua
228 4527 435 4611 complicem;
461 4528 652 4608 materialis,
678 4549 762 4610 quae
786 4528 870 4594 scire
894 4530 965 4596 vult
989 4551 1029 4595 ea
1053 4551 1136 4613 quae
1159 4535 1314 4614 spectant
1338 4533 1381 4599 ad
1404 4535 1466 4601 rite

138 4616 400 4697 cognoscendum
423 4620 596 4701 peccatum
618 4617 831 4702 paenitentia,
856 4618 917 4684 etsi
942 4619 1029 4684 forte
1052 4620 1148 4685 simul
1171 4620 1323 4704 complex
1345 4643 1466 4708 cogno·
