3044 5174
433 261 530 315 Forma
549 261 711 315 sacramenti
730 278 779 316 seu
797 261 939 317 absolutio.
1284 268 1346 333 175

76 461 303 529 IBSOLUTIO
328 461 377 526 IN
399 461 701 527 RECEDENTEM
725 461 812 527 VEL
835 461 1075 527 ABSENTEM
1098 462 1311 531 PROLATA.
1359 487 1360 490 ¹

592 610 703 676 Casus.
724 618 783 686 (89)

111 752 237 812 Carolus
259 751 476 822 confessarius,
505 771 570 810 cum
591 756 672 810 totus
701 756 781 810 esset
801 751 831 810 in
853 751 1038 811 exhortando
1063 751 1234 828 paenitente
1256 752 1345 812 etiam

76 839 89 891 t
117 833 332 910 paenitentiam
364 831 547 909 impositam,
583 831 681 890 subito
712 831 879 909 suspiciens
910 831 1120 892 animadvertit
1146 831 1346 909 paenitentem

76 915 148 983 sse;
171 919 350 990 quapropter
371 912 507 971 celeriter
527 912 642 989 profert
662 913 768 971 verba:
791 913 854 989 Epo
873 921 901 971 tc
919 914 1030 972 absoluo
1051 922 1099 972 etc.

101 993 173 1053 Alia
201 993 267 1051 vice
295 1012 360 1052 cum
389 1012 422 1051 se
451 998 639 1068 componeret
671 992 706 1050 ad
735 992 941 1069 proferendum
968 994 1158 1065 illicerentur,
1190 992 1346 1070 paenitens

76 1073 117 1148 git
139 1080 170 1131 et
191 1072 269 1144 abit;
291 1072 367 1148 quod
389 1072 628 1131 animadvertens
643 1071 766 1133 Carolus
787 1073 869 1133 sistit
889 1079 919 1131 et
940 1072 1021 1132 illum
1042 1072 1239 1133 revocandum
1261 1079 1346 1133 curat

77 1153 280 1229 recipiendam
301 1151 529 1212 absolutionem:
561 1153 638 1228 quod
660 1153 719 1212 alia
741 1153 806 1212 vice
826 1153 857 1211 in
877 1153 981 1212 iisdem
1003 1153 1250 1224 circumstantiis,
1279 1172 1344 1212 oum

84 1233 198 1292 nobilis
219 1232 355 1292 similiter
375 1231 486 1304 abiret,
507 1233 625 1292 ruboris
647 1252 738 1292 causa
760 1234 875 1304 omisit,
896 1252 1025 1311 pergens
1047 1233 1199 1293 tamenin
1219 1252 1345 1311 pronun·

76 1312 131 1372 ldis
152 1318 184 1372 et
204 1312 341 1372 finiendis
361 1312 461 1371 verbis
483 1331 557 1388 quae
578 1311 738 1389 inceperat.

109 1392 209 1463 Idem,
238 1412 304 1452 oum
331 1392 363 1452 in
390 1392 498 1452 fodinis
526 1392 711 1452 carbonariis
738 1393 932 1452 infortunium
959 1392 1136 1465 accidisset,
1165 1398 1290 1453 vocatus
1313 1398 1345 1452 ut

76 1472 213 1542 ibnndis,
234 1473 261 1532 si
282 1472 330 1548 qui
351 1472 461 1549 reperti
482 1473 602 1543 inerint,
624 1479 818 1544 succurreret,
840 1475 915 1532 bene
929 1473 1102 1533 recordatur
1116 1481 1186 1533 aute
1201 1472 1344 1551 proelium

76 1572 115 1612 un
135 1552 260 1612 militum
282 1571 399 1611 manum
420 1571 474 1629 per
494 1553 610 1613 modum
632 1552 719 1611 unius
741 1552 854 1612 absolvi
875 1572 978 1629 posse;
1007 1560 1186 1631 quapropter
1206 1572 1285 1612 nunc
1306 1552 1345 1612 si-

76 1634 131 1692 iter
153 1638 238 1692 stans
259 1652 350 1711 supra
370 1632 402 1691 in
422 1633 546 1692 introitu
566 1632 684 1692 fodinae
706 1634 797 1692 rerba
824 1633 1019 1693 absolutionis
1046 1634 1160 1710 profert
1180 1634 1211 1692 in
1232 1652 1344 1706 omnes,

76 1715 145 1774 'orte
166 1713 196 1772 in
217 1713 285 1772 imis
305 1719 404 1773 terrae
433 1713 465 1772 in
493 1713 619 1773 diversis
647 1714 782 1790 partibus
809 1713 928 1772 iaceant
955 1713 1120 1773 moribundi
1148 1713 1343 1774 absolutionis

76 1813 164 1864 aoes;
192 1794 236 1852 ita
262 1794 372 1870 gaudet
399 1794 475 1870 quod
496 1794 527 1853 in
549 1794 675 1853 maxime
697 1793 874 1854 necessariis
895 1813 978 1870 opem
1005 1814 1089 1853 suam
1116 1794 1175 1853 iam
1195 1795 1274 1853 ferre
1295 1815 1344 1871 po-

76 1874 119 1942 nt,
135 1873 171 1931 de
185 1873 296 1949 reliquo
311 1880 476 1951 exspectat,
498 1874 523 1934 si
538 1874 615 1934 forte
630 1875 795 1950 contingat,
814 1880 848 1934 ut
862 1873 952 1949 aliqui
966 1874 1003 1933 ad
1017 1874 1112 1933 lucem
1128 1875 1205 1933 trahi
1219 1875 1343 1951 possint.

109 1953 180 2012 Alia
201 1954 267 2013 vice
289 1973 341 2030 per
362 1954 562 2031 telephonium
585 1954 696 2031 accipit
715 1954 850 2013 nuntium
864 1954 1065 2031 paenitentem
1080 1955 1137 2014 sibi
1152 1956 1227 2014 bene
1241 1960 1343 2014 notum

76 2032 120 2092 ito
142 2053 215 2091 casu
234 2034 334 2093 iacere
355 2035 558 2094 moribundum
578 2034 610 2092 in
630 2035 702 2093 urbe
732 2035 858 2111 quinque
878 2034 972 2093 leucis
999 2034 1146 2106 distante,
1174 2035 1223 2094 ubi
1244 2035 1343 2094 nullus

86 2113 254 2173 catholicus
276 2115 431 2185 sacerdos3
457 2115 544 2174 valde
565 2113 727 2174 desiderari
748 2135 766 2174 a
787 2114 977 2184 moribundo,
1007 2120 1039 2173 ut
1059 2115 1123 2191 ipss
1151 2134 1235 2192 opem
1256 2116 1342 2175 terat.

76 2213 119 2252 tre
148 2194 251 2252 statim
271 2200 371 2254 monet
399 2201 433 2254 ut
460 2194 650 2254 moribundus
678 2200 805 2270 ponatur
826 2195 863 2253 ad
891 2194 1091 2271 telephonium
1119 2200 1208 2272 atque
1238 2195 1279 2255 ibi
1299 2216 1342 2255 re·

76 2280 110 2333 at
130 2273 361 2340 absolutionem:
383 2275 459 2350 quod
479 2275 522 2333 ita
541 2275 583 2335 fit.

76 2409 197 2449 rrnrrux
220 2392 248 2448 1ο
270 2409 344 2465 quae
366 2391 535 2467 praesentia
556 2390 723 2467 requiratur
744 2396 777 2450 ut
797 2390 954 2467 paenitens
975 2390 1072 2467 possit
1092 2390 1217 2452 absolvi.

219 2487 250 2544 2⁰
271 2487 403 2564 possitne
423 2488 523 2565 plures
544 2487 660 2548 absolvi
681 2488 768 2549 simul
790 2488 820 2547 in
842 2507 900 2565 qua
920 2489 1100 2565 praesentia.

218 2586 258 2644 3⁰=
269 2585 403 2661 possitne
423 2586 488 2645 fieri
509 2586 656 2646 absolutio
678 2606 731 2662 per
751 2586 961 2663 telephonium.

219 2686 251 2741 4⁰
272 2682 340 2758 quid
361 2683 398 2742 ad
420 2683 552 2759 singulos
574 2704 663 2744 casus
685 2685 725 2744 sit
746 2684 909 2745 dicendum.

586 2867 721 2934 Solutio.

105 3006 160 3072 An
193 3027 384 3083 ouuasmuu
419 3011 456 3073 1¹¹¹
488 3009 527 3076 R.
561 3011 589 3076 1.
636 3010 715 3076 Cum
747 3015 989 3078 sacramentum
1022 3007 1244 3094 paenitentiae
1276 3024 1401 3076 non299

76 3101 199 3179 agatur
220 3096 349 3162 actions
371 3117 455 3178 quae
470 3098 605 3182 physice
620 3099 812 3178 subiectum,
837 3099 858 3168 i.
874 3121 903 3166 e.
920 3098 1152 3183 paenitentem,
1177 3097 1341 3179 attingere

76 3189 154 3262 eat,
178 3187 237 3251 sed
259 3207 319 3269 per
340 3187 471 3251 modum
494 3187 678 3255 sententiae
701 3188 867 3272 prolatae,
892 3209 932 3254 ea
954 3187 1142 3273 praesentia
1164 3186 1342 3270 requiritur

76 3273 198 3341 sufficit
221 3296 304 3358 quae
327 3274 371 3341 sit
394 3275 481 3342 inter
502 3275 643 3342 iudicem
666 3281 700 3343 et
723 3298 823 3356 reum,
848 3282 885 3343 ut
908 3299 1017 3343 coram
1042 3298 1080 3343 eo
1104 3276 1269 3345 sententia
1291 3276 1340 3341 fe·

76 3384 121 3429 ur.
151 3363 228 3429 Dixi
253 3387 356 3428 corum
382 3387 549 3447 reo;na1n
572 3368 628 3432 boc
650 3365 801 3431 iudicium
826 3367 1045 3433 voluntarium
1069 3370 1121 3433 est
1143 3371 1177 3433 et
1199 3363 1342 3430 maxime

76 3456 200 3529 ratum3
224 3453 362 3535 ideoque
385 3453 418 3519 in
441 3454 592 3521 absentia
608 3455 753 3539 exerceri
770 3455 899 3538 nequit;
923 3456 1021 3521 immo
1036 3452 1133 3522 tanta
1148 3455 1246 3521 debet
1268 3474 1341 3520 esse

76 3542 206 3609 esentia
228 3542 261 3607 in
285 3564 350 3625 qua
378 3542 510 3627 privata
533 3544 705 3611 collocutio
734 3545 805 3610 fieri
835 3545 948 3628 possit.
995 3546 1048 3611 Ita
1079 3546 1197 3611 saltem
1225 3547 1263 3609 ut
1291 3542 1342 3608 in·

76 3630 115 3696 rie
131 3635 261 3697 constet
276 3632 316 3697 de
333 3632 537 3698 absolutione
553 3633 784 3699 sacramentali
800 3633 862 3700 rite
879 3635 974 3700 data:
998 3655 1195 3717 quamquam
1211 3632 1341 3698 minime

76 3720 196 3787 uisitur
224 3726 261 3788 ut
291 3721 463 3806 paenitens
492 3722 594 3788 verba
623 3723 877 3789 sacramentalia
904 3722 1044 3790 audierit
1066 3744 1124 3789 seu
1147 3722 1340 3807 perceperit.

76 3810 167 3875 {ferri
190 3814 301 3893 potest
323 3810 385 3876 hac
408 3811 441 3875 in
464 3832 501 3876 re
517 3813 683 3879 decretum
701 3812 877 3879 Clementis
893 3811 972 3876 VIII
988 3812 1018 3878 d.
1036 3812 1066 3880 d.
1085 3815 1126 3878 20
1143 3811 1225 3876 lunii
1244 3814 1339 3889 1602,

76 3927 80 3960 ι
105 3900 281 3966 damnatur
304 3902 485 3979 sententia,
517 3901 610 3983 quasi
640 3901 738 3968 liceat
765 3923 843 3985 ,per
866 3901 994 3968 litteras
1024 3922 1082 3967 seu
1105 3900 1341 3967 internuntium

79 3987 220 4055 fossario
244 3989 372 4056 absenti
394 3994 532 4073 peccata
556 3991 838 4057 sacramentaliter
868 3989 1016 4056 confiteri
1039 4000 1067 4056 et
1091 3992 1129 4055 ob
1155 3991 1260 4055 eodem
1284 3991 1340 4053 ub-

76 4087 102 4144 te
114 4078 338 4144 absolutionem
351 4078 519 4160 obtinerd,
534 4080 755 4163 praecipitque
767 4102 808 4145 ne
820 4080 901 4145 haec
914 4079 1079 4145 sententia
1090 4100 1243 4162 umquam
1255 4083 1340 4145 tanr-

76 4189 116 4232 .m
132 4167 242 4249 aliquo
258 4189 337 4233 casu
355 4168 534 4252 probabilis
555 4170 758 4236 defendatur.
777 4222 783 4234 .
804 4170 944 4236 ,autad
964 4167 1093 4252 praxim
1114 4167 1339 4251 quovismodo

76 4261 232 4323 uoatur‘.
272 4257 376 4334 Quam
401 4258 644 4324 damnationem
668 4259 708 4323 de
732 4257 936 4323 confessione
961 4262 995 4323 et
1018 4257 1223 4324 absolutione
1248 4259 1341 4320 etiam

76 4370 112 4413 su
138 4348 239 4411 diuiso
262 4345 410 4428 intellegi
425 4346 547 4413 Paulus
562 4348 594 4412 V
616 4347 646 4412 d.
673 4347 803 4412 141u1ii
829 4350 913 4413 1605
938 4346 1126 4413 authentice
1149 4343 1339 4410 declaravit.

107 4436 160 4500 Ex
184 4456 247 4516 quo
271 4434 417 4517 legitime
441 4436 611 4502 deducitur
634 4458 697 4501 non
722 4436 826 4501 solum
850 4435 1016 4512 illicitam,
1041 4434 1222 4502 sedetiam
1246 4434 1340 4497 inva-

76 4547 116 4591 rm
141 4545 215 4590 esse
237 4524 474 4591 absolutionem
499 4525 661 4599 absentis;
687 4525 769 4591 alias
793 4526 878 4590 enim
903 4546 966 4590 non
990 4524 1125 4589 inomni
1151 4543 1228 4588 casu
1252 4527 1341 4588 esset

76 4615 141 4682 ita.
190 4613 221 4680 S.
246 4613 362 4696 Alph.
387 4615 443 4692 VI,
468 4617 542 4680 428.
