3044 5174
391 282 534 354 Susceptio
551 283 716 338 sacramenti
734 302 750 337 a
769 282 894 337 ministro
912 282 1031 351 indiguo.
1328 287 1371 351 35

129 452 172 519 a.
197 455 229 518 4.
261 451 297 518 Si
320 472 400 518 vero
423 451 636 518 moribundus
658 451 897 536 supervixerit,
930 472 1026 518 casus
1050 450 1237 518 accuratius
1261 450 1370 517 discu-

38 541 174 608 tiendus
198 545 261 619 est,
286 547 388 624 atque
409 547 602 608 remanente
624 562 827 624 quocumque
850 541 1012 625 probabili
1031 540 1127 606 dubio
1152 541 1192 606 de
1215 539 1369 625 baptismi

39 631 157 697 valore
194 630 379 716 baptismus
412 634 489 714 post
521 634 732 715 procuratam
766 634 892 697 certam
926 630 1170 714 dispositionem
1200 631 1260 695 sub
1292 650 1370 695 con·

40 721 171 787 dicione
195 721 367 787 iterandus
390 723 450 786 est.

131 827 249 904 Quoad
264 826 305 895 B.
322 829 362 892 3¹²¹
378 829 491 893 exstat
505 825 659 893 iudicium
675 827 706 895 S.
724 828 841 910 Congr.
867 827 907 892 de
922 826 1020 909 Prop.
1036 825 1126 902 Fide,
1151 847 1234 909 quae
1252 827 1271 890 6
1288 824 1371 889 Iunii

43 919 131 985 1860
156 917 198 982 de
230 916 352 982 haere
383 915 590 999 interrogata
619 916 804 1001 respondit:
840 915 896 995 ,In
918 915 1033 992 dubio,
1065 920 1175 981 uuum
1198 914 1269 998 ipse
1293 934 1372 979 vere

40 1006 197 1074 intendat
220 1005 419 1089 baptismum
448 1007 632 1089 suscipere,
663 1007 692 1071 si
721 1005 857 1090 praevio
888 1004 1037 1088 diligenti
1067 1004 1217 1070 examine
1247 1004 1287 1069 de
1310 1003 1372 1068 hac

40 1095 228 1164 intentione
251 1095 358 1160 adhuc
381 1094 564 1173 dubitetur,
596 1095 779 1180 baptismus
803 1094 945 1160 conferri
977 1094 1076 1160 debet
1098 1094 1159 1159 sub
1183 1091 1372 1159 condicione

43 1187 217 1252 dammodo
240 1187 283 1252 ait
311 1207 417 1270 copas
446 1184 605 1271 baptismi.
623 1239 631 1254 .
649 1236 683 1252 ..
729 1185 801 1250 Nec
830 1184 914 1250 bene
943 1205 980 1249 se
1008 1183 1114 1266 gessit
1136 1181 1371 1260 missionarius,

42 1274 175 1359 quaudo
200 1273 399 1358 baptismum
423 1274 595 1339 conferens
624 1274 684 1340 sub
714 1272 903 1340 condicione
932 1272 1074 1340 intendit
1103 1293 1139 1338 se
1168 1293 1234 1337 non
1263 1270 1373 1355 bapti·

42 1385 118 1431 aare
141 1362 299 1448 sepositis
322 1363 416 1428 bonis
439 1362 705 1448 dispositionibus
728 1363 762 1429 in
785 1361 984 1448 suscipiente
999 1361 1216 1446 baptismum
1239 1382 1316 1426 nam
1338 1359 1373 1425 in

42 1475 120 1520 casu
144 1451 373 1519 missionarius
396 1454 484 1518 debet
513 1461 637 1519 tantam
666 1455 831 1519 intendere
859 1473 895 1519 se
924 1451 1094 1536 baptizare
1123 1459 1279 1538 qautenus
1301 1471 1373 1516 aas·

42 1545 165 1631 cipims
195 1545 238 1607 sit
268 1564 372 1627 capos
401 1543 567 1628 baptismi,
599 1545 619 1610 ἰ.
651 1565 675 1608 c.
706 1544 796 1608 illum
827 1542 954 1608 sincere
984 1541 1151 1625 suscipere
1180 1540 1280 1607 velit“
1314 1537 1372 1621 (ex

46 1634 236 1714 ,Oollectau
260 1633 294 1700 S.
321 1631 434 1718 Conqr.
458 1633 497 1697 de
518 1633 616 1716 Prop.
640 1630 742 1698 Fide
768 1653 799 1698 n.
825 1632 914 1713 589).

338 1822 571 1890 SUSCEPTIO
594 1823 625 1889 A
647 1823 859 1892 MINISTRO
883 1823 1081 1891 INDIGNO.

611 1963 722 2031 basus.
741 1971 800 2041 (16)

133 2102 296 2164 Caesarius
317 2102 423 2163 solitus
444 2103 550 2179 quavis
570 2103 754 2163 hebdomada
775 2104 812 2162 ad
834 2109 1022 2164 sacramenta
1042 2103 1196 2173 accedere,
1227 2121 1265 2160 ex
1286 2120 1321 2160 eo
1341 2100 1373 2160 in

44 2184 203 2262 angustias
224 2183 371 2243 conicitur
391 2184 467 2260 quod
488 2184 665 2261 compererit
685 2185 878 2257 sacerdotem,
900 2185 949 2260 qui
973 2186 1054 2244 solus
1076 2190 1122 2243 est
1141 2182 1173 2241 in
1192 2182 1276 2252 loco,
1298 2200 1374 2240 com·

43 2265 165 2326 misisse
181 2283 277 2340 grave
289 2270 444 2342 peccatum
464 2270 553 2340 atque
566 2265 712 2324 occultam
727 2264 888 2324 incurrisse
903 2264 1245 2324 excommunicationem.
1274 2256 1373 2331 Quare

44 2366 82 2405 ex
102 2365 166 2405 una
191 2348 278 2421 parte
299 2343 384 2403 timet
404 2364 442 2404 ne
461 2344 506 2404 illi
527 2346 670 2422 praebeat
691 2345 877 2405 occasionem
898 2345 1026 2421 augendi
1046 2349 1187 2423 poccata;
1218 2362 1256 2402 ex
1278 2342 1373 2402 altera

44 2430 131 2503 parte
152 2425 211 2485 arbi
232 2443 326 2500 grave
347 2428 474 2485 estnon
496 2425 638 2497 confiteri,
662 2425 729 2502 quia
749 2425 815 2503 ipss
829 2425 934 2484 dubius
956 2431 1003 2485 est
1017 2426 1053 2485 de
1074 2446 1128 2486 suo
1145 2429 1227 2483 statu
1248 2421 1372 2498 gratim

134 2514 239 2586 Immo,
262 2533 329 2574 cum
349 2519 454 2591 postea
475 2514 629 2574 incidisset
648 2514 679 2573 in
700 2534 792 2591 gave
808 2515 888 2574 vitae
902 2515 1073 2592 periculum,
1094 2519 1215 2592 praesto
1228 2531 1288 2571 non
1309 2515 1374 2570 erat

46 2595 103 2654 nisi
128 2594 273 2655 sacerdos
293 2598 547 2671 neo-protestans:
579 2595 615 2653 ad
637 2614 723 2670 quem
750 2595 941 2655 nihilominus
961 2595 1043 2655 misit
1063 2601 1096 2655 ut
1116 2595 1174 2654 sibi
1195 2591 1293 2653 omnia
1313 2610 1373 2650 mo·

45 2675 184 2735 rientium
204 2681 395 2735 sacramenta
415 2675 662 2735 ministrarentur.

47 2790 224 2861 Qusmrua
247 2792 278 2849 1⁰
298 2789 427 2866 liceatne
447 2795 549 2868 petere
570 2796 758 2851 sacramenta
780 2811 798 2850 a
818 2790 954 2851 ministro
975 2791 1105 2868 indigno.

245 2881 277 2939 2ο
298 2878 365 2956 quid
387 2881 422 2940 de
443 2879 584 2941 Caesario
605 2879 636 2939 in
657 2884 782 2958 utroque
804 2900 883 2942 casu.

641 3063 780 3131 Solutio.

136 3209 188 3273 An
212 3226 408 3284 quaeamus
432 3209 471 3270 1²²
494 3205 532 3274 R.
553 3208 580 3272 1.
612 3204 663 3270 Ab
687 3205 821 3287 indigno
845 3205 994 3272 ministro
1015 3210 1152 3272 eatenus
1175 3228 1240 3272 non
1263 3206 1417 3273 licebitte

47 3301 161 3381 petere
192 3301 405 3363 sacramenta
434 3298 596 3379 quatenus
627 3316 693 3359 non
722 3295 834 3362 licebit
857 3296 927 3361 sine
955 3295 1131 3362 sufficienti
1155 3317 1255 3362 causa
1278 3295 1375 3362 alteri

47 3407 162 3454 ansam
186 3386 267 3452 dare
291 3387 333 3451 ad
355 3405 475 3450 novum
499 3389 669 3469 peccatum
687 3385 970 3462 committendum3
995 3385 1152 3468 siquidem
1176 3385 1375 3453 sacramenti

47 3475 293 3543 administratio
316 3475 357 3541 ab
380 3475 514 3557 indigno
537 3474 628 3540 facta
652 3477 703 3539 est
724 3474 786 3558 ipsi
811 3479 991 3558 peccatum.

136 3582 177 3650 R.
204 3585 234 3649 2.
267 3581 392 3647 Verum
414 3581 594 3663 indignitas
618 3584 669 3646 est
693 3580 833 3647 diversa.
865 3580 1051 3664 Aliquando
1076 3581 1225 3648 consistit
1248 3581 1282 3646 in
1305 3582 1374 3646 solo

47 3676 140 3740 statu
163 3671 310 3756 peccati3
340 3671 516 3754 aliquando
540 3670 572 3736 in
597 3670 821 3736 ecclesiastica
843 3691 982 3736 censura
1007 3670 1040 3735 vi
1064 3670 1154 3736 cuius
1178 3669 1376 3737 sacramenti

48 3760 292 3828 administratio
315 3762 375 3826 fiat
398 3760 547 3826 ministro
570 3759 695 3825 illicita.

137 3849 300 3918 Attamen
316 3850 539 3916 ecclesiastica
555 3870 691 3915 censura
707 3869 773 3931 qua
787 3849 875 3925 talis,
899 3849 927 3913 si
943 3849 1071 3914 occulta
1088 3852 1148 3927 est,
1172 3849 1376 3915 obstaculum

47 3962 112 4006 non
144 3943 239 4007 creat
267 3938 418 4005 ministro
453 3940 530 4021 quin
566 3938 773 4004 administret
803 3944 1011 4004 sacramenta
1041 3941 1159 4024 petenti
1166 3961 1180 4020 ;
1212 3939 1374 4023 prohibet,

49 4030 224 4112 quominus
247 4033 365 4113 sponte
397 4050 433 4093 se
462 4030 496 4093 in
529 4028 788 4094 administranda
811 4033 1020 4093 sacramenta
1049 4027 1190 4110 ingerat.
1238 4027 1272 4093 Si
1294 4048 1374 4091 vero

47 4119 182 4203 publica
206 4122 258 4184 est
281 4139 432 4196 censura,
456 4117 599 4183 maxime
623 4117 651 4181 si
674 4117 824 4183 minister
846 4117 890 4184 sit
913 4117 1078 4194 vitandus,
1104 4138 1241 4182 censura
1265 4117 1376 4181 obstat

48 4209 223 4292 quominus
248 4207 305 4274 alii
326 4208 439 4272 fideles
462 4208 495 4272 in
518 4207 621 4272 sacris
645 4228 716 4271 cum
741 4207 797 4271 illo
813 4205 948 4272 vitando
972 4205 1101 4290 possint
1125 4206 1374 4282 communicare,
1495 4207 1499 4216 '

50 4299 77 4364 si
100 4297 251 4382 excipias
275 4318 386 4362 casum
411 4300 580 4362 extremae
603 4295 820 4362 necessitatis

137 4389 256 4454 Status
279 4385 406 4470 peccati
429 4407 471 4451 ox
494 4407 529 4450 se
553 4385 682 4468 quidem
706 4387 817 4451 obstat
841 4384 1012 4467 quominus
1034 4384 1067 4448 in
1089 4383 1149 4449 tali
1172 4387 1263 4449 statu
1278 4383 1377 4447 liceat

50 4477 201 4545 ministro
231 4475 461 4542 administrare
492 4479 715 4540 sacramenta:
746 4496 861 4539 verum
892 4475 1037 4556 quolibet
1066 4478 1214 4556 tempore
1244 4473 1276 4537 in
1307 4471 1377 4536 eius

52 4572 218 4652 potestate
249 4569 302 4632 est
333 4586 392 4648 per
422 4569 532 4630 actum
565 4565 733 4648 perfectae
764 4563 968 4628 contritionis
999 4584 1072 4627 cum
1101 4563 1222 4626 auxilio
1247 4561 1377 4626 divinae
1484 4609 1488 4618 .

53 4658 179 4740 gratiae
204 4675 279 4721 sese
309 4657 441 4719 ostatu
463 4654 591 4738 peccati
622 4655 756 4737 eripere.
804 4653 912 4729 Quare
942 4651 997 4734 qui
1026 4651 1111 4735 petit
1139 4652 1180 4716 ab
1204 4672 1242 4717 eo
1266 4671 1377 4717 sacra·

1133 4755 1168 4807 3*
