3044 5174
137 267 201 330 210
587 261 793 317 Sacramentum
810 263 1003 332 paenitentiae.

137 439 168 506 S.
201 438 456 522 Alphonsum
484 437 550 515 Vl,
587 440 650 503 257
686 439 851 505 sententia
883 459 1009 522 negans
1042 439 1192 504 strictam
1225 438 1464 522 obligationem

136 528 281 613 practice
304 526 482 611 probabilis
505 527 620 594 evasit.
671 529 727 594 Tb.
752 551 793 594 m.
817 527 858 604 Π,
884 531 958 595 325.

73 652 128 708 359
226 643 265 711 R.
296 645 327 708 4.
374 642 476 708 Plane
504 642 671 708 indubium
702 647 754 708 cst
783 643 901 710 debere
924 642 1054 709 illorum
1083 647 1294 727 peccatorum
1326 665 1465 709 accusa·

136 733 259 799 tionem
283 731 353 796 fieri
377 731 409 796 in
428 734 539 816 prima
563 731 779 811 confessione,
805 753 906 815 quae,
937 734 1088 798 cessante
1110 731 1361 816 impedimento,
1393 733 1464 798 sire

137 843 180 887 ex
204 821 403 902 obligatione
427 820 497 886 sive
521 821 622 887 libere
645 821 838 889 instituitur.
885 821 972 887 Nam
995 822 1077 887 haec
1098 820 1171 905 ipsa
1195 820 1376 899 confessio,
1400 823 1463 888 nisi

137 912 289 976 dicantur
311 916 450 993 peccata
480 915 580 975 antea
610 909 746 989 omissa,
778 932 842 976 non
874 911 937 977 crit
960 909 1136 975 secundum
1160 911 1345 976 doctrinam
1370 912 1462 978 Cone.

143 1001 233 1065 Tricl.
258 1020 338 1063 sess.
365 1001 422 1074 14,
454 1019 481 1064 c.
507 1002 526 1063 5
551 1002 675 1084 ialepra
699 999 841 1065 omnium
864 1005 1091 1084 peccatorum,
1122 1020 1260 1081 quorum
1290 999 1464 1083 paenitens

138 1088 199 1154 sibi
227 1087 375 1153 conscius
398 1091 458 1153 cst.
505 1087 589 1152 lllud
619 1088 705 1154 enim
741 1088 818 1166 ,sibi
843 1087 1006 1154 conscium
1030 1093 1120 1154 esse“
1147 1108 1207 1154 seu
1233 1094 1463 1173 ,peccatorum

138 1176 369 1243 conscientiam
393 1176 532 1242 babere“
552 1176 631 1242 nihil
654 1178 743 1243 aliud
758 1177 942 1260 significare
958 1182 1069 1261 potest
1083 1197 1182 1260 quam
1208 1177 1463 1256 ,conscientiam

137 1267 259 1333 habere
282 1265 409 1349 peccati
432 1268 573 1331 nondam
597 1267 736 1333 clavibus
752 1267 910 1332 Ecclesiae
933 1265 1115 1350 submissi“,
1138 1288 1203 1332 non
1226 1271 1339 1351 potest
1362 1267 1462 1350 signi·

137 1358 253 1421 ficare:
275 1353 529 1432 ,conscientiam
553 1355 675 1421 habere
696 1356 826 1439 peccati
848 1357 990 1421 nondum
1015 1364 1179 1442 calcemque
1201 1354 1366 1438 remissi“,·
1388 1378 1461 1422 nam

138 1445 222 1510 hanc
245 1443 479 1510 conscientiam
503 1444 602 1510 etiam
626 1444 682 1510 ille
705 1444 902 1520 nonhabet,
927 1444 982 1526 qui
998 1449 1075 1512 cont
1095 1444 1194 1511 'tione
1216 1445 1367 1528 perfecta
1390 1467 1458 1511 curn

139 1536 208 1600 Deo
232 1555 268 1599 se
291 1532 533 1611 reconciliavit,
558 1533 664 1598 minus
687 1533 788 1599 etiam
812 1533 866 1615 qui
889 1533 960 1598 sine
984 1533 1188 1599 confessione
1211 1537 1363 1600 extrema
1385 1556 1458 1600 unc-

138 1624 228 1690 tione
257 1623 401 1688 munitas
431 1627 498 1688 est:
528 1623 586 1687 sed
617 1622 676 1687 hos
699 1644 720 1688 a
743 1627 952 1707 peccatorum
983 1622 1187 1689 confessione
1209 1623 1364 1689 excusari
1393 1623 1457 1706 qui·

138 1713 219 1778 libet
242 1733 301 1795 pro
325 1710 465 1776 absurdo
489 1711 598 1778 habet.
630 1711 677 1777 cf.
708 1713 763 1778 Tb.
788 1735 828 1777 en.
852 1712 893 1790 ll,
918 1713 1000 1788 326;
1024 1711 1136 1777 Marc
1158 1711 1200 1790 Il,
1229 1714 1331 1788 1699;
1356 1712 1456 1777 Viva
1495 1723 1498 1759 r

139 1801 173 1867 in
205 1803 305 1866 theses
337 1803 445 1866 dorna.
478 1805 518 1866 11
553 1801 592 1864 ab
623 1804 714 1867 Alea.
739 1801 821 1880 VII,·
853 1800 1232 1879 Ballerini-Palm.,
1264 1802 1316 1867 Dc
1343 1805 1453 1887 paercit.

139 1913 171 1957 n.
197 1892 271 1956 348.
311 1888 349 1954 ln
372 1890 443 1955 loco
467 1894 667 1973 postremum
691 1889 825 1955 laudato
848 1891 930 1955 haec
953 1890 1070 1955 babes:
1100 1890 1258 1973 ,Oportet
1282 1911 1362 1955 vero
1384 1890 1453 1956 illud

140 1977 326 2064 [peccatum
351 1977 504 2044 omissum
529 2000 571 2043 ex
595 1975 773 2062 oblivione]
803 1978 841 2043 in*
865 1981 1015 2065 proximo
1038 1978 1259 2056 confessione,
1290 2001 1376 2062 quae
1404 1981 1452 2045 fiat

139 2070 192 2133 vel
216 2071 333 2151 sponte
356 2068 409 2132 vel
434 2089 477 2132 ex
500 2067 716 2150 obligatione,
748 2067 976 2144 manifestare,
1007 2067 1085 2150 quia
1107 2068 1161 2133 lex
1184 2068 1391 2152 praecipiens
1411 2067 1450 2132 in-

139 2157 331 2240 tegritatem
361 2156 574 2222 confessionis
604 2156 865 2240 comprehendit,
896 2157 991 2222 iuxta
1020 2160 1226 2223 constantem
1256 2157 1290 2223 in
1314 2156 1451 2224 Ecclesia

139 2245 447 2330 interpretationem
470 2245 563 2327 legis,
588 2246 696 2311 omnia
720 2249 858 2329 peccata
881 2247 1022 2310 nondum
1039 2267 1099 2329 per
1114 2247 1355 2312 absolutionem
1378 2248 1449 2312 iadi-

139 2339 264 2401 cialiter
292 2335 446 2400 remissa:
478 2356 553 2399 narn
583 2333 656 2418 ipsa
686 2334 845 2400 confessio
877 2335 1092 2418 praecipitur,
1124 2340 1161 2401 ut
1189 2337 1271 2402 haec
1302 2335 1449 2402 absolutio

138 2424 355 2491 obtineatur.“

77 2572 131 2626 360
229 2554 282 2619 An
306 2575 498 2630 ouansrrunr
522 2557 561 2619 3¹¹¹
586 2554 624 2619 R.
672 2553 874 2636 Responsum
902 2553 1048 2620 Evodiae
1078 2555 1190 2621 datum
1221 2555 1255 2621 in
1285 2577 1322 2622 se
1345 2556 1450 2623 falsum
1493 2584 1495 2588 ³

141 2650 208 2720 est3
240 2666 317 2709 nam
345 2643 372 2707 si
396 2665 432 2708 re
455 2664 535 2708 vera
559 2641 685 2708 Evodia
715 2643 907 2708 recordatur
936 2643 1063 2727 peccati
1092 2644 1205 2726 gravis
1235 2645 1379 2711 nondum
1400 2644 1450 2710 rite

142 2733 304 2806 accusati,
336 2733 532 2798 alterutrum
564 2733 684 2813 eligere
716 2732 828 2798 debet:
860 2736 919 2798 aut
948 2732 1070 2798 nullam
1094 2732 1333 2800 confessionem
1356 2735 1451 2801 facere
1494 2729 1498 2732 ’

142 2844 244 2904 usque
267 2822 309 2887 ad
332 2822 472 2889 reditum
495 2821 582 2886 illius
606 2820 776 2886 directoris
806 2821 1053 2900 exercitiorum,
1086 2828 1160 2900 aut,
1191 2822 1220 2888 si
1249 2823 1283 2890 id
1313 2827 1450 2908 nequeat,
1495 2848 1498 2891 3

141 2912 267 2977 sincere
299 2909 398 2977 fateri
428 2915 598 2995 peccatum
630 2910 794 2975 omissum.
848 2910 970 2975 Verum
1002 2911 1030 2976 si
1061 2911 1203 2978 director
1234 2915 1450 2980 exercitiorum
1495 2914 1498 2946 ⁵

142 3002 223 3066 bene
248 3000 488 3067 examinaverit
511 2999 687 3074 Evodiam,
719 3020 791 3063 aum
822 2997 892 3063 eius
922 2999 1158 3066 confessionem
1190 3004 1378 3083 generalem
1406 3022 1452 3066 ex·

141 3091 274 3175 ciperet,
300 3089 469 3155 moraliter
491 3094 601 3154 certus
623 3108 696 3152 esse
712 3091 823 3172 potest
845 3110 881 3153 se
897 3089 1005 3169 onmia
1021 3089 1211 3156 essentialia
1226 3090 1451 3177 interrogasse:
1496 3117 1498 3124 ¹

142 3202 180 3246 ac
203 3180 297 3263 proin
321 3179 431 3243 licebit
455 3177 602 3243 Evodiae
625 3178 750 3242 dicere:
775 3176 809 3242 Si
831 3181 947 3261 postea
971 3180 1165 3245 dubitavcris
1190 3181 1230 3245 de
1252 3181 1452 3248 circumstan-

141 3269 197 3334 tiis
221 3291 284 3333 non
308 3268 390 3333 satis
415 3267 607 3343 declaratis,
638 3287 754 3331 secura
784 3271 872 3344 estc,
904 3288 969 3331 non
999 3268 1122 3333 teneris
1153 3290 1193 3334 ea
1216 3269 1341 3350 dicere,
1372 3276 1453 3355 pote

141 3364 252 3424 tamen
276 3362 392 3441 postea
415 3357 492 3421 mihi
516 3355 665 3422 redeunti
689 3377 729 3420 ea
751 3356 973 3422 manifestare.

202 3569 438 3635 CONFESSIO
463 3568 583 3634 APUD
607 3567 944 3634 CONFESSARIUM
966 3568 1165 3650 LlNGUAll
1187 3569 1405 3638 IGNARUM.

699 3741 810 3807 Casus,
830 3748 905 3817 (105)

232 3883 356 3941 Plautus
378 3881 589 3951 confessarius,
613 3901 677 3939 cum
699 3882 902 3941 consessiones
924 3882 1026 3941 audiat
1047 3883 1078 3940 in
1099 3883 1200 3958 lingua
1221 3885 1396 3960 peregrina,
1416 3882 1456 3943 ali·

144 3964 228 4022 cuius
250 3962 430 4040 paenitentis
446 3963 661 4021 confessionem
675 3963 763 4038 plane
784 3982 843 4020 non
865 3963 1027 4036 intellegit;
1050 3983 1135 4039 quern
1151 3984 1215 4023 cum
1230 3965 1306 4024 velit
1320 3965 1358 4024 ad
1380 3966 1456 4028 aliurn

144 4043 358 4102 confessarium
380 4043 500 4117 linguae
522 4042 651 4116 regionis
672 4042 798 4118 peritum
822 4043 964 4117 dirigere,
986 4044 1145 4103 difficulter
1166 4064 1340 4121 permovere
1362 4051 1457 4125 potest,

143 4125 288 4182 dicentem
311 4143 343 4182 se
365 4125 438 4181 bene
459 4123 555 4198 ipsum
577 4123 791 4180 confessarium
813 4123 993 4198 intellegere.
1023 4123 1120 4193 Quare
1140 4144 1177 4182 ne
1194 4131 1312 4203 tempus
1326 4127 1458 4187 inutiliter

143 4211 239 4273 terat,
271 4203 471 4280 paenitentem
492 4202 673 4279 interrogat,
701 4203 745 4261 ita
772 4209 806 4262 ut
827 4223 950 4263 necesse
971 4224 1029 4263 non
1052 4205 1091 4263 sit
1119 4205 1176 4263 nisi
1204 4211 1237 4264 ut
1265 4212 1319 4266 aut
1340 4208 1457 4267 affirmet
1495 4233 1498 4281 ς

144 4291 196 4343 aut
217 4291 321 4358 neget;
351 4282 417 4340 dein
447 4283 584 4342 absolvit.
627 4284 768 4343 Similiter
797 4305 862 4342 cum
890 4285 1021 4360 reperiat
1049 4285 1248 4361 paenitentem
1270 4289 1458 4364 peregrinum,

143 4366 192 4441 qui
214 4384 285 4422 suae
307 4363 426 4438 linguae
448 4363 660 4421 confessarium
688 4383 747 4421 non
769 4365 879 4421 habeat
900 4365 957 4421 nisi
979 4367 996 4421 6
1018 4365 1111 4424 leucia
1133 4366 1311 4439 distantem,
1340 4367 1459 4428 absolvit

143 4451 248 4522 quater
269 4445 298 4502 in
321 4464 408 4512 anno,
430 4443 603 4518 particulari
625 4450 749 4519 peccato
771 4443 822 4501 vix
844 4444 1003 4504 intellecto.

235 4543 372 4618 Carpitur
393 4547 550 4618 propterea
572 4544 609 4600 ab
632 4542 689 4600 alia
712 4543 884 4614 sacerdote,
907 4544 955 4619 <rui
978 4544 1048 4602 dicit
1074 4563 1106 4603 se
1127 4544 1157 4602 in
1179 4545 1232 4604 tali
1254 4565 1327 4606 casu
1350 4563 1458 4607 usuram

144 4645 212 4683 esse
232 4624 404 4698 interprete.
