3044 5174
153 259 185 300 Vl

153 418 313 484 habebam
337 439 379 483 ex
409 414 671 485 disiunctissimis
693 415 901 500 maximeque
924 416 1062 483 diversis
1091 417 1173 484 locis
1197 420 1239 485 ad
1261 440 1315 485 me
1338 420 1480 500 delatos,

154 536 274 599 eosque
289 536 354 580 non
371 535 413 580 ex
424 515 558 599 Europa
573 518 714 594 tantum,
730 513 788 580 sed
805 514 905 581 etiam
921 535 963 582 ex
976 515 1099 595 Africa,
1116 515 1279 595 Amerina,
1297 516 1479 584 Australia.

153 613 241 680 Nam
265 634 307 678 ex
329 613 369 679 iis
392 633 554 678 summum
578 633 692 678 ansam
711 611 836 696 sumpsi
858 613 901 678 ad
916 613 1000 678 alios
1016 633 1112 679 casus
1128 614 1386 698 componendos;
1413 616 1480 698 qui,

154 711 239 778 sicut
263 732 319 777 eos
342 711 506 796 proposui,
532 710 603 777 fore
626 730 739 776 omnes
754 709 822 776 ficti
845 713 924 776 sunt
938 731 996 777 seu
1013 731 1101 777 ame
1117 712 1270 790 confecti,
1293 713 1343 779 ita
1366 718 1481 781 tamen

155 816 192 876 ut
215 830 255 875 ea
278 829 363 891 quae
385 808 517 897 reipsa
540 808 689 874 accidere
705 808 844 885 soleant,
868 808 972 874 lucem
989 813 1024 876 et
1039 808 1234 875 solutionem
1250 809 1380 876 facilem
1404 810 1482 876 inde

155 906 327 991 accipiant.
374 907 447 972 Hoc
470 906 566 972 modo
589 904 728 990 primum
752 905 959 990 paucioribus
991 907 1150 990 exemplis
1173 907 1270 991 plura
1292 908 1384 992 potui
1407 908 1482 974 illu·

156 1010 280 1083 strare;
314 1003 389 1070 dein
418 1005 575 1070 lectorem
606 1003 640 1069 in
673 1003 747 1070 istis
776 1004 874 1069 rebus
904 1003 1012 1069 minus
1041 1008 1211 1071 versatum
1240 1006 1358 1071 melius
1387 1005 1481 1090 potui

156 1102 346 1181 instituere,
378 1122 419 1168 ne
442 1101 542 1167 —id
573 1102 659 1185 quod
688 1101 853 1168 interdum
884 1101 1023 1168 obicitur
1052 1140 1097 1150 —
1119 1102 1308 1169 mechanico
1339 1104 1484 1188 applicet

157 1222 253 1267 casus
275 1201 380 1267 lectos
403 1201 446 1266 ad
469 1220 566 1266 casus
588 1220 624 1266 re
647 1220 729 1266 vera
751 1198 902 1278 orituros,
926 1199 984 1265 sed
1007 1203 1045 1266 ut
1068 1198 1175 1267 discat
1190 1221 1244 1266 res
1266 1202 1481 1285 perpendere,

158 1303 193 1366 et
215 1321 256 1365 ea
278 1318 363 1381 quae
393 1297 595 1365 occurrerint
624 1298 802 1363 secundum
832 1296 992 1381 principia
1022 1297 1180 1365 scientiae
1209 1298 1273 1365 rite
1301 1301 1481 1367 resolvere.

158 1397 338 1481 Propterea
354 1395 455 1462 etiam
478 1416 655 1478 numquam
678 1415 731 1461 me
754 1393 899 1462 continui
921 1394 955 1460 in
979 1396 1067 1461 nuda
1090 1395 1199 1462 danda
1220 1396 1398 1476 solutione,
1425 1395 1481 1462 sed

158 1516 231 1561 eam
264 1515 394 1578 semper
425 1494 467 1560 ad
502 1493 648 1561 rationes
680 1492 853 1572 revocavi,
889 1495 988 1575 atque
1022 1492 1182 1578 principia
1214 1493 1331 1577 quibus
1361 1493 1481 1561 solutio

157 1593 284 1659 nitatur
312 1612 488 1675 numquam
520 1612 585 1658 non
615 1588 766 1669 adiunxi,
797 1589 895 1655 immo
918 1590 1015 1655 modo
1038 1590 1171 1656 brevius
1193 1590 1289 1656 modo
1314 1591 1420 1657 fusius
1443 1610 1483 1657 ea

159 1690 279 1759 evolvi.
816 1701 818 1706 ·

247 1787 317 1865 Quo
340 1807 493 1854 successu
516 1806 553 1852 re
582 1786 656 1870 ipsa
678 1784 802 1852 auxilio
826 1784 887 1851 sim
911 1784 951 1851 iis
974 1784 1029 1869 qui
1059 1786 1101 1852 ad
1125 1785 1350 1853 diiudicandos
1373 1807 1482 1852 mores

158 1887 318 1953 humanos
340 1906 376 1951 se
400 1888 497 1969 aptos
520 1888 621 1968 atque
643 1883 678 1950 in
700 1883 771 1949 dies
794 1881 901 1965 magis
924 1887 1021 1968 aptos
1044 1883 1181 1950 reddere
1204 1885 1376 1962 studeant,
1401 1885 1481 1951 alio·

159 2006 232 2050 rum
256 1987 308 2050 est
339 1981 492 2050 iudicare.
540 1981 670 2049 Sufficit
693 1981 773 2047 mihi
796 1980 923 2048 sincere
946 1981 980 2046 in
1002 1981 1036 2047 id
1058 1981 1229 2048 laborasse
1259 1989 1384 2049 utnon
1408 1986 1482 2050 tan·

159 2087 230 2148 tum
253 2080 439 2164 theologiae
462 2080 628 2148 studiosos
650 2080 684 2145 in
708 2079 906 2146 addiscenda
937 2078 1106 2162 theologia
1127 2079 1261 2159 morali,
1293 2080 1352 2146 sed
1383 2080 1480 2147 etiam

161 2179 345 2247 confratres
368 2179 557 2246 sacerdotes
586 2178 621 2243 in
651 2177 834 2244 exercendo
859 2176 1133 2243 confessariorum
1164 2198 1299 2242 munere
1322 2176 1479 2255 iuvarem,

161 2280 201 2345 de
226 2282 335 2344 cetero
358 2298 438 2345 vero
462 2278 568 2343 Deum
598 2297 694 2343 orare
723 2280 776 2354 ut,
810 2274 896 2357 quod
919 2274 1043 2340 viribus
1073 2274 1154 2341 meis
1184 2274 1293 2354 deest,
1324 2274 1421 2340 immo
1450 2275 1479 2340 in

161 2398 225 2461 quo
248 2376 337 2442 vires
360 2375 526 2458 quaelibet
549 2374 703 2441 deficiunt
725 2374 904 2453 humanae,
928 2372 1039 2456 gratia
1062 2392 1122 2439 sua
1145 2371 1298 2457 dignetur
1321 2372 1477 2457 supplere.

252 2535 440 2602 Scribebam
460 2536 670 2620 Volbenberqi
692 2533 724 2599 in
750 2533 889 2616 collegio
912 2532 944 2599 S.
961 2531 1093 2616 Ignatii,
1118 2531 1171 2598 die
1194 2532 1280 2599 festo
1304 2532 1336 2599 S.
1353 2532 1479 2598 loannis

162 2636 291 2718 Evang.
316 2635 357 2699 27
382 2634 460 2699 Dec.
488 2635 583 2699 1901.

1268 2777 1441 2845 adorea.
