3044 5174
386 292 478 348 Onera
497 309 618 349 annexa:
638 321 673 332 ··-
691 292 849 350 (1111111111
867 295 981 365 eiusque
999 296 1130 350 custodia.
1358 302 1422 365 447

82 470 166 537 aliis
189 469 236 535 sit
251 469 425 536 scandalo:
449 474 651 552 quapropter
667 469 767 536 etiam
784 491 912 537 omnem
929 470 1008 537 mali
1022 474 1232 556 suspicionem
1249 472 1424 553 diligenter

83 560 193 626 debet
216 578 353 634 caveum
384 562 435 636 et,
467 562 626 640 quantum
649 558 719 624 fieri
742 562 870 643 potest,
901 561 1035 627 studeat
1058 582 1177 626 cavere
1206 582 1247 626 ne
1270 583 1425 644 umquam

83 648 164 714 sine
188 652 277 714 teste
301 668 374 713 cum
398 646 588 713 mulieribus
612 653 836 716 conversetur.

184 772 454 849 Anqususmuu
478 771 579 837 2111.
606 774 633 837 1.
681 772 744 837 Per
774 793 809 837 se
839 776 946 839 mater
976 778 1011 839 et
1040 792 1169 838 sorores
1198 776 1353 857 poteraut
1383 774 1486 839 ad778

88 859 374 928 'cohabitationem
397 880 470 927 eum
490 859 655 927 Gondulio
679 860 827 935 admitti;
861 882 967 943 neque
990 882 1049 945 per
1072 883 1108 927 se
1131 865 1204 928 erat
1226 862 1424 947 prohibitum

86 949 269 1035 quominus
292 971 357 1015 una
380 950 530 1016 alterave
553 948 675 1015 ancilla
704 971 776 1015 cum
807 949 873 1015 illis
902 949 1078 1017 habitaret.
1124 951 1247 1016 Verum
1279 951 1425 1019 delectus

87 1037 210 1105 haberi
233 1038 377 1105 debebat
398 1039 431 1104 in
462 1038 668 1104 assumendis
698 1039 841 1117 ancillis,
873 1042 911 1105 ut
934 1039 1088 1106 videlicet
1116 1040 1267 1106 modesta
1294 1045 1426 1107 tantum

90 1131 129 1195 et
151 1128 238 1193 bene
261 1128 464 1211 morigerata
487 1127 726 1194 admitteretur.

186 1234 226 1300 R.
252 1237 282 1300 2.
314 1234 352 1300 In
376 1255 455 1300 1111
479 1234 647 1318 proposito
664 1234 796 1301 uidetur
818 1255 898 1301 sane
920 1236 1027 1301 locum
1043 1235 1166 1302 habere
1182 1236 1268 1318 quod
1290 1240 1426 1304 notatur

92 1325 115 1389 3
140 1323 172 1388 X
201 1325 232 1402 2,
260 1327 295 1388 l:
323 1323 408 1403 ,Sed
431 1344 537 1406 neque
560 1323 634 1389 illas
658 1344 740 1406 quas
764 1345 906 1390 canones
930 1325 1121 1404 concedunt,
1146 1326 1222 1407 quia
1245 1325 1426 1408 instigante

92 1411 227 1479 diaholo
251 1411 334 1477 etin
356 1411 423 1478 illis
446 1412 554 1479 scelus
576 1419 802 1497 perpetratum
826 1413 998 1498 reperitur,
1023 1415 1203 1481 autetiam
1228 1419 1261 1481 iu
1282 1418 1426 1501 pedisse-

94 1504 167 1590 quis
192 1504 334 1567 curum.“
383 1502 492 1580 Quare
514 1503 695 1568 monendus
719 1507 770 1570 est
793 1502 975 1570 Gondulfus
998 1508 1036 1570 ut
1058 1503 1227 1570 liberiores
1250 1504 1324 1569 illos
1349 1526 1426 1570 con-

93 1594 217 1656 ventus
242 1590 372 1657 omnino
395 1591 586 1676 prohiheat;
618 1593 761 1675 alioquin
792 1592 932 1658 feminas
964 1592 1064 1659 etiam
1088 1597 1247 1675 cognatas
1272 1615 1292 1658 a
1315 1614 1350 1657 se
1374 1614 1426 1658 re-

94 1682 241 1746 moveat.

186 1787 225 1854 R.
253 1790 282 1854 3.
330 1787 552 1854 Periculosius
575 1793 684 1854 autem
710 1793 761 1855 est
785 1789 871 1870 quod
894 1789 1085 1871 frequenter
1108 1787 1259 1854 convivia
1282 1787 1426 1854 instituit

94 1897 208 1942 eoram
231 1876 345 1944 multis
368 1876 592 1942 sacerdotibus
616 1881 650 1943 et
672 1877 775 1955 laicis,
800 1882 899 1959 atque
922 1877 1109 1943 ministrare
1132 1877 1220 1942 sinat
1243 1877 1369 1960 puellas
1386 1878 1425 1942 ‘in

96 1969 235 2042 ornatu,
259 1969 298 2032 ut
319 1965 467 2043 videtur,
492 1964 644 2031 liberiore
668 1971 702 2032 et
724 1986 839 2049 parum
864 1970 973 2033 casto:
996 1966 1030 2031 in
1054 1986 1134 2048 quo,
1159 1965 1187 2030 si
1210 1967 1296 2031 fort-e
1320 1967 1426 2030 minus

95 2054 169 2133 sibi,
195 2055 379 2139 hospitibus
403 2057 493 2121 certe
516 2054 695 2139 periculum
720 2058 813 2120 creat
836 2058 870 2119 et
892 2055 1093 2121 scandalum.

188 2161 226 2226 ln
250 2182 315 2244 qua
337 2183 374 2227 11
398 2162 526 2244 quando
550 2160 687 2244 incipiat
709 2160 899 2226 scandalum
921 2184 1027 2248 proce,
1052 2160 1193 2226 discerni
1216 2160 1344 2243 quidem
1366 2160 1426 2225 ali-

96 2256 257 2334 quantum
282 2250 380 2318 debet
404 2272 446 2317 ex
469 2249 670 2334 temporibus
694 2254 728 2316 et
751 2249 814 2315 loci
833 2249 1128 2317 consuetudinibus.
1162 2251 1217 2340 At,
1242 2255 1316 2316 utut
1333 2253 1426 2315 aetas

95 2345 215 2406 nostra
238 2339 327 2405 luxui
353 2339 537 2417 deserviat,
570 2339 785 2405 asaoerdote
814 2338 912 2421 longe
935 2339 1064 2405 facilius
1086 2339 1204 2405 bacin
1228 2359 1263 2403 re
1287 2339 1425 2404 scanda-

95 2430 162 2495 lum
188 2430 297 2506 datur,
322 2449 420 2511 quam
443 2428 587 2494 fortasse
610 2428 751 2492 saeculis
775 2428 994 2494 anterioribus
1010 2428 1110 2494 etiam
1127 2429 1167 2493 iis
1183 2429 1299 2510 quihus
1318 2448 1426 2493 mores

96 2518 306 2585 honestiores
337 2521 442 2584 erant.
496 2518 574 2582 Ideo
604 2516 667 2582 nisi
698 2516 901 2594 Gondulfus,
934 2521 1108 2602 postquam
1139 2521 1287 2584 attentus
1317 2518 1425 2584 factus

96 2608 210 2687 fuerit,
235 2607 317 2672 haec
341 2606 475 2673 studeat
498 2606 685 2683 amandare,
711 2607 808 2671 valde
831 2607 931 2672 timec
955 2627 995 2671 ne
1018 2608 1168 2689 graviter
1189 2612 1313 2691 peccet.

314 2824 549 2892 OBLIGATIO
571 2823 823 2891 GASTITATIS
847 2824 903 2890 ET
928 2824 1210 2893 CAELIBATUS.

661 2991 772 3058 Casus.
792 2999 868 3068 (228)

187 3140 331 3210 Brictiua,
352 3138 449 3215 magis
469 3138 609 3216 precihus
630 3144 660 3198 11
681 3139 870 3199 suasionibus
892 3159 1010 3199 suorum
1031 3161 1118 3216 quarn
1139 3141 1260 3217 propria
1280 3139 1425 3199 electione

98 3219 314 3281 determinatus
336 3220 373 3279 ad
388 3226 499 3279 statum
514 3219 691 3290 clericalem,
714 3240 780 3279 cum
794 3220 1037 3281 subdiaconatum
1051 3222 1207 3298 reciperet,
1229 3220 1324 3279 noluit
1339 3221 1425 3280 casti-

97 3306 192 3360 tatem
212 3320 332 3372 vovere,
355 3320 401 3370 ne,
425 3300 492 3358 dum
514 3305 620 3376 postea
640 3300 718 3359 ferte
739 3301 857 3360 caelebs
878 3307 1026 3377 peccaret,
1048 3307 1203 3377 peccatum
1225 3307 1357 3377 augeret.
1387 3301 1427 3360 Et

97 3401 205 3441 revera
227 3400 291 3439 cum
313 3385 433 3457 postea,
463 3380 602 3439 sacerdos
623 3381 736 3452 factus,
768 3381 923 3456 aliquoties
946 3381 1079 3452 caderet,
1108 3382 1277 3456 incognitus
1299 3381 1427 3441 accessit

99 3461 136 3521 ad
158 3460 388 3531 confessarium,
415 3466 540 3537 peccata
562 3466 668 3519 contra
696 3462 864 3520 castitatem
885 3460 1000 3536 quidem
1023 3462 1138 3533 fassus,
1167 3468 1271 3522 tacens
1299 3463 1334 3520 de
1356 3467 1426 3522 voto

98 3543 147 3602 vel
169 3547 252 3602 statu
275 3540 414 3601 clericali.

99 3663 684 3802 01111111111011ῐ11111ῐ1ἑοῐ1111131111
706 3663 831 3724 clericus
858 3682 1010 3723 sacrorum
1032 3664 1164 3723 ordinum
1189 3666 1227 3724 ad
1249 3667 1426 3725 caelibatum

356 3763 371 3802 e
407 3763 516 3802 11111
533 3762 587 3802 em.

300 3842 331 3900 2ο
353 3841 421 3918 quid
442 3842 477 3899 de
499 3839 612 3900 Brictio
634 3841 756 3917 eiusque
778 3841 1024 3902 confessionibus.

699 4042 834 4111 Solutio.

189 4194 243 4258 An
268 4214 460 4270 1111111111
487 4196 523 4257 lm
548 4193 586 4260 R.
614 4198 641 4260 1.
689 4192 763 4258 Non
788 4196 840 4257 est
864 4192 994 4257 dubium
1026 4192 1103 4274 quin
1127 4192 1235 4258 clerici
1259 4216 1487 4273 sacrorumme

100 4283 263 4361 ordinum,
287 4281 471 4367 incipiendo
495 4282 671 4347 secundum
695 4282 886 4347 hodiernam
910 4281 1113 4365 disciplinam
1138 4302 1158 4345 a
1180 4281 1425 4362 subdiaconatu,

99 4372 131 4438 in
155 4371 305 4439 Ecclesia
327 4371 446 4437 Latina
470 4371 512 4436 ad
536 4371 731 4436 caelibatum
754 4371 1000 4454 perfectamque
1024 4370 1212 4435 castitatem
1243 4374 1428 4455 obligentur

101 4465 163 4549 lcpe
187 4464 405 4528 ecclesiastico.
437 4459 538 4537 Quod,
564 4465 794 4543 praeterquam
812 4481 853 4524 ex
878 4458 1053 4524 innumeris
1077 4459 1256 4526 canonibus
1276 4463 1427 4547 Corporis

100 4551 195 4630 iuris,
228 4571 271 4615 ex
294 4550 351 4616 illa
375 4548 596 4616 admonitione
619 4553 713 4632 patet
743 4570 838 4631 quam
864 4548 1033 4613 ordinator
1055 4551 1133 4613 ante
1156 4548 1426 4619 subdiaconatum

99 4640 331 4710 eonferendum
355 4639 396 4705 ad
421 4638 617 4704 ordinandos
641 4637 750 4703 habet.
