3044 5174
138 270 201 334 184
592 267 797 323 Sacramentum
815 269 1007 340 paenitentiae.

135 445 192 509 sed
229 445 423 510 observandi
460 445 569 511 omnia
603 445 664 510 Dei
697 447 870 524 mandata,
906 445 977 510 sive
1013 444 1047 510 in
1080 444 1151 528 ipso
1186 444 1300 510 dolore
1335 445 1454 528 peccati

135 556 209 599 curn
232 538 384 618 respectu
415 533 457 599 ad
483 535 588 600 Deum
619 555 677 600 seu
707 539 745 601 ut
775 536 918 601 offensae
945 534 1024 611 Dei,
1056 533 1148 599 illum
1178 531 1339 599 initialem
1372 554 1453 599 amo·

135 627 413 779 {fmiggquantum
444 623 526 690 satis
556 623 615 701 sit,
648 624 753 690 latere
784 629 818 690 et
849 622 1007 708 implicite
1038 622 1279 706 comprehendi.
1331 623 1388 688 Tb.
1418 624 1451 688 ni.

73 844 126 898 315
224 835 278 901 An
301 855 493 912 quarsrruu
517 838 556 900 3²²
578 834 617 901 R.
645 838 673 901 1.
720 837 844 901 Metum
868 857 1047 919 poenarum
1069 834 1301 920 temporalium
1325 834 1451 900 alterius

136 924 226 991 vitae
256 945 329 990 esse
359 924 524 990 sufficiens
554 925 712 991 motivum
741 925 921 991 attritionis
945 924 1032 990 circa
1054 928 1190 1009 peccata
1212 922 1374 1002 venialia,
1403 923 1450 987 vix

135 1019 188 1080 est
217 1013 273 1097 qui
302 1019 411 1096 neget.
458 1013 522 1079 Sed
552 1014 776 1080 controversia
804 1013 988 1080 instituitur
1017 1013 1058 1078 de
1086 1012 1200 1096 poenis
1224 1012 1451 1097 temporalibus

135 1103 229 1168 huius
253 1102 343 1169 vitae
366 1102 470 1185 deque
494 1123 606 1167 earum
629 1103 835 1179 sufficientia,
859 1103 988 1185 quando
1012 1102 1124 1184 agitur
1144 1101 1245 1168 etiam
1260 1101 1303 1167 de
1317 1101 1450 1186 peccatis

134 1191 335 1258 mortalibus.
382 1192 505 1268 Quare:

224 1298 263 1364 R.
289 1301 319 1363 2.
366 1296 589 1363 Consideratio
618 1318 796 1381 poenarum
827 1297 1056 1381 temporalium
1084 1295 1180 1362 huius
1204 1295 1312 1373 vitae,
1344 1296 1449 1379 quibus

136 1387 224 1452 Deus
248 1390 385 1470 peccata
408 1407 648 1468 nonnumquam
672 1387 830 1469 castigat,
862 1387 915 1452 vel
939 1407 1022 1469 quae
1052 1392 1129 1453 sunt
1153 1407 1265 1451 eorum
1290 1386 1449 1452 naturales

135 1475 298 1557 sequelae,
324 1476 393 1541 sine
417 1475 513 1540 dubio
537 1475 699 1541 hominem
721 1476 890 1541 stimulare
914 1479 1025 1560 potest
1047 1475 1090 1541 ad
1113 1474 1360 1558 concipiendam
1382 1496 1448 1540 con·

134 1564 308 1632 tritionern·
325 1569 359 1631 et
382 1565 601 1647 quaerendam
624 1564 919 1631 reconciliationem
944 1586 1015 1630 cum
1039 1566 1119 1630 Deo.
1164 1562 1351 1630 Ostendant
1375 1562 1449 1629 enim

136 1656 369 1740 displicentiam
392 1655 455 1718 Dei
484 1674 563 1736 erga
592 1657 779 1737 peccatum,
811 1653 865 1735 qui
896 1675 969 1719 cum
999 1674 1038 1719 eo
1067 1655 1163 1720 tanta
1190 1653 1278 1718 mala
1303 1653 1402 1719 etiam
1421 1652 1448 1716 in

134 1743 196 1808 hac
212 1747 302 1808 terra
319 1742 539 1819 coniunxerim
560 1742 745 1819 ostendunt,
762 1747 799 1808 ut
814 1744 875 1808 hac
892 1764 972 1808 voce
988 1747 1073 1820 utar,
1097 1741 1224 1826 peccati
1239 1742 1447 1821 odibilitotern,

134 1831 294 1914 siquidem
316 1831 538 1914 turpissimum
564 1836 598 1897 et
620 1831 707 1896 omni
731 1831 803 1897 odio
828 1832 958 1913 dignum
983 1831 1063 1896 illud
1087 1851 1159 1897 esse
1180 1831 1288 1908 debet,
1314 1831 1401 1913 quod
1414 1851 1448 1895 er

134 1926 254 1987 natura
277 1941 337 1985 sua
359 1925 410 1986 tot
433 1925 592 2001 tantaque
615 1921 703 1985 mala
718 1921 824 2002 gignit
840 1921 939 1986 etiam
956 1925 1033 1986 ante
1049 1926 1179 2005 tempus
1193 1919 1302 1987 iustae
1318 1920 1449 1986 retribu-

134 2010 248 2086 tionis3
280 2009 457 2075 ostendunt
480 2008 708 2091 gravissimam
731 2009 793 2075 Dei
820 2010 902 2074 iram
927 2031 1024 2092 quam
1047 2009 1129 2075 haec
1151 2009 1239 2075 mala
1261 2009 1449 2093 temporalia

134 2099 372 2181 quodammodo
396 2098 593 2182 praeludunt
616 2103 716 2184 atque
734 2098 914 2164 initiantur.
953 2098 1074 2175 Quodsi
1089 2097 1191 2180 igit-ur
1206 2098 1254 2165 ita
1270 2098 1449 2164 consideras

133 2210 256 2272 poenas
287 2193 320 2254 et
349 2188 437 2253 mala
466 2187 562 2252 buius
591 2187 680 2253 vitae
710 2208 783 2252 cum
808 2192 943 2271 peccato
967 2186 1154 2265 coniuncta,
1185 2207 1266 2253 sane
1290 2188 1379 2253 mala
1401 2187 1448 2252 illa

132 2276 312 2344 efficaciter
347 2281 381 2342 et
415 2277 564 2342 absolute
596 2276 799 2342 voluntatem
831 2276 987 2360 peccandi
1020 2281 1157 2359 possunt
1189 2276 1351 2344 cohibere.
1405 2276 1448 2341 Ita

134 2367 220 2431 enirn
250 2370 427 2447 generatur
462 2365 577 2441 ,timor
599 2365 660 2429 Dei
690 2365 834 2448 potentis
862 2365 936 2431 illas
966 2369 1001 2431 et
1024 2365 1106 2431 alias
1128 2386 1252 2448 poenas
1273 2365 1447 2447 infligere“,

135 2460 171 2521 ut
195 2455 242 2520 ait
265 2455 396 2537 Lugo,
424 2455 472 2519 De
489 2457 611 2539 poenit.
637 2454 717 2537 disp.
744 2456 779 2532 5,
803 2476 835 2520 n.
862 2458 941 2529 141,
966 2458 1065 2537 atque
1089 2475 1130 2519 ex
1153 2453 1215 2520 boc
1237 2454 1357 2522 timore
1380 2475 1447 2520 con·

133 2544 253 2628 cipitur
269 2544 361 2609 dolor
376 2548 584 2627 peccatorum
601 2547 700 2624 atque
716 2543 867 2610 absoluta
879 2544 1033 2609 voluntas
1049 2565 1112 2608 non
1130 2542 1287 2627 peccandi
1302 2544 1447 2628 amplius:

134 2633 188 2698 vel
218 2654 342 2717 poenae
372 2632 449 2698 illae
479 2632 692 2716 temporales,
727 2637 764 2698 ut
792 2632 901 2697 verbis
932 2632 1122 2699 Suarezii
1152 2636 1229 2698 utar
1257 2633 1309 2699 De
1335 2637 1448 2719 poenit

135 2722 215 2805 disp.
242 2725 272 2799 5,
298 2725 377 2787 sect.
404 2724 433 2796 2,
459 2743 488 2788 n.
516 2724 567 2800 15,
598 2721 861 2797 ,considerantur
884 2725 921 2787 ut
944 2742 964 2787 a
988 2722 1057 2787 Deo
1079 2720 1223 2787 inflictae
1247 2726 1281 2787 et
1304 2726 1342 2788 at
1365 2721 1449 2787 nobis

133 2811 280 2877 indicant
302 2811 384 2875 iram
408 2810 477 2875 eius
501 2814 535 2875 et
558 2810 794 2893 quodammodo
818 2811 973 2877 inchoant
995 2810 1138 2876 divinum
1163 2809 1368 2894 supplicium,
1396 2810 1449 2875 nisi

133 2901 373 2965 emendemur“.

222 3007 262 3072 R.
280 3009 310 3071 3.
349 3005 383 3072 Si
408 3026 485 3070 vero
509 3005 542 3070 in
567 3004 644 3070 solis
668 3005 762 3070 malis
786 3005 1029 3089 temporalibus,
1054 3010 1092 3072 ut
1107 3005 1232 3072 suntin
1248 3027 1294 3083 se,
1319 3006 1450 3079 sistitur,

133 3095 332 3179 impossibile
362 3100 412 3161 est
442 3094 567 3159 moveri
597 3116 655 3178 per
684 3094 749 3159 illa*
765 3095 968 3161 voluntatem
1000 3095 1042 3160 ad
1071 3094 1260 3178 fugiendum
1283 3099 1451 3179 tantopere

133 3191 321 3268 peccatum,
353 3188 390 3250 ut
413 3185 493 3250 velit
517 3184 558 3249 ab
583 3205 621 3248 eo
645 3183 825 3262 abstinere,
851 3183 980 3249 etiamsi
1004 3183 1128 3250 maiora
1151 3184 1239 3250 mala
1262 3185 1452 3269 temporalia

134 3296 207 3340 curn
230 3273 359 3358 peccati
383 3273 463 3354 fuga
487 3273 658 3338 coniuncta
679 3272 811 3340 fuerint.
851 3273 974 3338 Verum
990 3273 1167 3340 detestatio
1183 3278 1218 3339 et
1233 3273 1315 3355 fuga
1331 3274 1453 3358 peccati

133 3368 230 3429 tanta
253 3384 325 3428 esse
349 3362 455 3437 debet,
479 3384 544 3427 non
568 3361 750 3428 formaliter
773 3362 912 3444 quidem,
937 3362 994 3427 sed
1010 3362 1200 3430 radicaliter
1214 3365 1249 3428 et
1267 3364 1378 3445 quoad
1393 3363 1453 3427 vim

134 3458 168 3519 et
191 3453 347 3518 virtutem
370 3451 494 3518 metiri.

224 3553 314 3630 Quod
346 3553 447 3636 igitur
479 3554 520 3618 ad
551 3552 741 3618 Severinum
775 3554 911 3629 attinet,
944 3575 1009 3619 non
1041 3554 1122 3619 adeo
1155 3554 1253 3619 debet
1282 3555 1372 3637 angi.
1425 3552 1455 3618 Si

134 3642 334 3709 nanciscitur
356 3642 562 3724 paenitentes
586 3643 675 3707 rudis
698 3642 830 3724 ingenii,
855 3643 910 3725 qui
932 3642 1045 3726 poenis
1068 3647 1198 3710 tantum
1221 3645 1348 3708 moveri
1369 3643 1454 3708 vide·

134 3737 249 3810 antur,
273 3731 398 3797 utiliter
420 3730 518 3814 incipi
541 3736 650 3815 potest
674 3752 693 3796 a
717 3731 830 3814 poenis
852 3732 1102 3815 temporalibus,
1127 3753 1159 3798 v,
1183 3752 1215 3815 g.
1240 3733 1380 3809 morbis,
1411 3732 1454 3797 in·

133 3821 251 3898 famia,
282 3821 448 3903 inopinato
478 3820 656 3886 infortunio
680 3822 732 3884 vel
756 3825 877 3897 morte,
909 3821 1025 3902 quibus
1048 3822 1137 3887 Deus
1166 3841 1232 3887 non
1258 3842 1336 3887 raro
1360 3823 1454 3888 etiam

133 3910 186 3975 hic
210 3915 347 3993 peccata
370 3910 500 3992 puniat;
529 3931 643 3974 verum
668 3930 739 3974 curn
764 3909 884 3975 viderit
906 3911 1128 3992 paenitentem
1150 3911 1202 3975 bis
1225 3911 1373 3989 concuti,
1398 3932 1456 3976 non

134 4000 233 4065 debet
255 3998 299 4064 ibi
323 3999 449 4076 sistere,
474 3999 531 4063 sed
555 3998 624 4063 eius
640 4002 809 4081 aspectum
826 3998 978 4065 attollere
994 4000 1037 4065 ad
1059 4000 1147 4065 mala
1170 4020 1254 4082 quae
1277 4005 1354 4084 post
1378 4000 1457 4066 hanc

134 4090 239 4154 vitam
262 4093 433 4172 peccatum
457 4093 612 4154 maneant
636 4093 782 4162 aeterna,
806 4087 868 4152 nisi
892 4089 1177 4172 peccatasincere
1200 4089 1406 4156 detestemur
1420 4089 1457 4155 ab

134 4178 238 4259 iisque
262 4197 380 4243 cavere
403 4177 552 4243 absolute
574 4176 723 4242 velimus.
771 4176 890 4253 Quodsi
914 4178 1052 4256 demum,
1078 4176 1254 4262 propositis
1277 4178 1340 4244 Dei
1363 4179 1457 4245 bene·

134 4268 215 4332 ficiis
251 4272 349 4348 atque
384 4265 557 4332 tormentis
590 4287 610 4330 a
642 4266 769 4330 Christo
803 4266 1019 4332 Deo-homine
1054 4289 1112 4351 pro
1146 4267 1240 4333 nobis
1274 4268 1456 4350 nostrisque

133 4356 278 4440 peccatis
302 4356 459 4434 toleratis
484 4355 705 4438 paenitentem
723 4355 764 4419 ad
789 4355 960 4421 caritatem
984 4377 1064 4438 erga
1078 4357 1183 4422 Deum
1207 4355 1320 4422 eiusve
1343 4358 1455 4424 saltem

133 4445 261 4512 initium
286 4446 441 4520 extollat,
471 4465 509 4509 eo
533 4445 648 4509 melius
672 4449 768 4526 agat;
800 4444 897 4509 immo
921 4445 1119 4528 impossibile
1142 4445 1289 4524 videtur,
1315 4451 1353 4514 ut
1376 4447 1456 4512 eius·

133 4535 220 4599 modi
251 4534 360 4599 brevis
391 4533 577 4599 exhortatio
609 4554 650 4598 ex
681 4533 788 4599 animo
821 4533 910 4598 facta
942 4555 998 4599 cor
1028 4534 1128 4600 etiam
1159 4535 1367 4601 durissimum
1398 4555 1456 4600 non

133 4624 242 4705 aliquo
266 4624 360 4688 modo
385 4623 539 4688 emolliat.
1434 4657 1447 4699 Ι
