3044 5174
353 304 469 359 Materia
488 304 656 373 integritatis
674 321 723 358 scu
742 302 895 358 satisfactio
913 302 1128 357 sacramentalis.
1338 306 1402 370 233

12 388 27 501 l

103 532 415 598 PAENITENTIA
438 532 802 600 SAORAMENTALIS
826 531 1039 610 QUOMODO
1064 530 1370 597 PRAESTANDA.

12 742 18 793 ,
643 700 753 766 casus.
769 708 845 775 (115)

165 838 363 910 Pancratius,
393 839 441 914 qui
463 859 516 916 pro
538 838 745 898 satisfactione
766 838 975 898 sacramentali
997 840 1103 898 debeat
1128 840 1191 897 101⁰
1212 839 1332 898 missam
1353 858 1402 898 au·

73 919 146 992 dire,
171 921 239 980 10³⁸
259 919 404 978 rosarium
425 919 567 989 recitare,
591 919 657 979 lOffl
677 920 818 989 ieiunare,
842 923 877 978 10
900 939 1016 978 marcas
1038 939 1090 995 pro
1112 920 1301 995 eleemosyna
1322 919 1402 988 dare,

73 1019 131 1075 quo
155 999 246 1060 citius
266 1019 328 1058 rem
350 1000 503 1070 absolvat,
532 1000 648 1059 assistit
675 1000 753 1059 festo
783 999 951 1058 nativitatis
972 999 1090 1058 Domini
1119 1019 1184 1058 curn
1213 999 1403 1075 sequentibus

74 1080 190 1140 duobus
213 1079 300 1139 fastis
321 1079 429 1138 cotidie
450 1079 544 1138 tribus
566 1079 675 1149 missis,
698 1099 773 1156 quas
795 1081 858 1139 fere
882 1079 968 1138 simul
990 1079 1135 1149 dicuntur,
1158 1081 1318 1156 codemque
1333 1085 1403 1138 tam·

73 1179 147 1236 pore
166 1160 277 1220 racitat
297 1160 427 1231 rosaria,
449 1159 589 1219 ieiunium
611 1160 702 1219 semel
722 1161 921 1237 paragendum
943 1165 1028 1218 curat
1049 1180 1148 1219 seeum
1171 1180 1189 1218 a
1209 1179 1315 1219 novem
1336 1158 1404 1218 aliis

73 1240 264 1312 enfamilia,
295 1240 511 1316 eleemosynam
533 1247 673 1316 procurat
694 1240 819 1298 dandam
841 1240 966 1299 amicum
987 1259 1112 1315 rogans,
1141 1248 1173 1298 ut
1194 1241 1231 1299 ad
1257 1260 1339 1299 suam
1361 1240 1403 1298 in·

73 1321 238 1380 tentionem
262 1322 299 1380 10
320 1339 437 1379 marcas
458 1320 507 1380 det
527 1321 714 1398 pauperibus.

75 1436 256 1507 Ouararrun
279 1437 308 1494 1⁰
328 1435 461 1512 possitne
491 1454 549 1494 uno
572 1435 732 1512 codemque
760 1441 891 1513 tempore
919 1435 1058 1494 satisfieri
1086 1435 1284 1512 compluribus
1304 1435 1403 1512 pacni·

330 1515 431 1574 tentiis
452 1515 607 1592 impositis.

277 1613 308 1671 2⁰
328 1612 431 1671 fierine
452 1613 546 1690 possit
567 1612 734 1672 satisfactio
755 1612 980 1672 sacramentalis
1002 1632 1055 1689 per
1075 1613 1208 1672 altarum.

279 1713 309 1769 3⁰
330 1711 398 1786 quid
420 1711 456 1771 de
477 1710 569 1770 variis
591 1710 745 1770 industriis
767 1710 919 1769 Pancratii
941 1711 1119 1770 censendum
1141 1712 1189 1771 sit.

670 1898 805 1966 Salutio.

166 2040 220 2105 An
237 2060 429 2116 ouansrruu
449 2043 485 2104 1¹²¹
501 2039 540 2106 R.
560 2042 588 2105 1.
620 2039 698 2104 Cum
716 2038 918 2123 paenitentia
934 2040 1183 2106 sacramentalis
1207 2031 1463 2124 obligatoriafol

75 2134 108 2196 et
132 2129 386 2195 sacramentalis
408 2130 467 2194 fiat
490 2150 533 2195 ex
556 2129 727 2196 voluntate
751 2129 952 2206 confessarii,
978 2128 1078 2195 etiam
1102 2131 1230 2208 modus,
1255 2153 1319 2213 quo
1342 2131 1403 2197 im·

74 2219 158 2304 plsri
181 2218 297 2303 possit,
322 2218 444 2303 pendet
467 2219 507 2282 ab
532 2216 601 2283 eius
625 2219 805 2285 voluntate.

164 2325 205 2393 R.
231 2328 263 2392 2.
309 2325 444 2403 Quando
467 2330 593 2392 certum
617 2325 747 2390 modum
778 2324 957 2409 peragendi
987 2325 1206 2391 confessarius
1236 2327 1402 2404 indicavit,

74 2415 129 2481 ille
146 2414 253 2482 tcucri
270 2413 377 2491 debet,
394 2414 421 2479 si
439 2435 512 2480 eum
529 2414 757 2498 praescripsit3
774 2416 802 2479 si
819 2414 977 2499 permisit,
994 2419 1105 2498 potest
1120 2416 1236 2484 teneri.
1268 2417 1403 2494 Quando

76 2504 157 2571 nihil
179 2502 349 2581 indicavit,
373 2503 429 2568 illc
452 2504 566 2568 modus
589 2503 622 2568 in
646 2504 833 2588 peragendo
857 2525 955 2588 opere
971 2504 1132 2569 tenendus
1156 2511 1216 2582 est,
1241 2507 1296 2588 qui
1316 2528 1403 2572 com·

76 2593 220 2660 muniter
243 2596 376 2659 tenetur
399 2593 433 2657 in
457 2594 553 2658 rebus
577 2593 650 2674 legs
674 2593 899 2659 ecclesiastica
922 2594 1143 2678 praescriptis.
1190 2595 1296 2672 Quare
1320 2618 1403 2679 quae

75 2683 256 2749 secundum
288 2682 545 2749 ecclesiasticam
576 2683 686 2763 legem·
713 2683 826 2748 eodem
857 2687 1004 2766 tempore
1034 2683 1131 2749 simul
1158 2685 1229 2750 fieri
1256 2696 1403 2768 possunt,

76 2773 177 2840 ctiam
202 2770 298 2836 simul
328 2771 384 2853 agi
413 2775 566 2856 possunt,
599 2771 627 2836 si
657 2793 716 2856 pro
747 2772 978 2837 sacramentali
1010 2772 1213 2856 paenitentia
1243 2779 1321 2841 sunt
1343 2775 1403 2840 im·

75 2863 203 2947 posita3
227 2861 311 2927 alias
335 2881 401 2925 non
422 2865 570 2945 possunt.

165 2987 221 3052 Au
237 3006 428 3063 ouassrruu
446 2989 485 3050 2¹
501 2986 539 3053 n.
560 2988 588 3052 1.
620 2984 752 3050 Vicaria
768 2985 898 3067 quidem
913 2984 1099 3051 satisfactio
1115 3007 1174 3071 pro
1191 3008 1296 3070 poena
1319 2992 1402 3053 tem·
1412 2993 1464 3046 402

76 3076 182 3161 porali
213 3075 289 3141 fieri
314 3078 441 3159 potest;
475 3078 511 3141 at
544 3075 793 3140 sacramentalis
823 3073 1007 3141 satisfactio
1038 3095 1102 3140 non
1132 3081 1184 3142 cst
1213 3076 1275 3141 nisi
1305 3077 1401 3150 actio,

75 3187 161 3248 quac
192 3166 231 3232 fit
260 3165 302 3229 ab
332 3185 387 3240 eo,
418 3163 473 3246 qui
503 3168 743 3229 sacramentum
774 3185 832 3228 seu
863 3163 1099 3230 absolutionem
1130 3166 1403 3231 sacramentalem

75 3254 202 3338 recepit
226 3253 279 3319 vel
302 3256 495 3336 recepturus
519 3257 579 3320 est.

167 3361 206 3428 u.
226 3363 256 3426 2.
288 3359 508 3425 Nihilominus
532 3359 752 3425 confessarius
776 3380 818 3424 ex
842 3359 1002 3425 communi
1026 3361 1190 3427 sententia
1213 3361 1404 3444 permittere

29 3515 35 3527 ,
76 3453 187 3536 potest
222 3448 482 3516 satisfactionem
512 3448 631 3533 partim
662 3449 732 3513 fieri
762 3470 821 3532 per
851 3449 1001 3516 alterum.
1048 3449 1126 3514 Dico
1157 3451 1294 3535 partim,
1328 3451 1405 3533 quia

28 3536 40 3631 l,
76 3560 181 3623 neque
213 3537 349 3623 expedit
377 3558 482 3620 nequo
517 3537 627 3604 licebit
662 3558 789 3603 omnem
824 3537 1082 3603 satisfactionem
1114 3539 1147 3605 in
1177 3540 1317 3606 alterurn
1348 3541 1404 3606 de-

27 3648 35 3723 p
76 3630 229 3706 volvere,
265 3649 338 3694 cum
372 3627 434 3692 hoc
469 3648 532 3691 non
567 3627 609 3692 sit
639 3626 860 3711 paenitentias
892 3648 950 3710 pro
978 3628 1213 3711 paenitentiam
1244 3630 1404 3695 facultate

29 3728 37 3801 t
76 3717 311 3784 convenientes
327 3716 505 3798 iniungere.
537 3715 620 3781 Casu
637 3737 715 3781 vero
740 3738 802 3798 quo
818 3718 866 3793 fit,
891 3718 1139 3783 sacramentalis
1163 3740 1225 3783 non
1250 3725 1301 3784 est
1317 3719 1403 3786 actio

76 3809 196 3884 aliena,
221 3805 279 3872 sed
304 3805 487 3890 acceptatio
511 3805 612 3889 ipsius
635 3804 834 3889 paenitentis
858 3806 911 3870 vel
935 3827 993 3890 pro
1010 3806 1265 3874 circumstantiis
1288 3808 1403 3892 petitio

76 3899 145 3963 sive
170 3895 361 3962 mandatum
386 3894 427 3960 ad
451 3894 590 3960 alterum
615 3895 783 3960 directum.

164 4019 221 4085 An
244 4038 435 4096 ouarsrrurr
459 4024 498 4085 3¹²¹
522 4020 560 4086 R.
590 4023 615 4086 l.
663 4019 890 4095 Pancratium,
915 4041 988 4084 cum
1011 4020 1129 4087 missas
1153 4022 1282 4097 audiat,
1307 4022 1402 4087 simul
1412 4031 1464 4085 403

30 4139 35 4149 ·
77 4110 220 4176 recitare
243 4108 413 4186 rosarium,
438 4129 502 4173 non
527 4109 657 4174 videtur
680 4129 865 4191 repugnare
888 4109 1061 4192 impositae
1085 4111 1315 4193 paenitentiae,
1341 4112 1402 4176 nisi

78 4198 302 4265 confessarius
326 4198 423 4265 aliter
446 4198 611 4264 statuerit.
659 4197 705 4263 Cf.
736 4199 791 4262 Tb.
816 4221 856 4263 m.
882 4197 922 4275 ll,
948 4201 1022 4266 364.

30 4200 41 4231 t

28 4254 37 4361 l
166 4305 207 4371 R.
226 4307 255 4373 2.
287 4304 482 4370 Pancratius
497 4308 651 4388 reputare
667 4303 800 4368 missam
817 4303 869 4368 die
886 4304 971 4368 festo
988 4304 1217 4386 obligatoriam
1233 4327 1292 4388 pro
1309 4311 1403 4390 parte

78 4393 328 4461 sacramentalis
352 4392 574 4476 paenitentiae
606 4414 669 4457 non
700 4392 823 4476 potuit,
856 4393 919 4457 nisi
942 4393 1161 4459 confessarius
1191 4394 1224 4458 id
1248 4416 1402 4478 expressa

30 4484 39 4567 f
79 4483 268 4555 indulserit:
302 4504 377 4548 nam
401 4482 483 4548 alius
508 4488 659 4549 censetur
683 4481 902 4547 confessarius
925 4503 1027 4566 opera
1050 4503 1115 4547 non
1139 4483 1269 4548 aliunde
1293 4483 1402 4548 debita

32 4570 42 4677 l
78 4574 282 4659 imposuisse.
316 4609 357 4620 —
389 4571 497 4636 Minus
520 4571 618 4638 ctiam
644 4571 750 4655 potuit
773 4575 842 4636 tres
865 4571 999 4648 missas,
1031 4594 1115 4654 quac
1139 4572 1233 4637 simul
1258 4572 1402 4636 celebra-

31 4686 46 4794 Ι
78 4665 216 4742 bantur,
239 4662 289 4728 ita
312 4666 517 4744 computare,
542 4682 581 4727 ac
605 4661 632 4725 si
655 4664 707 4725 ter
731 4659 850 4725 missae
872 4660 1076 4726 interfuerit:
1106 4669 1156 4728 est
1180 4661 1264 4726 enim
1288 4660 1402 4726 similis
