3044 5174
155 286 221 351 400
653 282 858 340 Sacramentum
876 283 985 338 ordinis.

156 465 344 614 asseputua
362 459 488 616 tpotius
521 460 718 544 relegandus
749 482 770 526 a
800 460 909 527 studio
941 457 1128 542 theologiae
1160 463 1195 527 et
1226 460 1270 526 ad
1301 460 1370 526 alia
1401 460 1469 526 diri·

155 569 219 631 gen
243 571 281 614 ua
304 570 386 615 era.
1510 594 1514 729 Ι

244 654 341 720 Nunc
363 658 474 720 autem
497 659 575 720 ante
598 655 866 722 subdiaconatum
889 658 927 720 ut
949 653 1055 720 dicam
1079 653 1156 736 quid
1179 655 1332 733 sentiam,
1361 676 1470 721 censeo

157 765 229 808 eum
254 743 459 810 absolutione
481 742 651 826 indignum
673 744 790 823 fuisse,
823 743 885 808 nisi
908 748 1045 828 paratus
1074 747 1163 810 esset
1192 745 1234 809 ad
1264 744 1472 811 differendum

156 832 435 910 subdiaconatum,
460 832 609 912 quaesito
632 832 740 916 aliquo
763 836 954 916 praetextu3
979 832 1094 914 quodsi
1117 836 1192 916 post
1214 853 1276 898 sex
1297 854 1472 899 mensesse

155 922 330 987 immunem
354 925 617 1000 conservasset,
645 921 715 987 sine
739 922 805 1003 ulla
828 942 886 1006 spe
908 921 1078 988 iterandae
1100 921 1298 1006 receptionis
1321 922 1472 988 iubendus

157 1018 245 1077 esset
268 1011 310 1077 ad
334 1010 400 1076 alia
422 1009 532 1076 studia
555 1031 591 1076 se
614 1015 815 1078 convertere.

245 1116 336 1182 Idem
360 1137 493 1195 censeo,
526 1137 600 1182 oum
623 1116 668 1183 sit
690 1138 775 1183 nunc
798 1121 875 1183 ante
898 1116 1173 1200 presbyteratum.
1218 1115 1362 1183 Differre
1385 1117 1475 1183 debet

157 1205 394 1272 ordinationem
424 1226 533 1278 suam;
563 1205 706 1289 alioquin
737 1206 854 1290 dignus
882 1227 947 1270 non
977 1210 1029 1272 est
1058 1205 1113 1288 qui
1142 1205 1351 1283 absolvatur3
1383 1204 1473 1271 immo
1511 1242 1514 1301 p

157 1294 355 1361 differendus
378 1294 497 1360 iterum
520 1299 620 1377 atque
643 1294 778 1373 iterum,
811 1293 874 1360 nisi
896 1315 955 1378 per
977 1293 1119 1359 medium
1142 1314 1263 1359 annum
1286 1315 1324 1359 se
1347 1295 1474 1361 tandem

157 1405 274 1469 purum
295 1384 482 1449 servaverit
504 1386 696 1466 firmamque
718 1405 810 1468 spem
833 1382 1014 1449 ostenderit
1037 1382 1207 1449 absolutae
1230 1383 1473 1450 emendationis.

156 1475 194 1538 ln
217 1473 278 1538 hoc
300 1473 527 1540 tantummodo
551 1472 722 1538 discrimen
746 1472 879 1556 agnosci
904 1473 1017 1551 debet,
1048 1473 1133 1555 quod
1164 1471 1387 1538 confessarius
1416 1494 1473 1539 non

155 1561 220 1627 iarn
244 1561 286 1627 ad
309 1561 375 1627 alia
397 1561 506 1627 studia
520 1583 594 1627 eum
621 1561 761 1644 dirigere
778 1562 905 1639 debeat,
929 1561 987 1627 sed
1009 1597 1054 1605 —
1076 1561 1180 1626 solum
1204 1561 1275 1627 iere
1298 1563 1387 1644 quod
1411 1561 1472 1628 fieri

154 1651 259 1734 possit
281 1687 325 1698 —
349 1650 508 1717 consistat
535 1651 569 1715 in
590 1651 736 1734 urgenda
757 1650 992 1716 emendatione.
1039 1649 1159 1727 Quodsi
1182 1649 1264 1716 haec
1286 1652 1474 1717 ostendatur

156 1741 331 1824 desperata
354 1759 443 1817 esse,
473 1743 579 1806 restat
601 1743 788 1817 tentamen‚
822 1761 898 1804 num
928 1739 1014 1805 forte
1037 1739 1078 1804 ab
1102 1759 1201 1805 onere
1229 1739 1473 1806 subdiaconatui

156 1849 285 1894 annexu
309 1849 367 1912 per
389 1849 550 1894 summum
573 1829 757 1913 pontificem
781 1829 950 1906 liberetur,
975 1831 1012 1893 ut
1034 1827 1134 1893 alium
1157 1827 1247 1894 vitae
1269 1831 1399 1895 statum
1420 1827 1474 1894 sibi
1512 1834 1514 1869 ¹

155 1918 261 2002 possit
283 1917 415 2000 eligere.

377 2118 590 2185 INTENTIO
614 2116 662 2183 IN
686 2117 983 2184 SUSClPIENDIS
1006 2116 1255 2185 ORDINIBUS.

716 2283 827 2350 Casus.
847 2291 923 2360 (203)

245 2423 417 2494 Evaristus‚
448 2423 542 2500 pridie
569 2443 656 2499 quam
678 2424 922 2483 subdiaconatum
944 2428 1009 2481 erat
1029 2429 1237 2500 suscepturus,
1265 2424 1351 2500 gravi
1380 2444 1475 2502 pugna

157 2503 273 2562 interna
293 2508 463 2578 torquetur,
491 2505 629 2580 quoniam
649 2504 823 2580 importunis
850 2510 965 2563 tantum
993 2503 1131 2579 precibus
1159 2509 1316 2580 parentum
1340 2505 1476 2564 inductus

158 2590 204 2642 est
225 2585 261 2642 ad
283 2588 393 2642 statum
414 2583 580 2643 clericalem
601 2584 827 2656 assumendum
855 2584 983 2643 animum
1004 2584 1168 2642 servandae
1196 2584 1402 2645 continentiae
1421 2605 1475 2644 non

157 2669 256 2740 potest
276 2664 447 2740 concipere;
479 2664 531 2722 sed
552 2663 577 2722 si
598 2683 677 2723 nunc
698 2665 832 2734 recedat,
861 2663 1039 2739 gravissima
1060 2663 1203 2723 excitabit
1222 2663 1322 2740 iurgia
1341 2684 1409 2724 cum
1430 2685 1475 2742 pa·

156 2744 290 2802 rentibus
312 2762 468 2819 eorumque
490 2744 557 2802 odia
578 2742 609 2802 in
630 2763 662 2802 ae
683 2763 799 2803 sumere
820 2764 879 2803 non
900 2744 1003 2802 audet:
1030 2762 1120 2818 quare
1142 2743 1256 2802 demum
1276 2745 1395 2805 accedit
1416 2765 1477 2804 cum

156 2823 223 2881 aliis
245 2823 282 2881 ad
304 2822 520 2900 suscipiendum
543 2823 801 2894 subdiaconatum,
831 2829 861 2882 et
882 2830 1096 2899 consequenter
1117 2824 1206 2882 etiam
1234 2830 1341 2901 postca
1362 2825 1401 2884 ad
1422 2825 1478 2884 dia·

156 2910 294 2962 conatum
317 2908 347 2962 et
366 2906 614 2979 presbyteratum.
656 2904 728 2962 Post
749 2903 860 2979 aliquot
881 2923 975 2962 annos
1003 2903 1151 2962 infelicem
1172 2924 1257 2963 suum
1279 2910 1393 2964 statum
1415 2925 1478 2965 con·

155 2983 282 3042 fossario
303 2983 475 3043 manifestat
495 2983 685 3059 habitumque
705 3003 829 3060 pravum
850 3004 906 3059 quo
927 2985 1044 3042 laborat
1057 2989 1145 3059 atque
1166 2985 1326 3060 sacrilegia
1340 2986 1478 3045 continno

157 3081 320 3123 commissa.

157 3176 333 3247 Quanarrua
355 3178 384 3235 1⁰
404 3196 478 3254 quae
499 3176 624 3235 intentio
653 3181 683 3235 et
703 3177 843 3235 voluntas
868 3175 1035 3252 requiratur
1057 3177 1094 3235 ad
1122 3176 1327 3255 suscipiendos
1355 3180 1480 3239 ordines.

356 3277 386 3334 2⁰
407 3274 476 3350 quid
498 3275 532 3333 de
554 3275 655 3333 valore
677 3274 872 3333 ordinationis
893 3274 1033 3334 Evaristi.

355 3374 386 3432 8θ
406 3392 481 3449 quae
503 3373 543 3431 sit
564 3372 704 3447 obligatio
725 3372 855 3430 Evaristi
876 3372 912 3430 ad
934 3371 1118 3432 caelibatum.

750 3564 884 3632 solutio.

96 3731 147 3785 700
247 3707 678 3782 Asculanorum.
710 3708 761 3772 Ex
785 3712 904 3774 natura
928 3707 974 3771 rei
998 3706 1223 3790 suscipiendae
1246 3707 1428 3789 requiritur
1449 3715 1482 3774 et

157 3795 279 3861 sufficit
301 3795 334 3860 in
358 3796 469 3861 adulto
486 3796 639 3862 voluntas
655 3796 809 3879 explicite
825 3796 936 3862 habita
952 3817 1057 3879 neque
1073 3800 1265 3863 retractata.
1294 3796 1343 3864 uf.
1366 3798 1422 3864 lt.
1440 3823 1481 3865 nr.

157 3883 198 3960 Il,
223 3887 304 3959 5993
330 3886 361 3951 S.
386 3884 584 3968 Alphons.
609 3885 665 3961 VI,
691 3887 742 3951 81.

245 3991 284 4056 R.
311 3994 340 4057 2.
380 3991 431 4055 Ex
462 3995 581 4056 natura
610 3991 693 4057 ritus
721 3991 908 4057 traditionis
938 3991 1228 4057 instrumentorum
1258 3995 1293 4056 et
1325 3999 1482 4077 accepte·

157 4079 271 4158 tionis,
303 4084 463 4162 quatenus
487 4081 567 4145 haec
590 4081 775 4145 necessaria
798 4086 865 4156 est,
898 4081 1074 4162 requiritur
1097 4101 1132 4145 re
1155 4080 1227 4163 ipsa
1250 4081 1390 4147 intentio
1415 4084 1482 4147 vir·

157 4168 272 4246 taulis,
304 4190 400 4251 quam
424 4169 457 4233 in
483 4170 658 4252 tangendis
688 4170 914 4235 instrumentis
944 4170 1059 4235 abesse
1089 4169 1287 4252 impossibile
1317 4175 1387 4250 est,
1419 4171 1482 4236 nisi

158 4258 229 4338 quis
251 4258 403 4323 simulate
426 4265 564 4341 tangere
588 4258 677 4324 velit.

246 4363 283 4429 R.
310 4368 339 4430 3.
381 4365 464 4429 Hinc
488 4365 634 4448 sequitur
658 4387 699 4430 ex
722 4369 816 4448 parte
840 4364 1030 4430 intentionis
1054 4365 1306 4430 ordinandorum
1337 4387 1379 4432 ea
1410 4367 1482 4432 sola

158 4452 262 4516 valori
286 4455 418 4518 obstare
442 4476 524 4535 quae
548 4454 673 4520 faciunt
696 4459 804 4519 actum
829 4454 1020 4536 simpliciter
1042 4454 1298 4519 involuntarium
1322 4457 1376 4520 vel
1400 4477 1481 4522 non-

158 4542 394 4618 voluntarium
426 4565 489 4607 non
519 4543 652 4608 obstare
682 4565 723 4608 ea
752 4564 835 4624 quae
866 4542 991 4608 faciunt
1014 4549 1123 4608 actum
1146 4543 1404 4610 involuntarium
1428 4567 1481 4610 se·

159 4632 297 4695 cundum
327 4631 413 4713 quid.
460 4632 542 4697 Aliis
573 4631 697 4696 verbis:
731 4638 837 4697 metus
867 4632 968 4698 etiam
997 4633 1108 4714 gravis
1140 4654 1204 4697 non
1234 4633 1317 4699 facit
1348 4635 1481 4701 ordina·
