3044 5174
304 281 429 335 Minister
447 281 547 352 pascit.
567 309 602 318 -
620 279 743 348 sigillum
761 284 926 334 sacrament.
945 310 979 319 —
1000 282 1059 336 eius
1077 281 1197 337 violatio.
1352 286 1417 349 325

87 461 142 524 vel
173 462 211 525 ut
240 458 412 543 permittat
441 456 641 523 confessario
669 456 777 522 dicere
807 457 973 523 sororibus
1003 461 1174 540 aegrotum
1205 479 1269 522 non
1300 479 1420 541 cupere

88 570 176 614 nunc
199 570 225 614 s.
251 568 517 613 commumonem.

180 654 220 719 R.
239 656 269 719 2.
309 652 430 730 Quodsi
453 651 671 718 confessarius
694 652 743 717 ita
765 672 898 718 monere
921 673 1050 717 sorores
1073 653 1189 731 soleat,
1215 656 1248 718 et
1271 653 1305 718 in
1328 658 1421 719 certo

89 744 200 826 aliquo
225 763 303 807 casu
327 749 481 823 aegrotus
505 763 569 806 non
592 742 763 807 absolutus
786 741 918 808 insistat
945 746 982 807 ut
1005 741 1065 806 sibi
1090 742 1298 807 nihilominus
1324 744 1420 808 detur
1458 754 1461 762 “

89 856 114 900 s.
140 832 340 907 communio,
365 832 394 895 si
416 831 477 896 hoc
501 837 597 896 extra
621 830 858 895 confessionem
883 830 977 906 dicit,
1009 852 1114 914 neque
1137 837 1258 913 agatur
1280 832 1320 897 da
1343 854 1420 916 pec-

90 926 204 988 catore
220 921 359 1005 publico,
384 920 437 1001 qui
454 919 643 985 scandalum
660 940 815 1003 reparare
831 924 930 985 antea
947 920 1065 986 debeat
1084 941 1188 1002 neque
1203 921 1423 1004 reparaverit.

91 1009 311 1077 confessarius
335 1030 466 1073 monere
491 1009 588 1074 debet
611 1029 741 1074 sorores
763 1013 801 1074 ut
824 1008 918 1074 alias.
965 1008 998 1073 Si
1024 1014 1180 1092 aegrotus
1210 1009 1295 1075 hanc
1318 1011 1420 1074 sacri-

91 1101 201 1182 legam
225 1099 431 1164 voluntatem
455 1099 578 1181 aperit,
610 1099 686 1162 dum
710 1097 815 1164 adhuc
839 1102 991 1164 versatur
1013 1097 1047 1163 in
1071 1098 1291 1177 confessione,
1316 1121 1424 1182 neque

90 1189 213 1273 repetit
236 1192 361 1272 postea,
386 1187 605 1252 confessarius
628 1187 717 1253 dicat
740 1188 828 1253 clare
851 1208 887 1251 se
911 1186 1059 1252 nuntium
1083 1187 1234 1253 daturum
1256 1210 1321 1253 uon
1338 1210 1421 1264 esse,

90 1300 168 1344 uam
199 1299 235 1342 se
265 1277 351 1341 nolle
380 1276 552 1359 sacrilegio
583 1277 768 1360 cooperari3
802 1297 916 1341 verum
948 1276 1172 1358 interrogatus
1204 1299 1224 1343 a
1256 1278 1423 1343 sororibus

91 1368 201 1433 dicere
226 1367 334 1442 debet,
358 1387 432 1442 uon,
457 1387 498 1430 ne
521 1370 729 1448 praeparent,
754 1365 828 1430 sed:
854 1365 1011 1430 accidisse
1027 1370 1064 1432 ut
1084 1387 1149 1431 non
1165 1367 1423 1450 interrogaverit

90 1460 281 1538 aegrotum,
313 1455 536 1535 interrogetur
563 1455 604 1520 ab
634 1454 714 1538 ipsis
737 1454 919 1519 sororibus:
951 1459 1051 1536 atque
1074 1460 1247 1538 exspectet
1271 1457 1347 1538 quid
1370 1477 1422 1521 re-

89 1566 247 1630 sponsum
271 1544 427 1608 referant.
452 1580 496 1589 —
519 1543 564 1609 Et
586 1565 622 1608 re
645 1544 717 1627 ipsa
740 1564 853 1609 verum
879 1543 972 1617 dicit;
1005 1565 1080 1609 nam
1109 1566 1173 1609 non
1202 1545 1424 1627 interrogavit

89 1639 190 1700 extra
215 1632 467 1708 confessionem;
491 1632 784 1715 interrogationem
807 1632 840 1697 in
856 1632 1060 1698 confessione
1077 1638 1187 1698 autem
1208 1634 1287 1700 licet
1301 1635 1423 1700 habere

89 1746 151 1808 pro
176 1744 241 1787 non
265 1722 455 1788 exsistente.

182 1820 221 1886 R.
247 1823 277 1885 3.
322 1819 430 1896 Quare
453 1819 569 1883 melius
594 1818 759 1885 catillum
783 1824 896 1884 tenere
919 1840 1053 1897 morem,
1077 1819 1171 1885 utin
1195 1819 1310 1903 quovis
1334 1839 1489 1897 casmeta

89 1911 163 1976 sive
187 1913 343 1991 aegrotus
372 1908 542 1974 absolutus
564 1908 609 1974 sit
632 1908 703 1972 sive
726 1930 808 1986 non,
840 1919 905 1972 non
935 1908 1004 1991 ipse
1028 1909 1156 1974 nuntiet
1179 1910 1346 1974 sororibus
1369 1911 1423 1975 vel

90 1998 281 2064 domesticis
304 1997 476 2080 quicquam
501 1998 541 2062 de
565 2019 590 2062 s.
616 1997 856 2075 communione,
888 1997 945 2062 sed
976 1998 1064 2063 sinat
1087 2020 1217 2082 semper
1240 2020 1297 2064 eas
1319 1999 1422 2064 inter·

90 2109 211 2171 rogare
234 2091 407 2168 aegrotum
431 2086 565 2168 eiusque
588 2087 630 2151 ad
655 2086 727 2151 illas
751 2107 942 2170 responsum
966 2091 1170 2171 exspectare.

182 2185 221 2250 R.
246 2189 277 2251 4.
324 2184 409 2248 Hinc
439 2184 472 2248 in
503 2205 580 2249 casu
611 2188 724 2249 nostro
747 2184 878 2249 Diocles
907 2189 998 2250 recte
1025 2185 1264 2268 respondisset:
1294 2185 1425 2252 Accidit

91 2297 135 2339 ex
160 2274 328 2357 inopinato
352 2279 389 2339 ut
412 2295 476 2337 non
499 2272 788 2354 interrogaverim:
820 2273 1040 2354 interrogate,
1072 2295 1210 2356 quaese,
1240 2279 1422 2356 aegrotum.

91 2364 216 2441 Quodsi
240 2366 395 2444 aegrotus
419 2383 526 2427 coram
552 2362 718 2427 sororibus
741 2362 873 2445 petierit
896 2362 1154 2428 communionem
1171 2385 1266 2429 mane
1283 2366 1422 2429 efferen-

92 2455 186 2529 dam,
212 2473 316 2533 neque
339 2452 470 2535 publica
493 2451 593 2516 fuerit
615 2451 795 2533 indignitas
818 2451 962 2534 aegroti,
994 2452 1124 2517 Diocles
1149 2453 1260 2519 debuit
1283 2475 1309 2519 s.
1335 2474 1422 2518 com·

92 2542 280 2607 munionem
311 2544 445 2616 afferre3
478 2541 665 2623 cooperatio
695 2540 780 2605 enim
810 2541 853 2606 ad
879 2541 1088 2623 sacrilegium
1111 2542 1140 2606 ei
1164 2546 1237 2607 erat
1259 2546 1329 2608 tum
1352 2564 1422 2608 ma-

93 2630 221 2697 terialis
252 2634 398 2705 tantum;
432 2630 595 2711 denegare
619 2651 644 2696 s.
670 2629 925 2695 communionem
951 2634 1039 2695 esset
1063 2631 1262 2714 exprobrare
1286 2638 1423 2714 aegroto

93 2720 325 2800 indignitatem
360 2718 497 2800 aliisque
530 2719 609 2784 dare
642 2739 773 2784 causam
805 2718 1009 2802 suspicandi:
1045 2721 1130 2801 quod
1165 2722 1315 2788 absolute
1349 2721 1424 2804 lege

93 2809 194 2890 sigilli
218 2808 418 2891 prohibetur.

185 2898 218 2964 Si
242 2918 321 2962 vero
345 2918 381 2961 re
404 2897 476 2979 ipsa
499 2895 765 2979 impedimentum
789 2895 956 2974 acciderit,
981 2896 1121 2963 debebat
1145 2898 1197 2963 vel
1222 2897 1318 2963 alteri
1342 2919 1422 2981 neg-

93 2987 197 3053 otium
233 2987 453 3061 committere,
493 2985 546 3050 vel
585 3006 621 3050 se
658 2989 810 3070 paratum
846 2985 1020 3051 ostendere
1054 2985 1096 3050 ad
1130 3009 1157 3052 s.
1192 2987 1423 3054 eucharistiam

92 3075 245 3158 sequenti
269 3075 321 3140 dic
344 3075 560 3140 afferendam:
585 3074 668 3140 alias
690 3076 797 3156 legem
821 3073 920 3157 sigilli
944 3096 1008 3140 non
1031 3075 1114 3141 satis
1137 3082 1297 3143 servaret.

185 3199 238 3264 An
261 3202 508 3274 ‹ruri1rs1ruu2nl
530 3198 568 3263 R.
590 3203 617 3264 1.
651 3199 684 3264 si
707 3198 885 3282 probabilis
908 3203 982 3265 erat
997 3198 1092 3276 ratio,
1113 3200 1166 3264 vel
1182 3200 1209 3264 si
1226 3203 1323 3265 erant
1338 3198 1487 3268 eius-573

92 3289 180 3354 modi
206 3288 370 3365 adiuncta,
395 3309 436 3352 ex
459 3287 575 3369 quibus
598 3287 799 3369 probabilem
821 3288 981 3353 rationem
999 3289 1114 3354 adesse
1132 3289 1205 3354 aliis
1220 3289 1325 3353 videri
1349 3293 1423 3373 pot-

93 3383 168 3444 erat
193 3378 338 3442 Dioclem
362 3399 396 3442 re
413 3399 493 3442 vera
516 3377 570 3441 illo
594 3398 689 3442 mane
715 3398 779 3441 uon
795 3399 891 3460 posse
907 3377 1036 3442 venire:
1061 3377 1143 3443 haec
1159 3378 1272 3445 dilatio
1296 3378 1425 3444 dandae

94 3491 120 3534 a.
148 3466 381 3531 communionis
411 3488 475 3531 non
505 3471 579 3531 erat
608 3471 722 3531 contra
747 3466 900 3548 sigillum.
947 3467 1070 3531 Verum
1094 3468 1155 3533 hac
1179 3467 1335 3534 dilatione
1358 3489 1425 3534 non

95 3561 229 3640 poterat
258 3577 327 3620 rem
357 3578 416 3638 pro
447 3556 597 3621 coniecta
627 3556 764 3631 habere;
796 3556 879 3621 alias
909 3559 944 3621 et
967 3561 1104 3638 aegroto
1128 3557 1366 3623 incommodum
1391 3561 1425 3624 et

95 3645 394 3729 exprobrationem,
419 3645 492 3710 aliis
516 3666 649 3709 causam
673 3645 859 3727 suspicandi
882 3645 1098 3728 praebuisset.

185 3752 224 3818 R.
250 3755 279 3816 2.
320 3751 367 3816 Ut
389 3750 490 3832 igitur
513 3773 581 3815 rem
606 3751 668 3816 rite
693 3756 911 3834 componeret,
936 3756 1012 3836 post
1035 3752 1159 3818 factam
1178 3752 1424 3818 excusationem

95 3841 209 3906 debuit
232 3841 337 3905 denuo
362 3840 452 3905 adira
475 3845 646 3921 aegrotum
660 3865 667 3917 3
692 3861 797 3923 neque
812 3841 977 3907 mentione
993 3841 1083 3906 iacta
1099 3841 1312 3906 confessionis
1328 3862 1424 3923 prae·

94 3930 216 3996 teritae
250 3930 302 3995 vel
341 3935 483 4012 negatae
522 3929 736 3995 absolutionis
776 3929 967 4014 simpliciter
1005 3930 1184 4012 inquirere,
1224 3952 1300 3995 num
1337 3931 1424 3995 forte

94 4019 240 4085 crastino
264 4019 315 4084 die
339 4040 382 4084 ss,
400 4018 630 4084 eucharistiam
647 4019 728 4084 velit
752 4019 913 4103 recipere:
939 4041 974 4084 se
993 4019 1088 4084 hodie
1104 4020 1205 4085 fuisse
1220 4019 1422 4103 impeditum.

94 4110 306 4189 Interrogare
336 4112 448 4172 tamen
477 4113 588 4191 potest
618 4115 806 4190 aegrotum,
838 4131 914 4173 num
946 4109 1031 4174 forte
1061 4109 1197 4184 habeat,
1228 4110 1313 4190 quod
1346 4130 1423 4172 con·

93 4198 265 4264 scientiam
289 4202 418 4279 gravet.
465 4197 501 4262 ld
526 4197 611 4262 enim
635 4197 714 4262 nihil
736 4197 861 4263 indicat
884 4198 1083 4281 praeteritae
1107 4197 1337 4273 confessionis,
1366 4197 1423 4262 sed

94 4290 199 4353 solam
230 4287 479 4370 possibilitatem
511 4287 648 4352 alicuius
672 4288 719 4351 rei
744 4287 785 4351 ab
809 4287 924 4353 ultima
947 4287 1151 4353 confessione
1175 4287 1366 4352 commissae
1389 4293 1425 4352 et

94 4375 329 4442 conscientiam
359 4377 522 4458 augentis,
569 4376 689 4453 Quodsi
720 4376 887 4453 annuerit,
918 4399 958 4442 ac
988 4377 1093 4441 denuo
1120 4375 1162 4441 ad
1186 4376 1422 4441 confessionem

94 4466 279 4532 faciendam
311 4469 466 4546 aegrotus
496 4470 632 4548 paratus
662 4465 722 4541 sit,
754 4465 840 4530 omni
869 4487 929 4548 ope
953 4465 1063 4530 conari
1088 4465 1185 4531 debet
1207 4464 1354 4540 Diocles,
1386 4469 1424 4529 ut

93 4557 149 4621 ille
173 4556 214 4621 ad
239 4555 406 4619 meliorem
431 4555 558 4636 frugem
582 4576 618 4619 sa
641 4553 789 4636 recipiat,
813 4575 896 4619 neve
920 4555 1082 4636 sacrilega
1100 4555 1324 4619 communione
1347 4574 1423 4637 pcc-

93 4653 170 4712 cata
193 4645 339 4728 peccatis
363 4643 473 4710 addat.
