3044 5174
203 309 321 366 Ordines
339 311 420 365 sacri.
438 340 475 350 —
493 310 683 367 Condiciones:
703 311 802 366 titulus
820 311 999 367 ordinationis
1018 315 1046 367 et
1063 314 1281 368 sustentationis.
1342 320 1405 382 411

77 487 143 553 ficii
166 487 278 555 evasit
299 487 471 573 episcopus
493 488 654 572 proprius.
701 489 811 570 Atque
842 488 924 554 baec
948 489 1127 556 obtinuisse
1150 490 1183 555 in
1206 512 1301 568 casu,
1333 514 1407 557 son-

78 577 186 644 tentia
208 599 270 643 sua
292 577 430 660 agnovit
453 581 487 643 et
510 577 692 643 declaravit
715 576 747 643 S.
772 578 806 644 C.
830 577 864 645 C.
889 579 919 644 d.
946 581 986 644 18
1011 578 1084 645 Iulii
1103 582 1188 646 1733
1211 581 1253 645 ad
1277 581 1292 645 Ι
1316 588 1350 648 01
1365 583 1407 648 ΙΙ.

168 684 209 749 R.
228 687 258 750 2.
290 683 399 750 Aliter
421 684 461 749 de
483 683 605 751 litteris
627 685 900 751 testimonialibus.
932 684 993 750 His
1017 685 1186 769 indigebat
1208 687 1408 753 ordinandus

78 773 120 839 ab
150 772 306 856 episcopo
334 772 470 855 originis
501 778 536 840 et
565 773 728 839 domicilii.
776 774 883 851 Quare
906 775 1055 856 quaestio
1079 776 1246 843 reducitur
1275 778 1316 841 ad
1347 777 1407 843 hoc

78 883 155 927 uum
181 862 315 929 litterae
337 883 438 946 supra
467 863 590 928 allatae
620 863 687 928 sint
716 863 848 929 litterae
878 864 1117 930 testimoniales
1148 886 1209 949 pro
1241 867 1408 932 ordinibus

77 951 184 1017 sacris
214 951 425 1018 sufficientes.
465 952 557 1029 Quod
580 952 612 1018 S.
637 953 671 1018 G.
695 952 728 1018 0.
754 952 784 1018 d.
812 952 950 1018 13111111
976 955 1198 1019 1733011111
1230 959 1408 1038 putaverat

77 1041 180 1108 etiam
205 1041 435 1107 affirmandum
458 1061 547 1116 esee;
580 1045 631 1118 at,
656 1063 692 1107 re
715 1041 833 1108 melius
855 1063 1028 1126 perpensa,
1052 1043 1082 1109 d.
1108 1046 1128 1109 8
1151 1043 1237 1125 Aug.
1263 1045 1406 1110 eiusdem

77 1130 156 1196 anni
179 1134 315 1216 negavit,
339 1131 390 1196 bis
414 1131 492 1196 nixa
514 1130 713 1197 rationibus:

171 1235 204 1317 1)
235 1237 271 1303 Iu
296 1236 409 1321 primis
433 1237 526 1304 deest
548 1237 581 1303 in
604 1237 655 1303 his
678 1237 798 1305 litteris
821 1237 1043 1303 testimonium
1075 1239 1114 1303 de
1137 1241 1300 1305 1101011100
1323 1241 1364 1322 (Β
1373 1261 1407 1305 0-

79 1325 149 1391 nif.
176 1325 256 1391 VIII
277 1325 309 1391 in
335 1347 406 1411 cap.
433 1330 462 1405 l,
486 1327 526 1392 X.
552 1330 581 1404 1,
608 1329 646 1392 11
674 1328 713 1391 dc
733 1329 810 1410 filiis
830 1329 1003 1413 presbyter.
1028 1326 1061 1391 111
1086 1326 1144 1410 6⁰).
1177 1327 1293 1411 Neque
1317 1330 1408 1394 suffi-

78 1415 169 1480 ciens
194 1415 300 1497 quoad
324 1415 386 1480 hoc
409 1415 536 1481 censeri
559 1418 670 1498 potest
692 1415 883 1481 testificatio
907 1415 947 1481 de
966 1415 1095 1482 collatis
1111 1417 1215 1482 eidem
1231 1419 1408 1484 Laurentio

79 1503 260 1569 minoribus
283 1503 459 1570 ordinibus.
499 1505 585 1569 Nam
610 1507 650 1571 ad
674 1504 817 1569 minores
840 1504 969 1570 ordines
993 1505 1182 1589 dispensare
1205 1511 1317 1589 potest
1340 1508 1408 1590 epi-

78 1614 200 1676 seopus
223 1594 263 1658 ab
285 1593 519 1678 impedimento
542 1594 802 1676 illegitimitatis,
834 1615 898 1658 non
928 1593 976 1659 ita
1000 1595 1107 1676 quoad
1130 1595 1261 1661 ordines
1284 1617 1406 1662 sacros.

79 1681 189 1759 Quare
218 1681 359 1748 debebat
387 1683 558 1768 episcopus
580 1682 748 1749 Ilcinensis
778 1684 955 1749 secundum
985 1705 1132 1750 normam
1160 1689 1264 1753 const.
1292 1685 1408 1750 Inuo-

80 1775 187 1838 oent.
210 1771 273 1837 XII
298 1771 556 1858 ῃ131100111010101α
581 1772 751 1839 informari
775 1773 816 1837 de
839 1772 986 1855 legitimo
1009 1776 1084 1839 ortu
1098 1773 1268 1840 Laurentii
1291 1774 1345 1839 vel
1368 1776 1408 1840 de

79 1860 325 1944 dispensatione
349 1864 520 1947 apostolica
542 1860 576 1925 in
599 1861 669 1926 eius
693 1862 824 1928 defectu
848 1862 993 1928 obtenta.

171 1966 206 2048 2)
236 1966 386 2032 Secundo
410 1967 616 2034 desideratur
638 1968 671 2032 iu
693 1967 807 2033 iisdem
832 1967 952 2034 litteris
976 1967 1199 2034 testimonium
1226 1969 1266 2034 de
1296 1978 1405 2035 aetate.

80 2054 286 2137 Quamquam
316 2077 396 2121 vero
427 2057 500 2122 aliis
530 2057 732 2122 documentis
762 2057 843 2122 haec
872 2057 1022 2141 probatio
1053 2058 1174 2123 aetatis
1204 2062 1238 2123 et
1270 2058 1407 2140 legitimi

79 2149 173 2210 ortus
196 2144 309 2210 baberi
332 2149 460 2229 potest:
491 2149 594 2212 const.
617 2145 751 2211 Innoc.
768 2146 831 2210 Xll
854 2167 919 2211 non
942 2145 1075 2211 videtur
1097 2146 1179 2212 satis
1201 2147 1312 2211 fidisse
1335 2146 1407 2211 aliis

79 2232 327 2319 probationibus
351 2238 385 2300 et
406 2233 480 2300 ideo
510 2235 720 2318 requisivisse
749 2235 973 2301 testimonium
1003 2235 1146 2319 episcopi
1175 2239 1244 2301 tam
1274 2235 1408 2318 originis

78 2343 178 2406 quam
203 2322 366 2401 domicilii,
390 2327 428 2389 ut
451 2325 566 2389 horum
590 2325 812 2391 testimonium
836 2325 958 2390 certius
982 2323 1081 2390 dubia
1103 2325 1301 2390 excluderet.

171 2428 206 2510 3)
230 2428 431 2496 Testificatio
455 2430 496 2496 de
519 2431 589 2496 vita
619 2437 653 2497 01
675 2431 820 2496 moribus
849 2429 1017 2507 „nonfuit
1047 2430 1136 2495 edita
1164 2430 1334 2515 speciatim
1365 2430 1407 2497 ad

78 2519 233 2584 effectum
249 2519 462 2602 promotionis
479 2521 520 2585 ad
544 2543 649 2586 011011
672 2520 802 2586 ordines
824 2542 940 2586 saeros.
976 2521 1117 2586 Multum
1133 2540 1211 2586 vero
1234 2520 1405 2597 interest“‚

77 2613 115 2674 ut
132 2608 165 2673 S.
184 2607 217 2673 G.
234 2607 267 2673 0.
285 2608 528 2687 animadvertit,
557 2609 662 2687 „inter
684 2630 756 2674 eam
780 2608 913 2674 vivendi
936 2609 1097 2674 rationem
1121 2630 1206 2691 quae
1221 2609 1408 2675 satisfaciat

77 2696 184 2764 31111111
207 2696 368 2762 minorum
393 2698 550 2775 ordinum,
576 2703 609 2764 et
633 2697 731 2763 aliam
756 2719 853 2780 quam
870 2698 1019 2782 exposcit
1035 2698 1184 2781 superior
1199 2699 1321 2781 gradus
1337 2698 1407 2762 eive

78 2786 271 2852 subdiaconi
294 2786 365 2851 eive
388 2786 514 2852 diaconi
538 2786 608 2852 sive
632 2787 826 2871 presbyteri.
873 2788 989 2870 ltaque
1017 2811 1144 2853 0001010
1170 2789 1285 2853 Concil.
1316 2789 1405 2853 Tria.

79 2874 346 2952 discriminatim‚
378 2875 555 2958 habitoque
584 2876 742 2959 peculiari
771 2882 924 2959 respectu
947 2882 1016 2943 tam
1040 2877 1082 2941 ad
1106 2877 1235 2940 ordines
1265 2876 1406 2940 minores

79 2964 244 3046 quemad
274 2964 423 3047 singulos
452 2965 608 3042 maiores,
640 2965 745 3048 exigit
775 2965 940 3049 peculiare
970 2965 1193 3031 testimonium
1217 2964 1257 3029 de
1281 2985 1404 3029 morum

79 3053 287 3133 condicione,
312 3055 351 3119 de
375 3053 464 3118 vitae
487 3053 639 3120 instituto
662 3053 703 3119 iis
726 3055 882 3138 gradibus
905 3058 1135 3132 consentaneo,
1160 3058 1197 3120 ut
1219 3053 1331 3119 videre
1354 3061 1407 3119 est

79 3143 110 3207 in
135 3164 207 3226 cap.
233 3144 263 3210 5.
290 3145 318 3210 7.
344 3145 373 3209 8.
404 3145 452 3209 12.
480 3145 530 3208 13.
558 3146 609 3222 14,
633 3164 713 3210 sess.
739 3147 781 3208 23
807 3145 845 3209 de
868 3143 947 3227 ref.“

174 3248 337 3325 „Tametsi
367 3248 485 3331 igitur“
520 3286 563 3293 -—
593 3251 703 3334 pergit
727 3251 758 3319 S.
783 3251 817 3317 G.
842 3251 875 3316 C.
907 3289 948 3297 —
984 3248 1194 3328 „const'tutio
1225 3249 1406 3314 innocentii

81 3359 239 3422 expresse
262 3360 327 3404 non
350 3338 532 3422 praecipiat
555 3343 592 3404 ut
616 3338 838 3405 testimonium
861 3339 903 3404 ab
926 3338 1080 3423 episcopo
1104 3337 1238 3420 originis
1254 3343 1288 3405 et
1304 3338 1406 3404 domi-

80 3428 143 3494 cilii
168 3426 378 3492 obtinendum
402 3428 443 3493 de
465 3427 536 3493 vita
559 3432 594 3494 01
622 3428 767 3493 moribus
797 3427 923 3506 clerici,
953 3426 1008 3510 qui
1035 3426 1078 3492 ad
1106 3427 1247 3492 maiores
1276 3428 1406 3493 ordines

80 3516 266 3601 promoveri
289 3516 330 3582 ab
354 3517 418 3582 alio
442 3517 595 3601 episcopo
619 3517 746 3601 cupiat,
777 3518 821 3583 sit
844 3521 1035 3601 conceptum
1059 3516 1163 3581 relate
1187 3517 1229 3581 ad
1254 3518 1406 3582 effectum

80 3605 276 3690 suscipiendi
306 3606 437 3672 eosdem
468 3606 614 3682 ordines,
647 3607 731 3673 hanc
760 3610 871 3672 temen
901 3627 979 3671 vere
1009 3605 1111 3670 fuisse
1141 3609 1284 3672 mentem
1308 3606 1406 3687 legis-

81 3694 198 3763 latoris
221 3694 381 3762 conicitur
403 3716 446 3761 ex
470 3701 590 3762 natura
613 3695 684 3779 ipsa
707 3695 755 3760 rei
779 3696 818 3761 de
843 3716 906 3777 que
929 3695 1105 3779 agebatur:
1131 3716 1207 3760 nam
1231 3717 1302 3760 cum
1326 3695 1407 3760 haec

81 3784 195 3869 regula
218 3783 262 3850 ibi
286 3788 454 3851 statuatur
477 3785 641 3851 servanda
664 3784 811 3869 praecise
835 3784 876 3849 ad
893 3784 1043 3850 effectum
1062 3784 1287 3861 ordinationis,
1312 3788 1346 3849 et
1369 3787 1406 3849 ut

81 3874 253 3959 episcopus
275 3875 459 3940 sacerdotio
482 3873 672 3941 initiaturus
695 3895 813 3938 novum
838 3878 1068 3956 recentemque
1092 3873 1254 3940 subditum
1279 3871 1406 3938 ratione

81 3963 228 4029 beneficii
253 3967 287 4029 et
309 3969 408 4030 antea
431 3963 493 4028 sibi
517 3964 649 4028 minime
672 3967 784 4028 notum
809 3968 919 4029 certus
939 3963 1031 4028 reddi
1054 3963 1167 4046 possit,
1193 3962 1277 4042 quod
1298 3983 1405 4025 mores

82 4052 225 4118 eiusdem
260 4053 431 4118 ordinandi
460 4054 681 4136 respondeant
710 4051 881 4119 sanctitati
911 4053 1033 4135 gradus
1063 4050 1275 4135 suscipiendi,
1309 4050 1406 4132 plane

81 4142 229 4224 sequitur
253 4163 291 4207 οο
315 4142 423 4206 animo
446 4143 548 4206 fuisse
571 4141 795 4207 Innocentium
821 4142 1006 4225 pontificem
1031 4144 1067 4205 ut
1096 4141 1227 4206 litterae
1257 4138 1406 4204 testimo·

81 4231 185 4297 nieles
208 4229 312 4296 vitam
335 4252 507 4312 moresque
531 4231 639 4296 clerici
663 4232 890 4296 commendent
909 4252 973 4294 non
989 4229 1139 4294 absolute
1155 4233 1189 4293 01
1205 4227 1404 4311 simpliciter,

81 4321 137 4386 sed
162 4320 268 4386 relate
291 4320 333 4386 ad
357 4342 469 4385 omnes
492 4342 603 4386 sacros
627 4319 766 4398 ordines,
791 4319 833 4384 ad
858 4340 939 4401 quos
962 4323 1054 4401 optet
1078 4317 1150 4400 quis
1170 4317 1356 4401 promoveri
1372 4323 1406 4382 et

82 4410 216 4492 quibus,
247 4415 285 4474 ut
306 4409 470 4486 initietur,
497 4410 647 4473 idoneum
672 4409 869 4490 dignumque
894 4429 967 4472 eum
991 4429 1063 4472 esse
1086 4427 1146 4490 per
1168 4407 1252 4472 tales
1275 4407 1405 4472 litteras

80 4500 179 4565 debet
212 4499 432 4581 comprobari:
465 4498 603 4581 ideoque
635 4499 726 4562 iubet
759 4497 859 4562 etiam
893 4497 1041 4580 pontifex
1072 4498 1112 4561 de
1142 4495 1255 4561 iisdem
1285 4495 1406 4561 litteris

80 4587 356 4654 testimonialibus
373 4608 563 4671 expressam
579 4587 776 4652 mentionem
792 4587 863 4651 fieri
879 4586 911 4651 in
929 4585 1122 4652 collatorum
1148 4584 1294 4651 ordinum
1311 4585 1406 4652 testi-

78 4677 220 4743 monio.“
256 4676 513 4760 Gaeparrin.
539 4678 781 4752 1211100101.
808 4679 840 4743 S.
868 4678 900 4742 0.
927 4677 960 4742 0.
984 4674 1041 4751 VI,
1068 4677 1131 4742 208
1148 4695 1219 4757 sqq.
