3044 5174
400 311 526 366 Minister
544 312 644 382 paenit.
663 341 698 350 -
717 328 830 366 casuum
848 311 1007 367 reservatio.
1302 314 1365 378 277

635 487 770 554 Salutio.

122 631 180 696 Aa
203 651 396 707 Quassrruu
415 634 452 694 1¹¹¹
475 630 514 696 R.
536 635 561 697 1.
594 629 736 695 Dubium
760 629 921 694 exsistere
945 632 1056 712 potest
1080 628 1219 694 diversis
1242 628 1430 693 modis:486

25 720 62 802 1)
91 721 231 785 dubium
255 720 295 784 de
319 723 395 785 actu
412 719 557 802 peccati;
583 720 617 800 2)
640 718 771 783 dubium
789 720 829 783 de
845 717 1026 783 subiectiva
1042 717 1228 800 gravitatc3
1254 718 1288 800 3)
1308 718 1367 782 du·

24 811 122 875 bium
148 809 230 874 iuris
253 829 310 873 seu
334 808 435 889 legis,
459 829 536 872 num
560 808 614 873 lex
638 809 728 873 illurn
753 829 863 873 casum
888 807 1153 890 comprehendat.
1179 843 1222 851 —
1247 806 1369 883 Quibus

28 899 172 975 notatis,
197 898 295 981 plane
319 897 490 962 dicendum
514 901 581 962 est:
607 897 644 961 ln
669 897 765 962 dubio
789 897 829 962 de
845 897 1027 962 subiectiva
1044 897 1096 961 vel
1114 895 1277 961 obiectiva
1293 916 1369 979 pec-

28 989 101 1054 cati
126 987 297 1070 gravitate
320 991 490 1070 peccalum
521 1008 586 1051 nou
617 991 669 1052 est
698 990 921 1062 reservatum,
955 1008 1028 1050 cum
1058 1007 1099 1050 ne
1130 986 1170 1050 de
1194 984 1368 1052 confitendi

29 1078 169 1161 quidem
193 1074 391 1141 necessitate
415 1079 553 1141 constet.

126 1183 167 1248 R.
186 1185 216 1248 2.
248 1181 282 1246 Si
298 1181 338 1246 de
360 1180 489 1264 peccati
512 1181 643 1264 quidem
666 1181 835 1263 gravitate
858 1185 999 1259 constat,
1023 1202 1088 1245 non
1106 1184 1237 1246 constat
1258 1183 1369 1246 autem

30 1272 74 1336 de
99 1292 200 1336 sensu
224 1269 317 1352 legia,
342 1271 441 1335 etiam
458 1269 520 1334 dici
538 1270 635 1335 debet
650 1277 822 1354 peccatum
838 1292 900 1335 non
919 1291 991 1335 esse
1006 1273 1223 1346 reservatum,
1249 1269 1370 1353 quippe

36 1361 127 1444 quod
153 1366 191 1426 ut
213 1361 360 1424 odiosum
384 1362 489 1424 stricto
512 1382 607 1424 aercae
631 1359 715 1423 sumi
738 1360 866 1426 debeat.

127 1466 167 1533 R.
193 1469 223 1532 3.
263 1465 297 1530 Si
321 1465 361 1530 de
385 1470 461 1531 actu
485 1466 611 1549 peccati
636 1466 813 1542 dubitatur,
838 1466 935 1548 idque
958 1488 1023 1531 non
1047 1466 1151 1530 solum
1176 1466 1216 1530 de
1240 1465 1370 1531 actione

33 1555 267 1641 peccaminosa
290 1554 478 1631 universim,
503 1577 579 1619 num
604 1576 639 1619 re
664 1555 736 1638 ipsa
758 1555 845 1621 actio
869 1556 976 1620 locum
1000 1554 1161 1631 habuerit,
1186 1554 1244 1619 scd
1269 1554 1369 1620 etiarn

34 1646 75 1711 de
101 1644 275 1726 qualitate,
301 1644 341 1708 de
365 1645 602 1726 complemento
626 1649 729 1718 actus,
754 1666 829 1708 num
847 1643 948 1710 fuerit
964 1665 1000 1708 re
1023 1665 1104 1709 vera
1127 1643 1214 1720 talia,
1240 1645 1370 1724 qualern

32 1735 91 1800 lex
125 1732 362 1799 reservationis
394 1754 466 1798 eum
500 1733 615 1811 sumit,
649 1733 747 1798 dubio
779 1737 933 1799 manente
965 1733 1149 1812 insolubili,
1184 1733 1370 1798 reservatio

34 1844 102 1888 non
127 1823 233 1889 adest.

126 1928 167 1993 R.
192 1930 223 1994 4.
256 1928 289 1993 Si
314 1927 483 1994 dubitatur
506 1928 546 1992 de
570 1927 774 1994 confessione
797 1929 924 2012 peccati
947 1929 1109 1996 reservati
1133 1929 1199 1993 iam
1221 1932 1368 2011 peracta,

35 2017 261 2084 confessarius
285 2018 384 2082 etiarn
408 2038 473 2082 non
497 2017 727 2100 privilegiatus
751 2019 923 2084 absolvere
947 2017 1076 2101 quidem
1092 2022 1213 2102 potest,
1239 2021 1369 2100 quando

34 2107 124 2174 ratio
148 2106 292 2190 positiva
323 2108 417 2171 adest
447 2105 584 2189 putandi
615 2107 853 2172 confessionem
883 2109 949 2173 iam
980 2128 1052 2173 esse
1082 2108 1219 2184 factam;
1252 2128 1369 2180 verum

35 2195 203 2262 absolutio
233 2195 329 2260 huius
359 2195 486 2278 peccati
516 2195 658 2273 directa,
690 2198 836 2278 adeoque
867 2199 978 2262 eolrrlio
1008 2219 1163 2262 censurae
1191 2197 1275 2278 forte
1299 2218 1369 2262 con-

36 2289 165 2350 iunctae
196 2305 261 2349 uon
292 2284 406 2360 datur;
436 2285 590 2366 ideoque,
624 2285 652 2349 si
685 2306 721 2350 re
751 2286 823 2369 ipsa
852 2292 1023 2370 peccatum
1053 2291 1257 2352 reservatum
1283 2286 1370 2369 apud

35 2373 240 2458 superiorem
256 2372 369 2438 eiusve
386 2374 574 2455 delegatum
591 2380 778 2440 accusatum
797 2375 939 2440 nondum
955 2374 1065 2452 fuerit,
1091 2396 1228 2440 censura
1244 2379 1365 2442 manet.

127 2495 182 2561 Ar>
204 2517 396 2572 quarsrruu
420 2498 459 2560 2¹²²
481 2496 520 2564 R.
549 2499 577 2563 1.
624 2497 726 2562 Casus
749 2498 804 2581 qui
827 2505 1023 2565 enarrantur
1045 2503 1234 2583 supponunt
1257 2519 1368 2565 casum
1377 2512 1431 2567 487

35 2590 187 2673 papalem
212 2606 284 2650 cunr
308 2586 643 2652 excommunicatione
666 2591 883 2667 reservatum,
907 2587 927 2653 i.
952 2609 980 2654 e.
1006 2609 1079 2654 eum
1104 2610 1198 2670 quern
1223 2610 1369 2653 summus

37 2675 192 2760 pontifex
216 2674 388 2740 ordinariis
414 2676 614 2741 reservavit:
644 2681 874 2759 „procurantes
888 2677 1061 2754 abortum,
1085 2679 1203 2743 effectu
1220 2680 1367 2744 secut0“.

129 2765 182 2828 Ex
214 2785 277 2846 quo
307 2764 453 2829 concludi
485 2764 583 2830 debet
611 2765 718 2848 quoad
744 2767 887 2851 prienam
917 2787 1027 2832 casum
1058 2787 1122 2831 non
1151 2773 1303 2834 constare
1327 2767 1369 2833 de

37 2853 148 2938 specie
172 2852 253 2918 facti
276 2852 447 2930 reservati,
472 2874 511 2918 ac
535 2854 627 2936 proin
651 2876 716 2919 non
739 2855 855 2920 adesse
879 2855 1146 2921 reservationem.

130 2941 263 3007 Scilicet
286 2941 326 3006 de
350 2946 507 3025 concepto
531 2942 621 3008 foetu
645 2965 709 3009 non
734 2945 921 3023 constabat,
946 2965 1051 3027 neque
1074 2949 1206 3028 postea,
1232 2948 1268 3010 ut
1291 2966 1368 3027 sup·

36 3053 136 3117 pone,
161 3035 286 3096 certum
309 3030 433 3096 factum
458 3036 509 3097 est
533 3032 676 3097 adfuisse
701 3033 962 3118 conceptionem,
988 3055 1124 3115 eamque
1148 3034 1239 3099 foetu
1264 3032 1368 3099 eiecto

37 3142 111 3187 esse
147 3118 376 3202 interruptam.
423 3119 543 3197 Quodsi
577 3121 638 3186 hoc
671 3126 787 3206 postea
822 3123 983 3188 evasisset
1018 3128 1159 3202 certum,
1194 3142 1274 3188 sane
1309 3123 1369 3187 ad·

38 3214 129 3275 esset
152 3230 257 3362 dcasus
290 3212 489 3276 reservatus.
537 3210 600 3276 Sed
632 3210 661 3275 si
692 3211 753 3276 hoc
785 3215 898 3278 manet
929 3211 1150 3294 incognitum,
1184 3211 1368 3277 reservatio

38 3322 103 3364 uon
130 3319 150 3363 a
175 3302 235 3364 est.

130 3405 169 3470 R.
196 3408 225 3469 2.
257 3403 294 3468 In
318 3406 456 3469 secundo
480 3425 556 3468 casu
581 3403 651 3469 sine
675 3405 771 3471 dubio
795 3407 907 3472 debuit
929 3410 1029 3473 antea
1051 3407 1122 3472 fieri
1144 3406 1312 3489 inquisitio
1334 3407 1368 3473 iu

39 3496 85 3560 rei
110 3493 303 3570 veritatem,
335 3497 511 3574 antequam
542 3494 761 3559 confessarius
785 3517 849 3560 nou
867 3496 1094 3579 privilegiatus
1124 3503 1237 3581 posset
1260 3498 1369 3563 absol-

40 3606 129 3649 vere.
176 3583 263 3648 Nam
288 3603 359 3646 cum
384 3581 470 3647 actio
494 3581 643 3663 graviter
665 3585 892 3667 peccaminosa
916 3590 1007 3650 certa
1030 3586 1093 3662 sit,
1117 3607 1220 3668 eaque
1244 3607 1286 3651 ex
1310 3607 1370 3652 na·

40 3679 116 3739 tura
139 3693 199 3736 sua
223 3671 402 3737 tetenderit
425 3670 455 3734 in
481 3672 632 3737 effectum
664 3679 834 3740 reservata
865 3696 1004 3740 censura
1026 3675 1241 3759 prohibitum,
1273 3697 1370 3759 prae·

40 3762 123 3826 sumi
148 3761 262 3843 nequit
285 3762 436 3825 effectum
461 3782 524 3825 uon
549 3782 620 3826 esse
644 3768 802 3829 secutum.

128 3850 232 3914 Immo
263 3849 290 3913 si
322 3848 497 3913 remedium
521 3850 589 3915 tale
620 3854 692 3916 erat
722 3855 759 3916 ut
788 3873 830 3917 ex
860 3853 1075 3919 communiter
1105 3853 1369 3936 contingentibus

40 3945 234 4024 sequeretur
258 3938 402 4014 abortus,
428 3939 527 4003 etiam
551 3961 635 4005 nunc
653 3941 804 4008 effectum
828 3948 976 4008 secutum
993 3964 1065 4007 esse
1081 3943 1243 4026 praesumi
1261 3942 1368 4020 debet,

41 4050 202 4110 casusque
225 4029 362 4093 tractari
388 4031 425 4092 ut
447 4034 644 4094 reservatus

130 4118 163 4183 Si
181 4138 258 4182 vero
275 4116 359 4182 ratio
386 4117 524 4200 positiva
549 4119 643 4184 adest
667 4118 835 4184 dubitandi
859 4141 962 4202 neque
987 4121 1062 4202 quid
1087 4120 1195 4203 reipsa
1213 4119 1369 4186 acciderit

40 4212 243 4291 compertum
267 4207 337 4271 fieri
362 4207 501 4290 amplius
524 4213 648 4290 potest:
680 4229 797 4273 censeo
822 4230 933 4274 casum
956 4209 1093 4275 tractari
1124 4231 1220 4293 posse
1244 4214 1368 4274 utnon

40 4300 256 4373 reservatum,
281 4296 427 4377 adeoque
451 4296 578 4361 absolvi
601 4318 621 4361 a
645 4297 844 4363 confessario
869 4298 968 4364 etiam
992 4321 1055 4363 nou
1079 4298 1299 4382 privilegiata.

128 4405 167 4469 R.
201 4405 230 4468 3.
286 4402 320 4468 Si
350 4403 382 4466 in
413 4402 569 4467 eiusmodi
601 4424 701 4468 causa
732 4407 906 4470 tractanda
936 4427 992 4469 seu
1024 4404 1229 4470 absolutione
1260 4405 1430 4471 danda488

41 4494 117 4561 nihil
148 4496 259 4558 actum
290 4491 334 4558 sit
364 4498 487 4556 temere
510 4493 566 4556 sed
592 4513 633 4556 ex
656 4494 807 4576 prudenti
832 4493 966 4570 iudicia,
999 4515 1097 4558 causa
1128 4494 1225 4560 debet
1254 4494 1367 4560 haberi

40 4605 95 4667 pro
120 4583 235 4658 finita,
260 4580 486 4663 absolutioque
509 4585 578 4646 tum
604 4604 624 4646 a
647 4587 781 4665 peccato
806 4587 875 4648 tum
900 4605 919 4647 a
943 4604 1081 4648 censura
1104 4581 1230 4661 valida,
1262 4606 1367 4667 neque
1425 4630 1428 4634 ι

39 4675 144 4741 denuo
168 4671 346 4738 tractanda
370 4675 421 4735 est
444 4691 502 4735 seu
525 4671 685 4735 absolutio
709 4671 869 4748 iteranda,
894 4672 1023 4755 quando
1047 4672 1134 4738 forte
1157 4676 1273 4756 postea
1297 4694 1367 4737 cer·
