3044 5174
143 281 209 345 430
519 300 524 307 ·
641 275 846 331 Sacramentum
866 275 976 330 ordinis.

231 453 270 520 R.
295 455 325 518 3.
372 453 525 537 Biqcmc'o
546 452 818 517 similitudinarie
840 449 945 516 oritur
968 470 1011 516 ax
1040 451 1167 517 duabus
1189 449 1473 518 coniunctionibus

142 562 185 608 ex
208 543 326 625 quibus
348 544 489 623 utraque
512 541 566 605 vel
589 540 709 607 saltem
739 561 805 606 una
832 562 900 606 ooo
920 562 992 606 aare
1015 538 1197 623 coniugalis
1220 545 1288 618 est,
1319 541 1379 606 sed
1404 540 1473 607 eins

141 630 387 697 similitudinem
409 627 523 695 refert.
570 629 733 695 Videlicet
763 650 806 694 ex
835 629 893 695 illa
922 628 1114 711 irregularis
1144 634 1212 696 est:
1244 637 1328 696 certo
1360 629 1394 712 1)
1418 630 1473 714 qui

140 726 216 804 post
238 741 353 786 verum
376 717 619 786 matrimonium
651 723 911 784 consummatum
940 739 1053 785 sacros
1081 719 1212 784 ordines
1241 719 1407 804 suscepit,
1440 725 1473 786 et

140 813 258 895 postea
279 809 351 874 loco
374 807 550 874 defunctae
573 807 686 873 uxoris
708 805 807 873 aliam
823 827 962 873 uxorem
983 807 1045 873 sibi
1067 807 1204 890 iungere
1226 812 1376 875 attentat
1399 829 1472 875 cum

141 919 245 982 ecque
267 896 520 974 matrimonium,
544 895 624 963 licet
645 895 825 963 invalidum
847 901 882 964 et
904 896 1112 979 sacrilegum,
1136 902 1351 964 consummat.

231 986 266 1069 2)
289 987 346 1069 qui
367 989 445 1071 post
466 989 637 1069 susceptos
667 986 798 1051 ordines
827 1006 939 1052 sacros
962 985 1094 1051 viduam
1125 1007 1145 1052 a
1168 986 1325 1053 defuncto
1352 986 1472 1053 marito

142 1075 309 1159 cognitam
332 1075 367 1140 in
390 1095 527 1141 uxorem
550 1076 669 1141 ducere
692 1078 840 1142 attentat
869 1080 969 1158 atque
999 1074 1241 1141 matrimonium
1264 1080 1473 1143 consummat

142 1165 242 1249 (quod
266 1164 322 1231 alii
346 1164 460 1230 dicunt
483 1185 555 1230 cum
577 1166 724 1230 maritali
739 1163 854 1247 offecto
875 1163 1030 1230 feminam
1047 1163 1227 1247 cognovit).
1257 1163 1471 1249 Adiungitur,

141 1254 199 1320 sed
223 1276 287 1319 uon
310 1255 438 1321 omnino
461 1262 542 1319 certo

230 1341 265 1424 3)
289 1341 345 1425 qui
366 1346 442 1427 post
457 1362 570 1408 sacros
590 1341 720 1407 ordines
735 1339 790 1406 vel
805 1341 995 1407 sollemnem
1011 1340 1248 1426 professionem
1270 1342 1471 1424 religiosam,

141 1452 338 1515 quamquam
361 1437 461 1498 antea
483 1451 660 1513 numquam
683 1430 891 1497 matrimonio
914 1430 1044 1496 iunctus
1069 1434 1156 1508 erat,
1180 1431 1326 1497 maritali
1349 1432 1471 1498 affectu

142 1520 242 1587 etiam
265 1520 426 1602 virginem
456 1519 552 1586 duxit
581 1523 681 1602 atque
712 1519 877 1603 cognovit.
923 1519 1014 1598 Quae
1042 1518 1272 1602 irregularitas
1300 1525 1471 1605 postrema

141 1610 175 1674 in
198 1609 270 1675 iure
292 1631 356 1674 non
381 1613 433 1676 est
456 1629 624 1693 expressa,
648 1608 706 1681 sed
729 1611 866 1694 propter
888 1611 1028 1674 rationes
1050 1608 1085 1674 in
1106 1609 1178 1676 iure
1196 1629 1373 1694 expressas
1396 1630 1472 1675 sen-

141 1698 248 1765 tentia
270 1698 367 1765 valde
397 1698 577 1763 communis
606 1698 885 1780 irregularitatem
916 1698 958 1764 ad
989 1718 1063 1763 eum
1093 1718 1204 1764 casum
1234 1698 1397 1766 extendit.
1429 1738 1471 1747 -

141 1789 300 1854 Attamen
329 1790 408 1853 sunt
437 1787 538 1853 etism
568 1787 624 1869 qui
653 1786 932 1870 irregularitatem
960 1792 1102 1870 negent:
1135 1792 1236 1873 atque
1264 1787 1314 1854 ita
1336 1792 1473 1872 praeter

141 1877 268 1960 aliquos
298 1880 429 1942 veteres
461 1880 612 1943 auctores
645 1876 744 1942 etiam
771 1876 918 1941 Wernz
947 1876 969 1944 1.
1001 1896 1028 1943 0.
1060 1897 1091 1942 0.
1125 1878 1205 1954 121,
1238 1880 1306 1943 not.
1341 1879 1407 1942 193
1438 1883 1472 1944 et

141 1965 404 2033 D'Annibale
426 1966 448 2033 l.
472 1985 499 2034 c.
522 1987 554 2031 n.
577 1967 653 2044 419,
677 1969 744 2032 not.
772 1967 812 2031 18
837 1965 982 2031 rationes
1006 1987 1065 2049 pro
1088 1964 1283 2032 exsistentia
1305 1965 1405 2032 huius
1427 1965 1471 2032 ir·

142 2055 368 2138 regularitatis
390 2054 513 2121 habent
535 2075 595 2138 pro
618 2075 682 2119 non
701 2056 933 2140 peremptoriis.

231 2144 266 2227 4)
291 2143 473 2226 adiungunt
502 2142 672 2220 similiter,
702 2143 729 2208 si
760 2143 832 2225 quis
862 2141 976 2224 (stiam
1006 2141 1123 2224 laicus)
1154 2142 1218 2207 duo
1249 2142 1471 2222 matrimonia,

143 2254 279 2315 quorum
303 2237 477 2315 utrumque
500 2233 626 2298 nullum
656 2231 700 2297 sit
724 2252 766 2297 411
789 2252 993 2314 quacumque
1017 2252 1116 2297 causa
1148 2232 1218 2297 sive
1242 2231 1377 2316 cognita
1400 2233 1473 2299 sive

142 2322 266 2404 ignota,
292 2322 460 2388 contraxit
475 2325 575 2405 atque
591 2321 840 2387 consummavit.
873 2320 1075 2386 D'Annib.
1101 2343 1132 2388 n.
1149 2323 1225 2399 418,
1250 2326 1318 2388 1101.
1346 2325 1472 2390 12.13.

230 2428 302 2494 NB.
336 2427 407 2493 Has
430 2427 694 2509 irregularitates
724 2427 784 2493 sub
809 2427 843 2510 3)
867 2428 976 2510 414),
1008 2448 1081 2493 cum
1112 2449 1224 2492 earum
1255 2428 1473 2496 exsistentiae

141 2517 255 2601 praxis
284 2516 408 2596 faveat,
438 2521 573 2583 censent
603 2515 845 2599 dispensatione
875 2515 917 2582 ad
941 2515 1104 2582 cautelam
1127 2516 1293 2599 indigere,
1323 2518 1383 2583 sed
1413 2538 1472 2584 eas

141 2604 384 2761 iiheihdfiohsise
408 2607 447 2671 ab
466 2605 641 2671 Ordiacrio
658 2604 873 2686 (D'Annib.
897 2604 931 2670 ll.
956 2605 1028 2686 cc),
1052 2604 1113 2670 nisi
1137 2604 1170 2670 in
1194 2628 1225 2672 n.
1250 2606 1286 2689 3)
1309 2606 1399 2675 adsit
1421 2605 1472 2672 in·

82 2819 133 2873 750
231 2801 270 2869 R.
296 2805 326 2869 4.
372 2800 523 2883 Bigamia
546 2804 785 2887 interpretativa
817 2799 921 2866 oritur
945 2821 986 2866 ex
1012 2804 1102 2866 111110
1126 2800 1352 2879 matrimonio,
1384 2803 1472 2885 quod

142 2895 254 2958 tamen
278 2889 421 2972 aliquam
437 2890 545 2956 carnis
569 2889 761 2955 divisionem
778 2889 933 2968 continet,
957 2911 1062 2972 neque
1078 2890 1224 2973 perfecte
1239 2896 1473 2975 repraesentat

143 2980 294 3046 unionem
318 2978 438 3046 Christi
462 3000 534 3044 curn
565 2979 662 3045 unica
691 3000 752 3044 sua
775 2978 934 3044 Ecclesia.
982 2978 1145 3045 Videlicet
1173 2979 1405 3062 irregularitas
1429 3002 1473 3046 ex

142 3070 204 3135 hac
226 3069 371 3151 bigamia
394 3069 616 3135 contrahitur:
651 3069 682 3151 l)
706 3069 734 3133 si
765 3068 837 3150 quis
868 3067 1033 3135 contrahit
1062 3073 1097 3133 et
1126 3073 1331 3136 consummat
1353 3071 1472 3137 matri·

142 3159 295 3237 monium,
319 3156 498 3223 invalidum
521 3161 657 3242 propter
679 3157 946 3241 impedimentum
962 3156 1137 3239 ligaminis.
1162 3179 1236 3223 cum
1258 3179 1363 3224 uxore
1386 3160 1472 3241 legi·

142 3249 223 3315 tima
247 3248 400 3324 alteriue,
433 3247 488 3329 qui
511 3269 584 3313 eam
608 3253 809 3329 cognoverat
832 3247 889 3312 sed
913 3247 1162 3330 repudiaverat;
1187 3268 1204 3312 c
1231 3251 1266 3326 1,
1290 3249 1320 3312 11
1347 3251 1383 3325 1,
1410 3253 1471 3314 21;

147 3337 274 3415 ,11141111
298 3336 543 3419 repudiatarum
568 3336 610 3401 ad
633 3334 853 3401 sacerdotium
876 3358 940 3400 non
965 3336 1173 3402 ascendant.“

232 3425 265 3507 2)
289 3424 318 3490 41
341 3425 413 3507 quis
436 3424 679 3490 matrimonium
702 3445 816 3490 verum
848 3424 1013 3491 contrahit
1036 3430 1070 3492 et
1093 3429 1298 3491 consummat
1322 3446 1396 3490 cum
1421 3427 1470 3490 11-

143 3516 206 3580 dua
230 3515 281 3580 vel
306 3518 481 3596 utcumque
506 3535 579 3579 cum
602 3514 725 3579 femina
747 3515 789 3579 ab
814 3513 918 3579 altero
943 3518 1107 3598 corrupta.

232 3605 266 3685 3)
290 3604 319 3669 si
342 3607 478 3669 maritus
501 3604 543 3668 ad
566 3604 731 3687 propriam
755 3624 890 3667 uxorem
907 3603 1052 3681 accedat,
1077 3607 1250 3687 postquam
1273 3602 1331 3668 1114
1354 3604 1396 3669 ab
1421 3605 1470 3669 al·

142 3698 214 3758 tero
239 3693 309 3759 viro
334 3698 525 3775 utcumque,
557 3693 627 3757 sive
650 3692 798 3776 pervim
822 3691 892 3756 4114
916 3713 997 3769 000,
1029 3693 1162 3775 cognita
1185 3693 1245 3770 411,
1275 3692 1374 3775 idque
1399 3694 1470 3759 4114

143 3782 281 3848 10411104
311 3782 405 3846 huius
428 3781 476 3847 rei
500 3781 649 3847 conscius
679 3781 750 3846 sive
779 3781 900 3846 inscius
923 3785 1040 3865 postea
1070 3781 1223 3861 accedat,
1256 3781 1327 3847 sive
1351 3787 1471 3866 sponte

143 3872 213 3936 sive
248 3871 423 3952 requisitus
457 3871 498 3937 ab
534 3893 635 3937 uxore
666 3871 722 3954 (ex
756 3870 843 3937 laud.
875 3891 920 3937 cc.
951 3871 1076 3938 decreti
1107 3872 1199 3937 Grat.
1236 3874 1271 3936 et
1302 3874 1470 3938 constanti

142 3960 238 4045 praxi
261 3960 453 4042 Ecclesiae).

82 4102 132 4156 751
232 4085 285 4148 An
308 4104 500 4160 quansmuu
525 4087 564 4148 2¹¹¹
579 4084 618 4150 R.
639 4086 667 4148 l.
699 4082 931 4165 Irregularitas
955 4104 997 4147 ex
1021 4103 1225 4165 quacumque
1249 4082 1395 4165 bigamia
1419 4090 1471 4151 441

142 4173 272 4250 1014114;
296 4194 402 4255 neque
417 4174 560 4256 bigamia
576 4177 654 4238 ante
670 4173 868 4256 baptismum
884 4176 1056 4238 contracta
1071 4194 1130 4256 per
1145 4171 1343 4255 baptismum
1367 4173 1472 4239 desti-

143 4263 247 4329 tuitur
270 4264 387 4329 effectu
410 4261 675 4344 irregularitatis.

232 4370 270 4434 11.
293 4372 322 4435 2.
353 4369 585 4452 Irregularitas
604 4391 647 4433 ex
670 4368 813 4450 bigamia
828 4389 909 4433 1414
926 4372 960 4434 41
983 4389 1024 4432 ex
1040 4368 1184 4451 bigamia
1203 4368 1470 4452 interpretativa,

143 4481 216 4524 cum
239 4459 283 4523 sit
307 4481 344 4522 ca
361 4461 492 4540 defecta,
516 4480 575 4541 per
591 4479 626 4522 se
643 4479 663 4523 a
678 4459 748 4523 solo
772 4479 897 4522 summo
921 4457 1073 4541 pontifice
1092 4457 1335 4542 dispensatione
1358 4459 1471 4525 aufer-

143 4553 213 4623 tur3
238 4548 270 4612 in
295 4548 438 4630 bigamia
461 4547 725 4613 similitudinaria
748 4548 820 4612 sola
843 4547 957 4630 (supra
981 4546 1126 4613 indicata
1151 4548 1211 4612 sub
1227 4547 1266 4612 R.
1293 4550 1323 4624 3,
1354 4547 1397 4629 1),
1424 4551 1469 4630 2),

143 4637 170 4701 si
196 4637 240 4704 sit
262 4637 399 4714 occulta,
424 4637 637 4720 probabiliter
659 4636 729 4701 iure
753 4637 915 4701 ordinario
940 4636 1081 4720 episcopi
1106 4636 1296 4720 dispensare
1320 4645 1470 4721 possunt,
