3044 5174
606 257 810 309 Sacramentum
829 255 1002 310 matrimonii.

331 482 581 549 DIVORTIUM
606 485 634 548 A
659 485 775 550 TORO
800 484 857 549 ΕΤ
881 484 1256 551 COHABITATIONE.

687 650 797 717 Casus.
816 657 893 726 (aaa)

220 791 244 849 1.
264 788 347 848 Inter
361 789 515 850 Camillum
531 797 561 849 et
575 791 779 851 Constantiam
801 792 952 866 coniuges,
975 792 1068 868 primo
1083 812 1184 852 amore
1198 800 1268 869 post
1282 813 1394 853 annum
1407 815 1451 853 ex·

128 869 248 940 stincto,
270 888 380 944 graves
401 870 575 931 exoriuntur
597 871 747 941 dissidiae,
768 872 812 930 ita
834 877 867 931 ut
881 871 1022 932 Camillus
1038 874 1195 950 opprobria
1216 880 1248 932 et
1268 875 1407 934 convicia
1425 876 1451 933 in

129 968 250 1008 uxorem
270 956 412 1024 congerat
433 951 644 1028 gravioresque
659 952 760 1021 minas?
770 959 874 1012 contra
888 972 953 1012 eam
967 955 1100 1028 proferre
1115 954 1316 1015 consueverit.
1345 952 1451 1024 Quibus

129 1031 217 1089 rebus
239 1028 414 1090 Constantia
439 1037 577 1108 pertaesa
598 1033 636 1091 ad
657 1032 687 1091 id
708 1032 864 1092 adducitur
891 1038 924 1093 ut
952 1031 1066 1092 domum
1088 1039 1243 1111 paternam
1269 1040 1390 1112 repetat
1409 1055 1451 1094 no·

129 1129 185 1186 que
206 1110 371 1186 permoveri
392 1112 488 1186 possit
509 1116 542 1170 ut
562 1111 665 1171 redeat
686 1111 722 1170 ad
743 1112 847 1172 virum.

219 1208 246 1267 2.
267 1207 441 1277 Anatolins‚
471 1228 535 1268 cnm
557 1210 623 1268 Zita
644 1209 776 1286 legitimo
797 1211 983 1270 matrimonio
1004 1211 1141 1282 iunctus,
1162 1211 1194 1270 in
1215 1212 1396 1271 adulterium
1416 1213 1454 1270 in-

131 1287 202 1347 cidit
224 1307 288 1347 cum
310 1289 427 1348 ancilla.
471 1290 588 1360 Quare
611 1291 747 1366 cognita,
770 1290 837 1349 Zita
858 1310 891 1349 se
912 1296 1034 1368 separat
1055 1310 1074 1349 a
1094 1291 1158 1350 viro
1181 1310 1276 1369 neque
1298 1292 1336 1351 de
1357 1311 1453 1351 recon-

130 1368 280 1428 ciliatione
301 1368 458 1445 quidquam
480 1370 544 1428 vult
565 1370 674 1429 audire.
712 1370 769 1430 Sed
791 1390 857 1429 curn
879 1372 946 1448 ipsa
967 1389 1081 1447 quoque
1101 1376 1207 1448 postea
1228 1371 1358 1444 labatur,
1381 1374 1454 1431 Ana·

130 1448 228 1518 tolius,
250 1468 283 1507 se
304 1468 342 1506 ex
357 1469 412 1509 sua
427 1456 512 1526 parte
534 1451 622 1509 etiam
645 1469 765 1510 cansam
787 1451 985 1528 separationis
1006 1451 1115 1511 habere
1131 1470 1267 1522 censens,
1288 1472 1394 1512 sacros
1415 1472 1454 1512 or·

130 1528 213 1588 dines
235 1529 386 1605 suscipere
408 1530 527 1605 cogitat.
570 1529 653 1599 Quod
675 1531 808 1607 possitne
829 1531 892 1590 fieri
915 1536 945 1591 et
965 1551 1022 1608 qua
1043 1531 1160 1590 ratione
1181 1532 1307 1609 quaerit.

218 1629 244 1686 3.
273 1627 424 1702 Remigius
453 1628 499 1686 vir
527 1628 692 1688 catholicus
721 1634 751 1686 et
779 1628 955 1688 Lambertns
982 1629 1155 1688 lutheranus
1184 1633 1252 1706 post
1279 1629 1454 1690 Vaticanum

131 1706 287 1766 concilium
308 1707 492 1767 transierunt
513 1708 549 1768 ad
573 1715 674 1785 partes
688 1709 927 1768 lallibilistarum.
957 1707 1040 1778 Quod
1055 1728 1120 1768 curn
1135 1728 1254 1779 uxores,
1276 1709 1357 1771 datis
1372 1711 1455 1769 etiarn

131 1787 296 1847 minacibus
317 1788 442 1857 litteris,
470 1789 612 1865 impedire
632 1809 691 1848 non
713 1789 879 1866 potuerint,
908 1808 975 1848 sese
996 1808 1015 1848 a
1042 1788 1157 1850 maritis
1179 1797 1332 1867 separant.
1374 1790 1454 1850 Utro·

131 1886 201 1944 que,
231 1869 428 1944 cumprolem
450 1888 582 1945 quaeque
604 1888 687 1929 suam
709 1870 824 1929 intuto
847 1869 1039 1940 collocasset,
1062 1888 1128 1930 sese
1156 1870 1317 1945 religiosae
1340 1890 1455 1946 congre·

131 1947 255 2023 galieni,
278 1947 395 2009 emissis
416 1949 503 2020 votis,
526 1949 662 2008 adiunxit
677 1998 682 2008 .
699 1998 727 2009 ..
766 1950 876 2009 Verum
898 1949 1009 2026 elapsis
1030 1949 1142 2026 aliquot
1163 1951 1250 2011 annis
1272 1951 1331 2010 viri
1353 1971 1455 2011 uxores

132 2047 202 2088 snas
225 2048 240 2087 e
262 2029 385 2088 latebris
407 2048 549 2088 revocare
572 2036 717 2090 conantur
738 2034 768 2088 et
787 2030 834 2088 ius
856 2049 940 2089 snum
962 2034 1116 2107 paternum
1146 2030 1176 2090 in
1197 2031 1277 2090 lilios
1299 2032 1455 2091 vindicare.

133 2142 309 2212 Quanamnn
332 2146 361 2202 1ο
382 2164 456 2220 quae
478 2144 540 2204 sint
561 2164 669 2204 causae
691 2144 890 2222 separationis
913 2144 1068 2220 coniugum
1090 2164 1108 2202 a
1127 2150 1193 2203 toro
1215 2151 1246 2204 et
1267 2146 1455 2207 habitatione.

332 2243 362 2299 2⁰
384 2243 452 2319 quid
474 2243 547 2302 iuris
569 2244 659 2302 sitin
682 2262 753 2302 casn
775 2243 973 2319 separationis
988 2242 1052 2301 sive
1067 2242 1162 2318 quoad
1184 2243 1376 2303 innocentem
1398 2245 1456 2303 sire

386 2324 480 2398 quoad
503 2343 592 2383 reum.

334 2423 364 2477 3⁰
385 2421 431 2479 cui
454 2421 611 2480 inhaereat
632 2422 678 2480 ius
700 2426 730 2480 et
751 2420 894 2496 obligatio
916 2420 1086 2479 educandae
1107 2421 1208 2497 prolis.

333 2521 364 2576 4⁰
385 2519 453 2594 quid
476 2518 512 2578 de
533 2518 658 2594 singulis
680 2518 799 2577 casibus
820 2518 1008 2577 indicandum
1029 2518 1077 2577 sit.

729 2678 870 2791 Salutio.¹

72 2881 124 2937 900
224 2868 276 2933 An
300 2889 491 2944 quansmuu
518 2871 554 2933 1¹¹¹
578 2868 616 2932 a.
644 2870 671 2932 1.
728 2866 899 2949 Separatio
930 2888 950 2931 a
979 2872 1053 2933 toro
1077 2866 1130 2931 vel
1160 2865 1262 2933 etiam
1287 2887 1307 2933 a
1333 2867 1458 2933 cohabi-

134 2957 260 3024 tatione
290 2957 356 3024 alia
386 2961 453 3035 est,
485 2977 569 3039 quae
599 2957 636 3023 fit
666 2960 778 3021 mutuo
809 2956 977 3037 utriusque
1007 2955 1155 3037 coniugis
1178 2975 1358 3021 consensu:
1389 2956 1458 3028 alia,

135 3068 218 3129 quae
247 3048 285 3113 fit
314 3069 357 3111 ex
379 3046 449 3112 iure
473 3046 568 3111 unius
590 3051 707 3111 contra
730 3045 869 3110 alteram
899 3050 1036 3128 partem.
1084 3044 1136 3109 Ex
1165 3049 1278 3108 mutuo
1302 3066 1458 3110 consenso

134 3137 205 3201 fieri
228 3140 339 3220 potest
362 3157 403 3201 ex
428 3156 630 3218 quacumque
653 3134 840 3201 rationabili
864 3154 979 3210 causa,
1013 3133 1041 3199 si
1066 3133 1162 3198 modo
1186 3133 1282 3199 abest
1306 3134 1349 3198 ab
1372 3140 1458 3199 utro·

136 3247 198 3307 que
222 3225 359 3307 coniuge
382 3224 560 3309 periculum
583 3223 855 3297 incontinentiae,
887 3222 1029 3288 maxime
1059 3243 1101 3287 ex
1132 3242 1243 3288 amore
1267 3222 1360 3288 vitae
1391 3244 1460 3306 per-

136 3314 291 3380 tectioris

225 3421 350 3486 Causae
374 3427 484 3486 autem
509 3441 551 3485 ex
574 3420 691 3502 quibus
713 3419 864 3485 alterutri
889 3422 1004 3483 contra
1021 3418 1161 3485 alterum
1177 3418 1229 3482 ius
1244 3418 1462 3502 separationis

136 3509 270 3586 oriatur,
296 3509 454 3591 quaedam
474 3514 551 3576 sunt
574 3529 657 3591 quae
682 3509 762 3574 dant
783 3508 834 3573 ius
854 3515 1026 3592 perpetuae
1049 3507 1277 3591 separationis,
1303 3508 1461 3589 quaedam

129 3599 220 3681 quae
243 3599 348 3663 solum
371 3607 592 3684 tenporoaeoe
614 3597 831 3683 separationis
855 3598 905 3662 ius
929 3601 1058 3673 creant,
1085 3596 1238 3662 videlicet
1259 3597 1310 3662 ita
1336 3601 1373 3663 ut
1397 3618 1462 3662 ces·

136 3694 231 3755 sante
255 3709 353 3754 causa
377 3688 427 3752 ius
451 3687 670 3771 separationis
693 3691 809 3753 cesset.

226 3795 264 3860 R..
283 3798 313 3859 2.
352 3795 477 3860 Causae
498 3803 671 3879 perpetuae
686 3793 905 3878 separationis
929 3798 1006 3859 sunt
1032 3792 1064 3873 1)
1080 3790 1280 3857 adulterium
1296 3793 1465 3858 moraliter

137 3889 227 3950 certo
252 3888 286 3949 et
309 3883 493 3949 formaliter
516 3883 739 3961 commissum,
771 3904 835 3948 non
865 3882 1084 3947 condonatum
1108 3901 1213 3962 neque
1236 3901 1296 3963 per
1318 3886 1464 3948 mutuam

136 3973 364 4041 infidelitatem
393 3972 510 4038 iniuria
533 3994 592 4037 suo
615 3973 710 4037 modo
735 3972 945 4044 destitutum;
981 3972 1014 4051 2)
1045 3969 1190 4035 haeresis
1213 3970 1265 4034 vel
1299 3973 1466 4054 apostasia

137 4063 371 4147 superveniens
393 4062 527 4129 iuridice
550 4061 729 4127 declarata.

226 4171 264 4234 In
288 4171 415 4236 haeresi
447 4176 481 4237 et
504 4168 672 4253 apostasia
700 4167 815 4234 iudicis
845 4167 1010 4232 sententia
1033 4167 1152 4231 saltem
1183 4164 1328 4231 criminis
1360 4167 1466 4232 decla-

138 4260 262 4325 ratoria
286 4260 462 4341 requiritur
485 4264 522 4324 ut
545 4258 674 4339 coniugi
697 4256 862 4322 innocenti
885 4256 983 4322 liceat
1005 4264 1155 4340 perpetuo
1185 4255 1342 4321 recedere
1370 4261 1466 4338 atque

139 4349 238 4415 etiam
263 4353 338 4432 post
363 4347 621 4432 resipiscentiam
646 4347 732 4413 forte
757 4351 944 4411 secuturam
967 4345 1243 4411 cohabitationem
1273 4344 1467 4428 plenamque

140 4438 437 4503 reconciliationem
460 4438 631 4519 denegare.
665 4436 750 4501 Nam
767 4440 813 4512 ut,
838 4434 991 4517 quamdiu
1012 4437 1163 4519 persistat
1186 4437 1267 4499 ulter
1282 4438 1318 4499 in
1335 4437 1467 4513 haeresi,

139 4526 295 4590 innocens
326 4528 477 4591 recedere
508 4525 612 4609 possit
634 4527 686 4590 vel
718 4545 776 4608 pro
807 4524 969 4590 adiunctis
1000 4523 1134 4598 debeat,
1166 4523 1333 4589 sententia
1356 4524 1468 4590 iudicis

140 4636 205 4679 non
230 4615 415 4695 requiritur.
452 4615 570 4680 Iudicis
594 4614 790 4680 sententiam
814 4613 963 4693 intellegi
986 4611 1183 4677 sententiam
1211 4613 1466 4682 ecclesiasticam
