3044 5174
150 294 215 357 324
609 285 815 340 Sacramentum
834 285 1026 356 paenitentiae.

149 427 327 531 cessarium
358 469 410 531 est
440 485 514 529 eum
538 463 571 528 in
602 463 807 530 confessione
838 463 911 547 ipsa
938 461 1063 527 dehac
1087 482 1297 540 remouere,
1328 463 1481 530 neforto

148 559 267 639 postea
289 557 384 639 putet
407 553 583 638 paroehum
608 574 709 635 agere
733 556 848 619 contra
871 553 978 634 legem
1001 550 1122 617 secreti
1144 552 1408 620 sacramentalia.

238 660 277 728 R.
296 664 326 727 3.
359 660 393 726 Si
416 660 559 726 famulus
575 660 663 725 nullo
679 660 775 725 modo
799 659 950 742 complex
966 663 1028 736 est,
1052 662 1152 740 atque
1167 656 1233 723 ista
1248 662 1287 725 ut
1302 658 1414 724 aliena
1429 680 1481 723 so·

147 750 216 816 lum
232 755 371 832 peccata
394 749 563 815 occasione
587 747 801 815 confessionis
816 747 1053 825 manifestavit,
1078 767 1183 828 neque
1209 767 1249 812 ea
1265 746 1482 813 confessionis

150 839 332 918 obiectum,
363 860 404 905 ne
433 838 628 905 indirectum
659 838 805 920 quidem,
837 837 1054 904 exstiterunt:
1084 836 1247 920 parochus
1277 835 1388 919 sigillo
1419 858 1483 902 non

150 934 301 1006 tenetur,
332 928 479 1011 adeoque
508 932 634 1012 potest,
666 927 764 993 immo
788 927 896 1010 quoad
919 926 1034 993 illicita
1058 925 1254 990 commercia
1276 924 1484 1009 impedienda

151 1018 249 1084 debet
279 1038 391 1082 curam
421 1018 589 1082 efficacem
621 1017 792 1094 adhibere,
823 1015 947 1082 monito
974 1015 1104 1082 interim
1128 1013 1251 1080 famulo
1274 1014 1317 1080 de
1340 1015 1404 1081 hoc
1426 1037 1484 1081 suo

150 1107 220 1172 iure
243 1127 369 1188 suaque
392 1106 604 1189 obligatione.

87 1218 142 1273 570
241 1212 279 1279 It.
304 1215 335 1279 4.
381 1211 500 1278 Relate
523 1212 565 1277 ad
595 1212 702 1289 furta,
734 1211 864 1294 quando
893 1210 963 1294 ipse
990 1209 1133 1276 famulus
1156 1230 1269 1275 eorum
1291 1229 1369 1275 reus
1394 1214 1480 1277 erat:

153 1321 218 1366 nou
241 1300 323 1366 adeo
346 1301 457 1383 urgeri
481 1304 593 1384 potest
615 1300 666 1365 ius
689 1299 823 1384 parochi
845 1299 1017 1365 habendae
1039 1298 1193 1365 licentiae
1216 1299 1258 1365 ad
1281 1299 1482 1365 obserandas

150 1390 185 1454 in
208 1395 375 1474 posterum
399 1389 516 1455 melius
541 1411 653 1468 arcas,
684 1410 790 1472 neque
819 1389 976 1471 obligatio
1007 1387 1122 1454 famuli
1152 1388 1194 1453 ad
1223 1408 1299 1454 eam
1329 1387 1477 1455 dandam.

152 1479 199 1545 Ut
222 1479 436 1545 absolutionis
459 1479 587 1561 quidem
613 1499 720 1562 capax
742 1479 796 1555 sit,
820 1479 1012 1562 promittere
1035 1478 1134 1543 debet
1155 1476 1189 1542 in
1212 1480 1383 1561 posterum
1410 1477 1481 1543 abs-

151 1569 275 1646 tinere,
311 1569 429 1635 saltem
464 1590 537 1633 cum
573 1567 739 1633 evaserint
773 1568 863 1632 furta
894 1566 1063 1645 mortalia,
1097 1571 1132 1632 et
1160 1566 1267 1632 vitare
1300 1567 1480 1650 proximam

151 1658 373 1723 occasionem:
410 1678 525 1722 verum
560 1656 623 1723 etsi
657 1657 863 1723 absolutione
898 1656 1031 1737 dignum
1067 1675 1102 1719 se
1136 1655 1279 1722 voluerit
1314 1656 1479 1739 praebere,

151 1746 252 1829 sigilli
274 1746 329 1812 lex
353 1751 480 1819 manet;
509 1766 614 1828 neque
638 1745 802 1813 obseratio
826 1766 978 1810 arcarum
1002 1744 1141 1810 medium
1165 1745 1391 1811 necessarium
1415 1751 1480 1810 erat

152 1856 217 1918 quo
240 1836 311 1900 solo
334 1835 479 1902 adhibito
504 1857 524 1900 a
547 1835 645 1902 furtis
667 1835 701 1899 iu
724 1840 891 1918 posterum
915 1837 1026 1918 posset
1049 1854 1122 1899 sese
1146 1834 1324 1900 continere.
1366 1834 1478 1911 Quare,

152 1924 181 1990 si
205 1925 287 1990 haec
310 1925 474 1991 obseratio
498 1929 571 1990 erat
594 1927 710 1990 contra
734 1944 861 1989 omnem
888 1923 1020 2006 parochi
1044 1922 1331 2002 consuetudinem,
1363 1922 1477 1997 debut,

152 2013 182 2079 si
205 2013 348 2079 famulus
371 2013 477 2080 noluit
499 2013 683 2079 consentire
706 2013 824 2090 libere,
856 2012 989 2078 interim
1018 2011 1184 2077 abstinere
1209 2016 1244 2078 et
1266 2011 1369 2077 aliam
1392 2032 1478 2078 occa-

153 2103 278 2168 sionem
310 2107 519 2187 exspectare‚
551 2123 634 2185 quae
664 2123 784 2167 novam
815 2107 849 2168 et
877 2106 1025 2185 apertam
1049 2121 1182 2165 eausam
1206 2101 1387 2167 mutandae
1411 2121 1479 2166 cou-

154 2191 336 2257 suetudinis
360 2193 464 2258 daret.
512 2192 612 2257 Secus
635 2191 759 2272 egisset
781 2191 815 2256 iu
844 2211 1025 2273 gravamen
1055 2189 1255 2274 paenitentis
1286 2189 1383 2273 eique
1411 2210 1480 2274 pec·

155 2286 265 2347 catum
289 2281 369 2346 furt’
394 2281 495 2347 tacite
519 2281 744 2364 exprobraret.

410 2488 668 2555 ANGUSTIAE
691 2487 894 2553 PROPTER
918 2487 1125 2555 SIGILLUM
1148 2487 1234 2570 (111).

721 2654 831 2721 Casus.
851 2662 927 2731 (163)

250 2797 378 2867 Diocles,
399 2798 449 2874 qui
470 2797 501 2856 iu
522 2796 692 2856 nosocomio
714 2800 902 2870 aegrotorum
917 2796 1121 2855 confessiones
1141 2801 1302 2873 exceperat
1322 2817 1419 2874 neque
1439 2800 1482 2856 ab·

158 2880 337 2940 solutionem
358 2878 428 2936 dare
449 2883 596 2953 potuerat,
617 2877 819 2951 interrogatur
834 2896 852 2934 a
866 2877 1042 2935 monialibus
1057 2896 1157 2935 curam
1172 2883 1361 2952 aegrotorum
1377 2878 1482 2952 agenti·
1521 2880 1522 2888 ’

159 2965 224 3032 bus,
247 2980 316 3018 num
338 2966 482 3017 consueta
502 2959 576 3017 hora
596 2977 683 3016 mane
704 2977 752 3015 res
773 2956 925 3015 instruant
945 2976 997 3032 pro
1012 2976 1099 3015 sacra
1114 2957 1328 3017 communione.
1356 2958 1482 3023 Diocles,

159 3041 209 3118 qui
232 3039 306 3098 alias
328 3057 444 3115 semper
465 3039 580 3097 solebat
601 3043 712 3096 certam
732 3038 835 3096 horam
856 3037 1004 3105 indicare,
1035 3037 1143 3095 timens
1171 3056 1209 3095 ue
1230 3037 1337 3113 prodat
1359 3039 1482 3114 sigillum

158 3120 306 3195 negando,
328 3120 465 3177 affirmat.
495 3119 552 3178 Sed
573 3123 679 3194 postea
701 3137 800 3176 secum
822 3122 963 3193 reputans
985 3136 1018 3175 se
1040 3137 1098 3175 uon
1113 3136 1202 3193 posse
1223 3117 1392 3194 sacrilegae
1413 3138 1482 3177 com·

159 3200 293 3259 munioni
314 3199 485 3275 cooperari,
507 3199 625 3257 nuntiat
647 3218 680 3257 se
702 3197 831 3256 crastino
854 3197 901 3254 die
922 3198 1009 3273 plane
1031 3197 1203 3273 impeditum
1224 3199 1308 3270 fore,
1331 3205 1421 3276 atque
1442 3218 1482 3257 ve·

159 3282 225 3339 nire
247 3279 365 3340 omittit.

62 3386 65 3393 ¹
160 3394 390 3467 Qunamvua1⁰
412 3393 480 3469 quid
502 3394 537 3452 de
559 3412 701 3470 responso
724 3392 838 3452 Dioclis
859 3392 1026 3452 tenendum.

363 3491 393 3549 2⁰
415 3492 483 3567 quid
505 3492 540 3550 de
561 3491 727 3568 posteriore
748 3490 856 3566 agendi
877 3491 1002 3551 ratione.

760 3692 894 3759 Solutio.

99 3856 152 3909 571
251 3837 304 3902 An
334 3858 525 3912 eunusrruu
556 3840 593 3901 1¹²¹
623 3835 662 3903 R.
692 3840 718 3902 1.
766 3835 838 3899 Mos
867 3834 923 3899 ille
954 3834 1229 3900 commendandus
1259 3856 1325 3900 non
1357 3842 1425 3915 est,
1455 3840 1486 3902 ut·

164 3926 382 3992 confessarius
406 3947 448 3990 ex
471 3947 543 3990 sese
567 3930 709 4001 moueat,
735 3928 847 3989 utres
870 3927 1108 4006 praeparentur
1131 3945 1190 4006 pro
1211 3947 1237 3989 a.
1255 3927 1487 3992 communione.

163 4016 260 4092 Nam,
284 4016 363 4082 licet
385 4015 417 4079 id
441 4015 512 4079 fieri
535 4014 649 4097 possit,
674 4013 803 4095 quando
827 4013 989 4078 absolutio
1013 4012 1171 4077 confessis
1195 4013 1275 4080 data
1298 4019 1351 4081 est
1367 4016 1487 4100 ipsique

163 4107 279 4169 volunt
303 4127 328 4171 s.
346 4103 602 4170 communionem
626 4103 787 4184 recipere;
812 4106 923 4167 tamen
940 4101 1157 4167 confessarius
1178 4102 1241 4166 sibi
1264 4103 1488 4172 difficultatem

163 4199 266 4271 creat,
291 4194 318 4258 si
343 4194 472 4276 quando
496 4192 658 4257 absolutio
682 4213 747 4257 uon
770 4192 914 4274 potuerit
938 4191 1018 4257 dari.

254 4291 461 4375 Quapropter
483 4311 643 4355 summum
669 4311 767 4371 agere
791 4289 889 4354 debet
911 4293 949 4353 ut
971 4289 1104 4354 nuntius
1133 4289 1277 4371 aegroti;
1309 4311 1407 4372 quem
1437 4312 1489 4356 seu

164 4402 303 4463 quorum
333 4381 479 4464 singulos
509 4379 713 4460 interrogare
745 4382 872 4461 potest,
907 4401 981 4443 num
1013 4379 1147 4461 cupiant
1176 4400 1201 4444 s,
1234 4380 1489 4446 communionem

165 4471 312 4554 recipere
344 4476 378 4537 et
410 4492 486 4536 num
517 4468 619 4533 velint
651 4473 688 4533 ut
720 4467 789 4551 ipse
820 4468 985 4532 sororibus
1016 4467 1104 4533 dicat
1136 4467 1195 4532 tali
1226 4466 1308 4534 hora
1339 4491 1394 4535 res
1424 4491 1489 4536 esse

165 4560 426 4644 praeparandas:
458 4559 485 4624 si
517 4557 644 4640 quando
676 4562 785 4623 autem
816 4558 986 4623 absolvere
1016 4578 1080 4621 non
1111 4557 1272 4639 potuerit,
1304 4558 1440 4627 inducat
1462 4560 1491 4625 iu

165 4651 240 4732 ipsa
263 4649 465 4714 confessione
488 4652 670 4730 aegrotum,
696 4652 732 4712 ut
756 4648 901 4713 declaret
925 4667 960 4710 se
984 4647 1069 4711 nolle
1091 4668 1175 4711 nuno
1191 4668 1217 4712 a.
1235 4649 1490 4716 communionem
