3044 5174
339 287 465 342 Minister
482 287 582 358 poenit.
602 317 637 326 —
655 287 755 355 agendi
772 288 844 345 ratio
861 307 924 345 cum
941 289 1116 345 moribundis.
1325 295 1389 359 355

50 528 54 533 .
152 464 206 529 An
229 483 421 540 onxasrruu
445 467 485 530 2¹⁰
507 465 547 530 lt.
574 467 603 532 l.
649 464 762 541 Quoad
792 467 984 550 Sipibatcm
1012 468 1099 532 male
1129 467 1198 550 egit
1227 468 1390 552 parochus
1400 479 1452 534 623

55 573 137 618 eum
161 574 228 618 non
251 554 467 628 absolvendo;
492 574 568 619 nam
592 554 677 636 quod
702 559 780 620 ante
807 557 846 619 15
871 555 940 620 dies
963 554 1064 621 fuerit
1087 556 1275 636 absolutus,
1298 558 1390 623 nulla

57 648 136 708 crat
164 662 266 708 causa
296 664 354 709 cur
384 664 447 708 non
477 664 563 708 nunc
594 643 699 708 denuo
728 644 972 720 absolveretur,
1004 666 1077 710 cum
1107 645 1272 713 adfuerint
1294 647 1391 729 signa

57 751 149 812 quae
171 731 255 798 satis
279 732 502 817 exprimerent
525 732 595 797 eius
618 732 861 799 accusationem
885 737 918 798 et
948 732 1162 800 absolutionis
1185 735 1391 819 recipiendae

56 818 269 886 desiderium.

151 917 372 984 Nihilominus
395 922 550 985 aeternae
574 918 644 984 eius
667 917 766 985 saluti
789 958 833 966 —
857 919 919 985 etsi
943 919 1030 985 forte
1045 923 1121 1004 post
1140 921 1288 987 ultimam
1313 943 1391 988 con-

58 1005 239 1072 fessionem
268 1007 301 1073 in
331 1012 502 1091 peccatum
531 1008 644 1091 lapsus
667 1007 767 1074 fuerit
790 1043 832 1054 -
856 1007 1024 1092 provisum
1047 1013 1100 1075 est
1122 1031 1182 1093 per
1206 1017 1391 1078 extremam

58 1095 259 1172 unctionem,
285 1117 379 1178 quae,
396 1096 424 1162 si
440 1097 535 1162 modo
551 1096 695 1162 adiuerit
711 1097 859 1163 internus
875 1097 915 1162 de
931 1098 1077 1182 peccatis
1093 1099 1195 1178 dolor,
1214 1100 1314 1166 etiam
1330 1123 1390 1185 pro

59 1184 278 1251 absolutionis
300 1187 415 1251 valore
438 1186 644 1252 necessarius
664 1187 717 1251 vel
740 1186 769 1251 si
791 1185 848 1251 ille
870 1192 988 1270 postea
1009 1188 1196 1265 accesserit,
1221 1190 1391 1256 moraliter

58 1277 153 1340 certo
176 1279 314 1358 peccata
343 1275 441 1341 delet.
490 1275 627 1353 Verum,
659 1275 687 1340 si
712 1275 912 1357 sigibertum
935 1276 1058 1361 reperit
1081 1276 1187 1343 adhuc
1210 1278 1388 1359 viventem,

58 1362 226 1446 parochus
249 1364 487 1430 absolutionem
511 1364 611 1430 etiam
635 1365 784 1430 conferre
807 1365 913 1431 debet.

152 1469 191 1537 u.
217 1472 247 1536 2.
279 1470 391 1547 Quoad
408 1474 554 1555 Serpium
569 1471 730 1555 parochus
748 1475 839 1536 recte
861 1471 930 1554 egit
946 1473 1160 1538 condicionate
1175 1473 1389 1554 absolvendo;
1400 1485 1452 1538 624

58 1578 137 1622 nam
162 1579 205 1624 ex
228 1579 294 1625 una
316 1565 411 1644 parte
435 1561 622 1626 nullatenus
646 1566 770 1627 certum
794 1565 883 1637 erat,
913 1560 1012 1625 immo
1036 1565 1109 1628 erat
1132 1583 1248 1646 parum
1271 1563 1391 1648 proba-

60 1647 126 1712 bile
156 1647 267 1714 omnia
295 1649 336 1715 ad
366 1649 512 1714 valorem
543 1648 758 1715 absolutionis
788 1649 949 1733 praestita
978 1670 998 1714 a
1023 1650 1137 1732 Sergio
1167 1673 1256 1727 esse;
1288 1673 1390 1734 quare

59 1757 127 1801 uon
151 1736 302 1803 absolute
324 1738 383 1803 sed
406 1760 567 1803 summum
592 1738 817 1804 condicionate
847 1739 1067 1805 absolvendus
1090 1745 1179 1806 erat:
1212 1762 1253 1805 ex
1282 1743 1390 1808 altera

59 1827 174 1891 tamen
197 1832 309 1910 parte,
334 1826 498 1909 quianon
522 1829 696 1893 constabat
719 1832 808 1894 certo
833 1828 872 1894 de
896 1827 1044 1906 defectu,
1074 1828 1158 1894 hanc
1183 1830 1389 1897 condiciona-

58 1918 131 1980 tam
154 1916 391 1982 absolutionem
415 1916 516 1983 etiam
539 1921 669 1982 tentare
693 1916 801 2001 potuit
823 1922 857 1984 et
881 1917 1002 1984 debuit.
1109 1967 1112 1971 ,

152 2012 216 2078 Sed
239 2013 356 2080 merito
380 2013 631 2098 reprehenditur
660 2015 701 2079 ab
732 2014 836 2080 amico
867 2014 953 2096 quod
983 2035 1048 2080 non
1079 2014 1179 2080 etiam
1203 2016 1389 2081 unctionem

59 2101 199 2169 dederit.
246 2102 333 2169 Nam
357 2103 385 2168 si
408 2124 537 2168 sumere
560 2103 668 2186 potuit
692 2103 841 2185 Sergium
864 2103 897 2168 in
921 2103 1036 2168 ultimo
1066 2108 1232 2170 momento
1256 2106 1297 2170 ad
1321 2127 1389 2170 me·

59 2190 176 2256 liorem
199 2191 327 2273 frugem
352 2212 424 2257 esse
447 2213 657 2271 conversum,
688 2197 839 2258 extrema
862 2193 1014 2259 unctione
1037 2214 1100 2258 non
1124 2197 1197 2258 erat
1220 2194 1389 2277 indignus;

60 2280 168 2361 quoad
189 2280 369 2346 efficaciam
383 2303 462 2347 vero
481 2281 514 2346 iu
532 2286 645 2347 nostro
665 2302 742 2347 casu
762 2282 843 2347 haec
863 2286 935 2348 erat
953 2282 1158 2348 absolutione
1180 2283 1277 2365 lunge
1296 2305 1390 2350 secu-

60 2369 138 2435 rior.
171 2369 259 2434 Nam
275 2370 397 2436 sufficit
412 2393 471 2455 pro
488 2370 557 2435 eius
574 2371 723 2436 efficacia
739 2372 832 2436 dolor
847 2371 996 2437 internus
1012 2372 1068 2453 qui
1083 2373 1310 2455 praecesserit,
1335 2375 1389 2439 vel

59 2458 161 2523 immo
185 2459 239 2542 qui
263 2464 436 2540 aequatum
468 2463 642 2526 externum
665 2460 794 2542 signum
825 2481 866 2526 ex
890 2464 985 2544 parte
1014 2461 1198 2527 moribundi
1222 2468 1313 2529 certo
1335 2485 1390 2528 re·

59 2547 203 2630 quiritur
231 2548 365 2616 nullum.
413 2549 446 2615 Si
470 2552 580 2614 autern
603 2554 739 2633 propter
768 2549 955 2616 diuturnam
979 2549 1084 2632 Sergii
1114 2550 1389 2617 abalienationem

59 2638 101 2702 ab
135 2636 252 2702 officiis
282 2637 468 2704 christianis
497 2637 659 2722 parochus
689 2639 879 2705 scandalum
909 2639 1066 2717 timebat,
1099 2642 1232 2723 poterat
1261 2644 1296 2706 et
1332 2640 1389 2706 de·

58 2727 161 2793 bcbat
197 2727 449 2811 explicationem
486 2728 564 2792 dare
598 2733 697 2809 atque
734 2735 918 2795 extremam
948 2728 1133 2794 unctionem
1171 2729 1270 2794 etiam
1304 2729 1388 2795 clam

59 2814 301 2882 administrare.

150 2921 189 2987 R.
215 2925 245 2988 3.
293 2921 326 2987 Si
351 2925 471 2989 Saulus
501 2944 602 3004 usque
635 2923 676 2989 ad
708 2923 858 2988 ultimum
888 2922 1025 2989 rationis
1054 2944 1148 2987 usum
1172 2924 1313 3007 positive
1335 2945 1388 2990 re·
1398 2941 1450 2995 625

57 3010 139 3076 iecit
162 3031 258 3076 omne
281 3011 463 3077 sacerdotis
479 3012 646 3089 auxilium,
671 3034 735 3076 non
752 3016 831 3095 puto
852 3016 1060 3078 sacramenta
1083 3011 1113 3076 ei
1129 3012 1387 3080 administranda

58 3121 150 3179 esse,
182 3121 223 3165 ne
254 3099 478 3166 condicionate
509 3101 656 3183 quidem;
688 3101 845 3167 orandam
876 3105 987 3166 tamen
1012 3122 1084 3166 esse
1115 3101 1211 3166 enixe
1234 3124 1292 3185 pro
1317 3103 1387 3168 eius

57 3189 172 3255 anima
189 3189 251 3255 Dei
275 3189 531 3254 misericordiam
555 3211 649 3271 quae,
674 3190 702 3254 si
726 3211 798 3254 eum
823 3190 865 3255 ad
889 3190 937 3255 sui
963 3189 1195 3255 conscientiam
1220 3191 1388 3257 reduxerit

57 3282 94 3344 et
118 3277 160 3344 ad
185 3279 330 3345 dolorem
353 3279 518 3345 internum
542 3279 699 3357 moverit,
730 3279 830 3344 etiam
861 3301 964 3362 usque
988 3280 1029 3344 ad
1060 3279 1289 3345 contritionem
1312 3302 1388 3365 per-

56 3367 181 3434 fectam
206 3371 317 3452 potest
340 3388 543 3451 permovere.
584 3369 675 3433 Haec
698 3368 759 3434 soli
784 3368 893 3433 divino
916 3368 1034 3433 iudicio
1058 3369 1271 3450 relinquenda
1293 3374 1387 3447 sunt;

56 3479 119 3541 pro
143 3458 284 3523 humano
308 3457 425 3522 iudicio
449 3458 491 3522 ad
514 3458 799 3541 participationem
823 3458 990 3535 bonorum,
1015 3479 1099 3540 quae
1123 3462 1313 3524 constanter
1335 3481 1388 3526 re·

57 3546 154 3630 pulit,
179 3568 243 3611 non
268 3547 399 3612 videtur
421 3547 653 3612 admittendus.

150 3635 184 3701 Si
208 3657 286 3702 vero
310 3657 383 3701 cum
407 3636 517 3718 aliqua
541 3636 772 3719 probabilitate
796 3657 881 3700 nunc
904 3635 946 3701 ad
969 3656 1004 3700 se
1020 3634 1154 3703 redierit
1178 3640 1212 3701 et
1236 3637 1389 3703 videatur

56 3724 192 3806 aliquod
209 3725 329 3791 doloris
344 3725 474 3807 signum
491 3726 597 3802 edere,
622 3725 685 3791 etsi
702 3725 843 3802 dubium,
867 3727 979 3790 tamen
999 3725 1159 3791 tentanda
1175 3733 1252 3792 sunt
1268 3728 1386 3803 omnia.

57 3814 125 3878 Sed
148 3814 248 3880 etiam
271 3814 306 3879 in
327 3814 389 3880 hoc
412 3835 490 3878 casu
520 3813 682 3898 parochus
715 3815 747 3896 1)
771 3813 995 3880 condicionate
1018 3819 1147 3880 tantum
1179 3820 1388 3882 sacramenta

57 3903 291 3970 administrare
323 3906 450 3988 potest,
487 3903 522 3984 2)
546 3907 731 3969 unctionem
765 3904 865 3970 etiarn
890 3904 974 3968 clam
997 3908 1146 3981 tuntum,
1182 3925 1224 3968 ne
1248 3904 1320 3970 aliis
1344 3905 1388 3970 sit

56 3993 226 4060 scandalo.
255 4032 292 4040 —
317 3992 409 4070 Quod
432 3992 515 4057 idem
542 3993 604 4058 dici
628 3997 748 4076 potest,
772 3993 800 4058 si
823 3993 923 4057 iussio
948 3993 1079 4058 arcendi
1103 3994 1292 4060 sacerdotes
1316 3993 1387 4058 diu·

56 4081 127 4149 tius
150 4082 327 4148 antecessit
350 4086 533 4148 extremum
557 4086 679 4149 statum
704 4082 903 4158 moribundi,
934 4081 982 4147 ita
1005 4087 1042 4149 ut
1065 4082 1197 4147 dubium
1220 4082 1278 4160 sit,
1310 4103 1386 4147 num

56 4173 92 4237 in
116 4172 178 4237 hac
201 4171 343 4256 pessima
367 4172 539 4238 voluntate
564 4172 682 4237 Saulus
706 4171 934 4255 permanserit.

149 4289 187 4354 R.
212 4293 244 4355 4.
290 4288 403 4365 Quoad
428 4288 533 4352 virum
558 4288 792 4364 acatholicum,
823 4288 951 4370 dequo
980 4287 1013 4352 in
1038 4286 1152 4352 ultimo
1177 4308 1254 4351 casu
1278 4307 1385 4352 sermo
1396 4308 1447 4360 626

56 4381 128 4454 est,
152 4378 263 4460 aliqua
285 4378 371 4443 ratio
395 4377 544 4443 tentandi
569 4383 776 4443 sacramenta
800 4378 942 4443 fortasse
966 4377 1048 4441 sumi
1073 4379 1183 4459 potest
1206 4396 1248 4439 ex
1272 4375 1386 4440 catho-

54 4468 123 4533 lica
145 4467 221 4534 filia.
268 4466 320 4532 Ab
343 4488 383 4532 ea
407 4467 492 4532 enim
516 4466 629 4548 quaeri
653 4469 776 4550 potest,
809 4488 885 4531 num
909 4470 1005 4549 pater
1027 4467 1067 4531 de
1097 4464 1194 4529 rebus
1218 4464 1386 4530 catholicis

54 4559 239 4623 instructus
268 4556 385 4634 fuerit,
417 4561 527 4622 utrum
556 4556 761 4621 aversionem
792 4556 945 4621 continuo
975 4553 1172 4631 ostenderit,
1204 4575 1245 4618 an
1276 4554 1386 4637 potius

53 4669 149 4731 spem
173 4646 374 4732 probabilem
398 4645 515 4712 fecerit
547 4651 624 4711 ante
648 4648 787 4710 mortem
811 4645 1058 4728 amplectendae
1086 4642 1162 4708 fidei
1186 4643 1384 4713 catholicae:

1119 4746 1176 4799 23*
