3044 5174
545 1087 619 1170 DE
650 1085 1051 1169 ORDINATIONE.

173 1281 417 1349 TONSURAM
440 1281 496 1347 ΕΤ
520 1280 718 1348 MINORES
742 1281 933 1347 ORDINES
957 1279 1206 1348 suscipiens
1228 1279 1278 1346 IN
1302 1279 1445 1347 STATU

707 1404 898 1471 PnccATI.

699 1569 810 1635 Casus.
829 1577 906 1646 (198)

233 1710 416 1787 Leopoldus,
437 1708 467 1769 in
488 1709 677 1769 seminarium
698 1709 836 1770 clericale
857 1709 1021 1780 admissus,
1051 1730 1070 1769 a
1090 1708 1273 1771 confessario
1295 1710 1467 1770 admonetur

145 1795 179 1849 ut
199 1796 309 1850 statum
331 1789 497 1850 clericalem
518 1809 556 1849 ne
577 1796 719 1860 assumat,
741 1796 863 1867 propter
875 1790 1073 1850 inveteratum
1086 1789 1218 1849 habitum
1233 1809 1360 1868 pravum
1374 1791 1468 1868 ipsum

144 1872 331 1930 'vocationem
352 1890 412 1929 non
432 1870 558 1940 habere;
585 1869 673 1929 immo
701 1869 732 1928 in
753 1870 908 1946 pervigilio
936 1870 996 1929 diei
1023 1890 1080 1947 quo
1111 1869 1230 1930 ordinas
1250 1870 1383 1930 minores
1404 1891 1468 1931 con·

144 1950 332 2018 ferebantur,
354 1950 418 2009 sine
440 1949 626 2009 absolutione
648 1949 812 2010 dimittitur.
854 1950 1064 2021 Nihilominus,
1085 1970 1123 2008 ne
1145 1950 1371 2011 admirationem
1393 1951 1468 2011 exci-

145 2036 233 2101 taret,
255 2033 293 2090 ad
314 2030 516 2107 suscipiendos
531 2029 659 2089 minores
674 2031 792 2089 ordines
807 2049 872 2089 cum
894 2031 1015 2106 reliquis
1030 2031 1153 2102 accedit,
1175 2030 1385 2107 suscipiendae
1399 2051 1468 2090 vero

147 2130 186 2170 ss.
208 2111 407 2171 eucharistiae
435 2129 468 2169 se
495 2110 609 2168 studuit
636 2111 806 2169 subducere.
849 2111 979 2184 Angitur
1004 2116 1103 2170 autem
1131 2111 1166 2169 de
1194 2111 1352 2170 commisso
1379 2112 1468 2170 sacri·

146 2190 224 2266 legio
245 2197 366 2268 propter
387 2190 506 2250 ordines
527 2197 682 2266 susceptos
704 2196 735 2249 et
755 2192 831 2266 quod
852 2190 942 2249 iniis
963 2191 1160 2266 suscipiendis
1173 2191 1360 2250 voluntatem
1381 2191 1469 2251 altius

145 2270 323 2341 ascendendi
344 2271 509 2330 absolutam
531 2289 590 2329 non
610 2269 755 2329 habuerit.

145 2384 322 2455 Quaamrnu
344 2387 372 2442 1⁰
394 2384 492 2443 sintne
513 2390 637 2443 tonsura
657 2389 688 2442 et
700 2383 829 2443 minores
843 2384 960 2443 ordines
975 2391 1192 2444 sacramentum
1206 2404 1316 2462 eosque
1336 2385 1369 2444 in
1390 2392 1469 2446 statu

398 2462 514 2541 peccati
535 2463 685 2540 suscipere
706 2464 901 2538 sacrilegium.

345 2560 375 2618 2ο
395 2558 463 2634 quid
484 2557 638 2616 dicendum
660 2556 696 2615 ds
717 2576 751 2615 eo
773 2557 822 2632 qui
842 2558 970 2617 minores
998 2558 1116 2617 ordines
1137 2558 1263 2636 suscipit
1283 2559 1350 2620 sine
1371 2560 1468 2620 animo

397 2638 575 2697 ascendendi
596 2639 633 2696 ad
654 2637 791 2710 maiores,
813 2642 846 2695 ut
866 2638 897 2697 in
918 2657 989 2697 casu
1010 2638 1185 2715 Leopoldus.

742 2819 875 2886 Salutio.

85 2983 132 3038 681
235 2965 287 3029 An
311 2983 502 3039 andnemun
528 2966 565 3027 1¹¹²
589 2962 627 3030 R.
655 2965 682 3028 1.
723 2962 854 3028 Certum
878 2965 1007 3029 omnino
1032 2968 1083 3031 est
1106 2969 1275 3031 tonsuram
1300 2988 1364 3032 non
1398 2989 1469 3033 esse

146 3057 398 3129 sacramentum,
423 3051 480 3115 sed
504 3052 606 3116 solam
631 3051 859 3116 caerimoniam
883 3054 1140 3119 ecclesiasticam
1156 3075 1213 3119 seu
1229 3058 1471 3122 sacramentale

147 3142 318 3224 quoddam.
361 3142 392 3207 S.
417 3140 549 3205 Thom.
581 3143 682 3225 suppl.
715 3162 744 3222 q.
777 3145 836 3218 40,
861 3163 890 3207 a.
924 3145 961 3219 23
993 3143 1024 3210 S.
1058 3143 1254 3227 Alphons.
1287 3145 1352 3223 Vl,
1387 3148 1467 3221 7314

148 3228 368 3315 Gasparri,
395 3230 443 3294 De
465 3252 560 3294 sacra
583 3230 784 3294 ordinatione
805 3252 836 3296 n.
862 3232 914 3297 42.

236 3321 288 3383 Ex
311 3339 346 3383 se
369 3319 470 3399 igitur
492 3318 592 3383 habet
615 3319 750 3383 effectus
773 3319 1011 3385 ecclesiasticos
1035 3341 1093 3384 seu
1116 3320 1279 3397 iuridicos‚
1302 3343 1368 3387 non
1392 3345 1470 3389 vero

148 3409 275 3473 confert
298 3429 339 3472 ex
364 3427 461 3490 opere
485 3411 619 3490 operato
636 3407 777 3488 gratiam
794 3408 1064 3486 sanctificantem,
1088 3409 1166 3475 licet
1183 3431 1224 3474 ex
1240 3410 1471 3493 impetratione

149 3496 317 3562 Ecclesiae
341 3495 492 3562 conciliet
515 3495 658 3561 actualia
681 3496 810 3578 gratiae
832 3497 957 3563 auxilia
980 3499 1020 3562 ad
1046 3498 1210 3563 clericalia
1233 3499 1342 3565 officia
1376 3501 1472 3583 digne

147 3584 301 3667 gerenda.

236 3674 385 3738 Tousura
408 3677 459 3737 est
480 3672 622 3738 initiatio
647 3673 806 3755 quaedam
830 3675 1052 3740 ecclesiastica
1075 3675 1116 3740 ad
1133 3680 1256 3741 statum
1273 3677 1470 3754 clericalem,

148 3784 211 3845 quo
239 3764 311 3845 quis
341 3762 541 3828 transfertur
570 3782 612 3826 ex
641 3761 863 3828 iurisdictione
894 3764 1054 3829 saeculari
1085 3785 1142 3830 seu
1173 3764 1281 3829 laicali
1311 3765 1345 3831 in
1376 3767 1471 3833 iuris·

148 3851 321 3917 dictionem
352 3850 535 3926 Ecclesiae3
573 3852 673 3932 fitque
707 3872 812 3934 capax
845 3853 998 3917 canonice
1028 3853 1079 3918 cui
1109 3853 1332 3920 ecclesiastica
1364 3856 1472 3923 officia

149 3940 412 4018 committantur,
438 3945 472 4005 et
495 3938 659 4023 particeps
685 3939 846 4023 privilegii
875 3941 1062 4017 „canonis“:
1095 3942 1135 4008 de
1158 3964 1221 4025 quo
1246 3942 1287 4008 cf.
1314 3965 1401 4026 quae
1425 3947 1472 4011 di·

149 4035 266 4095 cuntur
290 4031 354 4096 vol.
378 4029 394 4093 I
418 4030 457 4094 de
482 4028 637 4096 censuris.

88 4151 139 4204 682
237 4136 276 4201 R.
295 4139 324 4202 2.
358 4135 495 4201 Ordines
518 4135 660 4199 minores
683 4156 747 4199 non
771 4135 924 4201 videntur
942 4136 1062 4202 habere
1079 4137 1238 4204 rationem
1255 4141 1471 4206 sacramenti:

149 4225 190 4290 cf.
214 4226 387 4302 Tt.m.11,
412 4227 493 4299 581;
519 4224 549 4288 S.
568 4222 782 4306 Alphonso
806 4225 838 4289 id
862 4231 914 4291 est
934 4228 1132 4311 probabilius
1155 4229 1285 4302 11.737;
1311 4230 1351 4296 cl.
1379 4230 1471 4295 Gas-

149 4315 263 4398 parri
286 4318 394 4399 „lonpe
405 4314 616 4398 probabilius,
641 4336 679 4378 nc
697 4316 983 4396 dioecesaneorum,
1000 4324 1028 4380 et
1044 4318 1133 4400 opud
1149 4319 1336 4382 recentiores
1347 4322 1471 4404 possim

149 4405 345 4487 receptom“:
368 4425 453 4479 narn,
479 4423 674 4483 quamquam
699 4402 730 4465 hi
755 4404 884 4467 ordines
907 4405 1023 4468 saltem
1049 4405 1112 4468 iarn
1138 4405 1275 4470 atentia
1291 4409 1424 4473 saeculo
1440 4410 1471 4471 in

149 4492 253 4557 latina
276 4492 423 4556 Ecclesia
448 4495 638 4567 occurrunt,
669 4496 778 4556 tamen
812 4497 956 4576 tempore
987 4494 1207 4575 apostolorum
1232 4515 1295 4558 non
1321 4503 1417 4563 erant
1440 4498 1471 4561 in

150 4603 220 4658 usu,
245 4602 349 4662 neque
374 4586 488 4663 postea
512 4601 623 4644 omnes
647 4581 759 4645 eodem
784 4581 878 4645 modo
903 4587 937 4647 et
959 4604 1091 4646 munere
1115 4585 1381 4655 recensebantur.
1422 4587 1472 4650 Ex
