3044 5174
423 299 624 354 Matrimonium
643 298 847 369 praecedentia:
866 328 901 338 -
921 300 1024 354 Banna.
1325 304 1389 368 493

67 475 190 539 nando
221 475 333 559 sponsi
365 479 442 542 sunt
474 495 516 540 cx
546 474 684 539 diversis
715 480 749 540 et
778 474 901 540 dissitis
931 476 1133 559 regionibus,
1164 476 1212 542 ita
1236 480 1272 541 ut
1295 475 1390 541 testi-

64 564 204 628 ronium
228 564 520 648 proclamationum
546 564 623 629 alibi
646 563 810 629 factarum
833 565 975 630 nondum
1000 565 1104 648 possit
1128 565 1259 641 adesse;
1291 570 1390 646 atque

64 653 158 719 tiam
192 653 221 718 si
251 653 284 718 in
314 674 379 718 uno
409 654 479 719 solo
511 654 583 718 loco
615 654 797 737 proclamat
783 653 889 719 tiones
922 655 1044 720 fuerint
1076 655 1297 731 necessariae,
1330 674 1390 755 per

66 764 159 807 num
185 744 251 807 salt
237 746 303 808 tem
328 743 412 808 diem
437 743 581 808 maxime
604 743 758 808 convenit
780 743 976 898 exspectari.
1009 743 1129 821 Quodsi
1150 744 1236 810 ratio
1260 745 1389 808 omnino

64 832 326 898 xtraordinaria
349 838 526 914 cogeretu
468 835 543 899 t
559 831 672 896 eodem
689 832 741 896 die
756 833 999 898 matrimonium
1016 833 1248 910 celebraretur,
1272 834 1391 898 saltem

64 921 248 1005 aspecturi
267 942 326 1004 per
348 921 475 1003 aliquot
497 921 596 987 horae
612 921 762 986 deberet:
787 921 834 986 sic
851 922 908 987 dat
893 926 949 987 tur
964 923 1192 1006 opportunitas
1215 921 1391 1006 recipiendi

67 1010 300 1095 epositionem
316 1032 439 1088 eorum,
461 1009 488 1075 si
504 1009 560 1092 qui
575 1010 642 1074 sint
658 1031 712 1091 qur
704 1010 872 1077 'thabean
858 1011 973 1093 tquod
990 1017 1060 1078 mat
1062 1011 1197 1076 rimonio
1214 1018 1389 1094 opponant.

64 1101 103 1165 id
134 1120 236 1182 quam
259 1121 329 1165 rem
352 1099 452 1166 babet
476 1099 910 1183 Casparril.c.n.190:
938 1100 1124 1179 ,Paroohus
1148 1101 1245 1166 debet
1268 1100 1390 1182 aliquid

64 1188 220 1273 emporis
242 1191 318 1272 post
341 1189 489 1254 ultimam
513 1188 765 1273 publicationem
790 1193 995 1272 exspectare,
1019 1194 1056 1255 ut
1074 1190 1187 1254 fideles
1203 1195 1327 1273 queant
1349 1191 1391 1254 ab

65 1279 179 1345 ltima
194 1278 427 1379 publicatione
456 1277 690 1361 impedimenta
653 1279 877 1344 t.revelare
928 1279 1027 1344 Int
996 1283 1087 1345 statu
1051 1279 1132 1345 tutis
1162 1279 1391 1344 nonnullarum

65 1367 257 1434 ioeceaium
287 1366 523 1451 praescribitur
552 1366 636 1431 diem
668 1389 739 1432 esse
771 1372 907 1451 exspect
893 1367 1045 1445 tandum,
1078 1367 1111 1432 in
1145 1368 1217 1433 aliis
1248 1368 1389 1445 biduum,

64 1479 79 1522 r
109 1456 192 1522 aliis
215 1455 369 1522 triduum.
401 1456 568 1521 Parochus
583 1461 700 1538 aequat
703 1461 808 1522 urata
788 1461 917 1522 atutum
935 1457 988 1521 vel
1012 1478 1106 1521 usum
1126 1478 1206 1522 suaa
1222 1457 1389 1534 dioecesis,

64 1547 112 1612 ed
141 1545 187 1611 ad
210 1545 378 1610 minimum
401 1566 500 1610 unum
524 1545 608 1609 diem
631 1549 811 1630 exspectet.
787 1546 985 1612 t“Similit
971 1550 1150 1611 ttermone
1135 1546 1390 1611 tBallerini·

64 1634 184 1701 'alm
210 1634 232 1701 l.
257 1656 283 1700 c.
308 1656 339 1701 n.
365 1637 488 1700 902et
473 1634 690 1699 tLacroix
714 1634 770 1712 VI,
795 1638 825 1714 3,
850 1657 881 1702 n
907 1637 1057 1702 480.—
1089 1635 1243 1717 Alioquin
1274 1635 1390 1700 eiiam

67 1725 170 1790 mnia
194 1728 313 1807 parata
335 1726 413 1789 sunt
436 1723 477 1788 ad
501 1723 649 1807 nuptias,
680 1744 786 1807 neque
815 1730 945 1807 tempus
976 1728 1028 1790 est
1051 1730 1269 1808 opportunum
1294 1730 1390 1789 extra

64 1814 194 1879 nissam
217 1813 380 1897 supplere,
404 1817 456 1878 est
471 1812 556 1878 ratio
572 1813 654 1878 satis
669 1813 783 1895 gravis
799 1835 856 1878 cur
871 1813 1158 1897 praetermittatur
1174 1813 1255 1878 haec
1274 1812 1389 1878 ultima

64 1902 278 1968 troclamatio
302 1906 336 1967 et
359 1901 568 1967 nihilominus
591 1902 632 1966 ad
656 1902 790 1986 nuptias
813 1902 912 1968 liceat
935 1903 1121 1985 procedere.

148 2009 191 2075 R.
216 2012 246 2075 3.
294 2008 327 2074 Si
358 2010 520 2090 agebatur
552 2009 592 2074 de
624 2009 807 2074 nominibus
840 2030 950 2074 eornm
982 2030 1117 2090 quorum
1149 2007 1390 2074 matrimonium

64 2104 208 2166 uturum
230 2101 417 2185 primariae
439 2098 705 2181 proclamandum
722 2103 811 2164 erat:
835 2119 915 2163 sane
932 2103 1056 2182 postea,
1081 2118 1119 2163 ae
1136 2098 1163 2162 si
1179 2097 1259 2161 nihil
1280 2101 1388 2162 actum

64 2188 170 2265 uerit,
196 2186 486 2342 terdppjoplamatio
510 2186 659 2253 habenda
681 2192 742 2263 cst,
767 2209 871 2269 neque
895 2188 935 2252 ob
952 2208 1063 2252 casum
1087 2192 1235 2252 nostrum
1259 2207 1325 2251 una
1348 2207 1390 2251 ex

64 2276 232 2344 laomitti
278 2297 363 2342 ee.

147 2383 189 2447 R.
215 2385 246 2449 4.
292 2381 505 2464 Ceteroquin,
536 2382 564 2446 ai
594 2382 627 2447 in
652 2381 798 2467 vesperis
828 2383 936 2448 aliave
967 2382 1141 2447 devotione
1165 2381 1389 2465 pomeridiana

64 2473 142 2540 :atis
175 2492 314 2554 magnus
344 2492 498 2536 numerus
528 2471 673 2535 fidelium
703 2472 916 2550 confluxerit,
947 2471 989 2536 ibi
1021 2472 1090 2536 ficri
1121 2475 1231 2554 potest
1261 2471 1390 2554 procla·

64 2562 161 2629 natio
189 2561 220 2624 iu
244 2561 345 2626 missa
368 2560 516 2626 sollemni
540 2559 678 2626 omissa:
703 2561 735 2626 S.
759 2561 875 2643 Alph.
901 2562 921 2627 l.
947 2583 972 2628 c.
997 2583 1028 2626 n.
1054 2563 1137 2637 991;
1172 2562 1227 2627 rt.
1251 2584 1291 2627 ra.
1316 2562 1336 2626 l.
1361 2581 1387 2626 c.

403 2760 480 2827 UBI
504 2759 659 2827 BANNA
683 2760 802 2825 FIERI
825 2761 1046 2827 DEBEANT.

621 2925 733 2993 Casus.
752 2933 828 3001 (251)

148 3068 269 3128 Mariua
295 3066 567 3144 Aquisgranansis,
600 3069 635 3126 19
664 3087 822 3139 annorum,
852 3088 870 3126 a
898 3068 993 3126 tribue
1021 3068 1171 3126 mensibus
1194 3067 1333 3128 Coloniae
1359 3069 1388 3125 in

64 3151 206 3211 'amulatu
222 3148 312 3224 degit,
327 3152 482 3226 postquam
497 3167 549 3224 per
563 3152 625 3206 tres
642 3167 735 3206 annos
751 3148 957 3225 Dusseldorpii
972 3148 1113 3206 famulam
1128 3154 1245 3223 egerat3
1263 3148 1389 3207 intendit

64 3229 280 3292 natrimonium
295 3229 471 3288 contrahere
487 3247 552 3286 cum
563 3228 675 3286 loanne
693 3228 876 3303 Mognntino,
893 3228 941 3303 qui
956 3234 1024 3304 post
1039 3228 1253 3286 matrimonium
1270 3229 1389 3287 Dussel·

64 3311 156 3389 lorpii
178 3310 314 3369 habitare
333 3309 472 3380 intendit,
495 3309 580 3367 domo
602 3308 643 3367 ibi
664 3308 723 3366 iam
745 3309 900 3368 conducta.

64 3425 240 3496 innuamus
264 3424 292 3481 1⁰
313 3423 432 3482 ubinam
461 3422 709 3500 proclamationes
736 3423 801 3482 fieri
823 3424 965 3495 debeant,
997 3405 1120 3482 attentis
1149 3422 1389 3495 circumstantiis,

314 3507 402 3580 prout
424 3503 541 3562 Mariua
562 3504 737 3580 parentibus
759 3504 799 3562 sit
820 3506 925 3563 orbata
947 3510 1079 3562 autnon
1101 3505 1215 3563 orbata.

262 3603 293 3660 2ο
313 3601 391 3678 quid,
413 3601 439 3661 si
460 3601 576 3659 Mariua
597 3601 656 3660 iam
677 3621 731 3679 par
752 3621 860 3660 annum
883 3601 1022 3660 Coloniae
1043 3602 1210 3662 famuletur.

658 3783 793 3851 Solutio.

151 3927 205 3991 Au
228 3929 483 4002 QUAESITUnP'
511 3925 605 3992 [Μ.
656 3926 732 3991 Cart
717 3929 787 3991 tum
818 3929 870 3990 est
900 3925 932 3989 in
964 3927 1148 3992 actualibus
1178 3927 1306 3992 habitat
1255 3926 1450 3992 ttionis859

64 4015 141 4084 locis
166 4014 334 4097 utriusque
357 4014 469 4097 sponsi
492 4015 768 4116 proclamationes
790 4014 861 4079 fieri
885 4016 1018 4091 debere,
1050 4017 1196 4097 adeoque
1226 4020 1296 4082 tum
1319 4016 1389 4079 lio-

64 4105 241 4190 guntiaet
243 4125 297 4169 um
320 4103 511 4169 Coloniae
503 4125 535 4168 m
563 4104 703 4187 propriis
733 4104 913 4187 parochiis,
947 4104 974 4168 si
1007 4126 1199 4187 sponsorum
1230 4105 1391 4169 alteruter

64 4196 102 4262 bi
128 4193 296 4259 contraxit
319 4192 644 4274 quasi-domicilinm;
676 4193 734 4257 sed
757 4193 784 4257 si
815 4194 943 4258 Mariua
971 4198 1100 4260 tantum
1124 4194 1270 4277 precario
1296 4195 1389 4257 modo

64 4283 216 4352 toronice
238 4286 402 4360 moratur,
433 4285 498 4368 lepe
521 4285 679 4347 comunem·
701 4303 836 4348 necesse
860 4304 924 4347 uon
948 4285 999 4346 est
1023 4286 1060 4347 ut
1089 4282 1134 4346 ibi
1157 4285 1238 4348 fiant
1261 4284 1389 4365 procla-

64 4373 234 4449 mationes,
258 4371 320 4436 nisi
344 4371 400 4436 lex
424 4371 617 4436 dioecesana
640 4371 672 4435 id
696 4393 755 4453 pro
779 4371 839 4438 tali
864 4393 942 4436 casu
967 4371 1065 4435 etiam
1090 4373 1304 4453 praescribat.

149 4479 191 4547 R.
216 4480 245 4545 2.
292 4477 424 4544 Certum
454 4477 587 4561 insuper
617 4481 668 4543 est
698 4478 825 4544 ratione
850 4478 997 4543 Marinae
1025 4499 1180 4560 sponsae,
1212 4482 1326 4561 utpote
1355 4478 1389 4542 in

64 4574 174 4639 aetate
198 4566 325 4643 minori,
349 4566 623 4650 proclamationes
645 4568 716 4632 fieri
740 4568 858 4632 debere
882 4568 914 4631 in
938 4568 1009 4631 loco
1033 4567 1185 4632 domicilii
1205 4572 1388 4651 parentum.

64 4662 184 4740 Quare,
217 4656 247 4723 ai
269 4655 316 4721 illi
342 4655 376 4721 in
399 4655 484 4721 vivis
507 4662 584 4722 sunt
615 4661 648 4722 et
672 4656 871 4740 Aquisgrani
900 4656 1067 4735 habitant,
1099 4656 1143 4721 ibi
1172 4656 1205 4720 in
1235 4657 1390 4740 parocbia
