3044 5174
484 247 599 302 Fructus
618 250 645 300 et
664 245 808 317 applicatio
826 247 934 300 missae.
1309 249 1372 313 105

40 426 99 488 tae
123 422 273 489 rationes
297 422 429 488 divinae
452 422 608 499 iustitiae,
633 443 717 505 quae
737 422 918 506 impediant
942 422 1115 504 quominus
1137 422 1265 489 fructus
1279 421 1373 503 isque

43 517 136 579 totus
160 516 273 578 certae
296 511 425 577 animae
449 511 640 596 applicetur.

135 617 175 684 R.
201 621 232 685 3.
264 618 337 684 Nisi
360 639 439 684 vero
462 617 614 702 specialis
638 617 723 683 ratio
748 618 868 696 obstat,
894 617 1020 684 fructus
1044 617 1164 682 missae
1188 616 1373 701 applicatur

44 728 125 772 sane
155 707 184 772 ei
209 728 268 790 pro
292 729 355 790 quo
379 710 531 785 offertur,
562 707 660 790 idque
683 707 859 772 secundum
884 712 1008 783 certam
1033 712 1067 774 et
1090 706 1256 771 definitam
1281 727 1373 771 meu·

45 817 157 861 suram
188 817 286 877 quam
310 797 399 864 Deus
429 797 492 864 scit
525 800 559 862 et
589 795 784 873 destinavit,
816 816 900 878 quae
923 796 1055 861 diversa
1084 817 1156 861 esse
1179 798 1290 879 potest
1313 816 1372 878 pro

45 885 180 950 diversa
203 885 332 951 animae
356 885 571 970 dispositione
595 889 629 951 et
652 884 841 969 praeteritis
864 885 934 949 eius
957 884 1082 950 meritis
1105 884 1254 951 diversis.

136 991 175 1058 R.
201 995 231 1058 4.
278 991 419 1058 Prnctus
442 998 553 1058 autem
577 991 766 1076 principalis
790 1012 832 1056 ex
856 991 1017 1056 communi
1041 991 1190 1057 doctrina
1213 1006 1435 1074 raperer-187

45 1080 106 1145 dus
130 1101 192 1164 pro
215 1080 378 1148 defunctis
402 1080 510 1147 estin
533 1081 660 1147 directa
676 1080 923 1147 abbreviatione
939 1081 992 1145 vel
1008 1080 1214 1163 mitigatione
1237 1101 1372 1165 poenae,

45 1192 118 1234 cum
144 1191 204 1253 per
225 1170 367 1235 medium
390 1170 510 1235 missae
534 1191 577 1236 ex
600 1170 725 1236 meritis
742 1175 777 1237 et
797 1169 1078 1235 satisfactionibus
1101 1169 1219 1236 Christi
1244 1190 1284 1235 ea
1307 1169 1374 1234 sol-

45 1263 170 1324 vantur
201 1258 325 1325 vicaria
357 1259 518 1326 solutione
548 1280 632 1341 quae
662 1259 745 1325 alias
776 1259 885 1325 anima
915 1258 988 1342 ipsa
1010 1259 1220 1344 perpessione
1243 1259 1373 1324 solvere

45 1348 193 1413 deberet.
223 1385 268 1395 —
299 1348 420 1414 Verum
450 1353 584 1432 praeter
613 1348 674 1414 boc
703 1348 856 1414 iuvamen
886 1347 1108 1415 immediatum
1140 1347 1239 1414 etiam
1264 1347 1371 1426 aliter,

45 1436 65 1502 i.
82 1457 110 1504 e.
128 1437 283 1516 mediate,
308 1437 409 1503 missa
425 1437 570 1504 defuncti
590 1437 719 1503 animae
734 1437 890 1522 prodesse
905 1441 1026 1521 potest,
1051 1437 1219 1503 nimirum:
1244 1437 1278 1519 a)
1301 1441 1373 1523 pla·

46 1528 151 1592 cando
176 1526 297 1604 Deum,
328 1531 367 1593 ut
389 1526 582 1593 auferantur
604 1525 750 1593 rationes
773 1526 923 1592 occultae
947 1525 1077 1591 divinae
1100 1525 1246 1593 iustitiae
1269 1525 1373 1610 impe·

46 1615 175 1680 dientes
205 1615 348 1681 fortasse
378 1615 544 1698 bucusque
573 1615 797 1682 immediatam
830 1615 1094 1682 satisfactionum
1116 1615 1236 1682 Christi
1267 1614 1372 1700 appli-

46 1703 211 1770 cationem
241 1703 440 1780 uberiorem;
474 1705 509 1787 b)
531 1706 733 1790 impetrando
763 1705 891 1787 gratias
921 1705 1073 1770 efficaces
1101 1704 1218 1787 quibus
1241 1704 1373 1770 christi·

45 1793 160 1858 fideles
181 1792 215 1857 in
239 1797 331 1859 terra
353 1794 504 1861 viventes
533 1814 634 1877 opera
663 1793 888 1860 satisfactoria
911 1793 1035 1860 vicena
1064 1814 1123 1877 pro
1148 1798 1240 1860 certa
1263 1793 1374 1860 anima

46 1881 204 1948 defuncta
232 1883 388 1958 offerant3
420 1884 451 1963 c)
481 1882 721 1950 rationabiliter
750 1883 850 1966 aliqui
880 1887 1000 1966 putant
1030 1882 1153 1949 directe
1183 1882 1283 1949 etiam
1314 1903 1373 1967 per

45 1970 134 2037 viam
159 1974 390 2056 impetrationis
413 1971 553 2037 obtineri
568 1993 666 2056 posse
681 1971 825 2055 aliquam
841 1973 1094 2057 applicationem
1109 1972 1372 2040 satisfactionum

46 2059 168 2127 Christi
192 2060 234 2125 ad
257 2059 473 2144 mitigandam
507 2082 644 2144 poenam
678 2060 860 2126 animarum
882 2061 916 2126 in
939 2061 1130 2145 purgatorio
1154 2061 1372 2128 detentarum.

46 2149 91 2216 Cf.
118 2149 289 2228 Suarez,
314 2152 363 2216 De
385 2150 526 2218 Eucbcr.
552 2150 633 2234 disp.
660 2152 711 2229 79,
736 2155 816 2216 sect.
842 2153 872 2227 6,
896 2172 928 2217 n.
954 2153 984 2216 5.

136 2283 190 2346 An
214 2301 405 2358 aurasicum
430 2284 469 2346 2¹²²
491 2280 530 2347 R.
557 2284 585 2348 l.
632 2280 773 2347 Dubium
804 2301 876 2346 esse
900 2281 1013 2364 nequit
1042 2280 1119 2363 quin
1144 2280 1261 2349 ceteris
1284 2279 1435 2365 pari-188

47 2370 106 2435 bus
131 2371 255 2436 certius
277 2370 439 2437 habeatur
460 2371 559 2455 plena
582 2369 759 2454 applicatio
783 2370 947 2435 fructuum
970 2371 1090 2436 missae
1116 2392 1176 2455 pro
1200 2375 1290 2437 certo
1314 2371 1372 2436 ho·

48 2460 134 2525 mine
155 2459 242 2525 fideli
258 2459 335 2526 vivo
360 2481 458 2542 quam
474 2481 533 2545 pro
549 2459 714 2536 defuncto,
739 2459 886 2542 adeoque
902 2464 1050 2545 praestet
1065 2459 1225 2546 applicari
1240 2459 1373 2527 missam

48 2548 144 2614 alicui
167 2553 246 2615 ante
269 2552 408 2615 mortem
433 2570 530 2631 quam
553 2554 629 2633 post
652 2553 800 2615 mortem.

135 2654 175 2721 R.
202 2657 231 2722 2.
279 2655 342 2721 Per
374 2654 525 2721 accidens
556 2660 667 2722 autem
694 2655 765 2721 fieri
795 2658 906 2738 potest
936 2660 973 2721 ut
1005 2655 1182 2741 applicatio
1212 2678 1271 2742 pro
1295 2654 1372 2721 vivo

47 2743 154 2809 minus
177 2743 297 2809 efficax
320 2744 380 2822 sit,
404 2765 469 2810 non
493 2743 622 2828 quidem
645 2744 750 2810 relate
773 2744 815 2810 ad
837 2743 981 2810 fructum
1005 2743 1283 2829 impetratorium‚
1314 2745 1373 2810 sed

48 2833 152 2899 relate
175 2833 218 2899 ad
241 2833 500 2919 satisfactionem
531 2855 590 2917 pro
620 2833 734 2918 poenis
766 2833 1000 2917 temporalibus
1030 2833 1101 2900 sive
1130 2835 1181 2901 his
1211 2834 1244 2899 in
1273 2833 1373 2900 terris

47 2922 115 2988 sive
147 2922 181 2987 in
210 2923 402 3006 purgatorio
432 2921 650 2990 exsolvendis.
696 2922 784 2988 Nam
813 2927 889 3006 post
918 2927 1058 2989 mortem
1087 2923 1236 3006 sequitur
1257 2922 1372 2989 statim

46 3011 150 3094 primo
174 3015 338 3078 momento
363 3015 470 3078 status
493 3011 622 3078 animae
645 3017 819 3096 separatae
835 3011 982 3095 perfecta
998 3017 1205 3096 peccatorum
1229 3011 1372 3079 omnium

47 3100 146 3167 etiam
176 3100 416 3166 levissimorum
439 3102 650 3178 retractatio;
681 3104 759 3166 ante
789 3107 928 3168 mortem
961 3122 1025 3166 non
1054 3122 1130 3167 raro
1160 3103 1230 3168 fieri
1260 3104 1373 3187 potest

49 3196 83 3255 ut
106 3190 191 3255 haec
214 3190 408 3256 retractatio
433 3189 533 3268 desit,
564 3211 622 3256 seu
653 3196 690 3256 ut
719 3194 890 3256 remaneat
920 3191 1031 3273 aliqua
1053 3191 1229 3256 venialium
1253 3210 1371 3275 pecca-

47 3282 156 3345 torum
188 3278 360 3358 adhaesio,
392 3300 457 3362 qua
486 3283 640 3345 manente
669 3279 870 3364 impossibile
894 3282 945 3346 est
969 3279 1136 3362 exstingui
1160 3301 1298 3363 poenam
1323 3278 1371 3345 eis

46 3368 201 3435 debitam.
256 3367 363 3447 Quare
401 3368 588 3435 nullatenus
625 3368 882 3451 neglegendum,
922 3372 960 3434 ut
997 3369 1097 3434 etiam
1134 3378 1204 3453 post
1241 3380 1372 3438 mortem

46 3457 190 3523 fidelium
228 3457 421 3523 sacrificium
456 3458 575 3523 missae
615 3457 655 3522 iis
693 3456 885 3541 applicetur.
938 3458 1055 3540 Neque
1089 3457 1212 3524 sufficit
1246 3458 1276 3524 ei
1316 3459 1371 3544 qui

45 3551 178 3613 tenetur
210 3566 339 3612 sacrum
372 3546 479 3613 dicere
512 3568 571 3631 pro
601 3546 679 3613 Caio
712 3546 883 3626 defuncto,
917 3552 954 3614 ut
984 3547 1074 3614 dicat
1104 3547 1184 3613 illud
1211 3569 1270 3632 pro
1293 3549 1371 3615 Caio

46 3637 152 3702 adhuc
173 3634 261 3702 vivo.

133 3767 189 3832 An
213 3788 403 3842 ouuasrrnu
428 3770 467 3833 3³⁰
490 3768 529 3834 a.
557 3770 585 3833 1.
632 3767 696 3833 Pro
721 3766 806 3833 vivis
829 3767 927 3833 facile
960 3768 1093 3834 concedi
1117 3773 1229 3852 potest
1259 3771 1434 3839 utilius189

46 3877 117 3922 esse
142 3879 181 3922 aa
204 3858 345 3943 qaedam
366 3865 459 3941 porte
474 3856 594 3923 missae
618 3857 736 3923 devote
759 3856 925 3935 assistere,
950 3878 1048 3939 quam
1071 3858 1142 3924 sine
1165 3858 1231 3925 alia
1254 3881 1372 3944 coope-

46 3946 174 4012 ratione
198 3944 302 4010 solam
327 3945 568 4029 eleemosynam
599 3947 677 4011 dare
708 3946 750 4012 ad
779 3945 912 4011 missam
943 3947 1130 4024 dicendam;
1163 3953 1198 4014 at
1228 3970 1268 4014 ne
1291 3950 1373 4015 illud

46 4035 176 4117 quidem
200 4033 367 4119 probabile
398 4039 450 4101 est
477 4035 538 4100 hoc
563 4038 709 4100 exomni
728 4044 823 4122 parte
846 4035 894 4101 ita
917 4057 953 4102 se
976 4037 1106 4102 habere.
1147 4037 1260 4114 Quoad
1283 4038 1372 4106 fruc·

46 4128 113 4189 tum
137 4123 396 4190 satisfactorium
421 4123 499 4189 mihi
522 4124 690 4207 probabile
707 4146 770 4189 non
795 4128 861 4202 est;
886 4130 936 4191 est
959 4126 1128 4210 probabile
1152 4129 1258 4209 quoad
1283 4128 1372 4195 fruc-

45 4219 113 4280 tum
136 4211 388 4297 impetrationis.

132 4318 173 4385 R.
199 4321 229 4386 2.
263 4318 326 4384 Pro
350 4319 513 4384 defunctis
542 4341 602 4403 pro
633 4318 749 4401 quibus
780 4319 940 4405 imprimis
972 4320 1098 4388 fructus
1129 4322 1371 4389 satisfactorius

45 4427 85 4473 ex
109 4427 210 4492 opere
234 4412 369 4492 operato
393 4408 520 4474 attendi
544 4409 652 4486 debet,
677 4408 808 4474 dubium
824 4408 902 4473 mihi
925 4431 989 4475 non
1013 4415 1064 4476 est
1087 4411 1164 4494 quin
1185 4411 1228 4477 sit
1252 4412 1371 4477 ceteris
1476 4489 1478 4493 .

44 4496 178 4580 paribus
216 4496 330 4562 utilius
359 4497 492 4564 missam
528 4497 687 4583 applicari
719 4519 816 4579 quam
851 4498 985 4564 missam
1019 4500 1143 4567 audire.
1196 4499 1282 4566 Nam
1315 4501 1371 4566 ille

44 4586 171 4655 fructus
196 4585 302 4652 oritur
323 4606 382 4671 per
405 4607 440 4652 se
464 4608 504 4653 ex
529 4587 629 4652 missa
645 4592 682 4653 ut
698 4587 875 4665 celebrata,
900 4587 996 4669 idque
1012 4589 1142 4654 nomine
1158 4589 1287 4656 Christi.
1323 4589 1372 4656 At
