3044 5174
403 293 490 344 nister
508 288 610 360 poenit
629 317 664 327 —
683 288 782 356 agendi
800 288 871 343 ratio
891 305 952 342 oum
972 287 1072 358 pueris.
1325 291 1391 355 335

660 490 794 558 Salutio.

152 631 208 698 An
235 653 427 715 quansrrun
453 636 491 698 l¹n
520 632 559 715 R.
586 636 615 699 1.
661 630 864 698 Absolvendi
893 635 970 698 sunt
999 631 1092 716 pueri
1122 635 1230 710 certo,
1261 631 1391 714 quando
1400 642 1453 696 588

59 721 242 788 ostendant
264 742 358 786 usum
382 721 520 789 rationis
543 722 673 805 plenum
705 727 805 804 atque
828 723 972 788 afferunt
1002 741 1074 786 curn
1098 721 1237 787 materia
1261 722 1392 787 absolu·

59 810 163 877 tionis
187 814 280 876 certa
309 816 344 876 et
368 810 543 877 sufficienti
575 811 674 877 etiam
704 811 826 877 iustam
856 810 1112 895 dispositionem.
1159 811 1196 875 In
1220 831 1284 893 quo
1314 832 1392 876 casu

61 921 125 966 non
150 903 294 979 tantum,
318 901 449 982 qnando
472 906 643 984 peccatum
669 900 800 983 aliquod
824 921 927 983 grave
943 898 1175 977 commiserint,
1199 901 1256 964 sed
1281 899 1392 976 etiam,

61 989 193 1072 quando
217 989 290 1054 sola
311 989 455 1054 venialia
476 990 600 1056 habent
624 989 664 1054 do
687 989 803 1072 quibus
826 989 953 1055 sincere
976 989 1105 1066 dolent,
1130 988 1181 1053 ius
1204 988 1326 1055 habent
1349 988 1393 1054 ad

60 1077 312 1144 absolutionem.

151 1185 192 1251 R.
219 1187 249 1252 2.
296 1184 398 1251 lmmo
423 1185 549 1250 absolvi
573 1185 694 1252 debent
716 1187 834 1251 saltem
858 1184 1101 1263 condicionum,
1126 1184 1393 1268 quotiescumque

62 1274 197 1340 dubium
222 1278 274 1340 est
297 1295 373 1339 num
397 1274 483 1339 forte
507 1275 651 1341 adfuerit
678 1279 848 1358 peccatum
880 1294 999 1357 grave:
1032 1274 1103 1340 sivo
1133 1275 1263 1340 dubium
1287 1274 1394 1339 oritur

62 1385 103 1429 ex
127 1362 272 1429 materia
293 1363 431 1448 peccati,
456 1364 527 1429 sive
551 1384 592 1429 ex
616 1363 800 1447 suspicione
823 1363 928 1429 falsae
952 1363 1182 1440 conscientiae,
1206 1384 1272 1446 qua
1294 1363 1393 1428 facile

62 1452 186 1519 accidit
209 1456 263 1530 ut,
288 1453 374 1535 quod
396 1453 430 1518 in
453 1474 489 1518 se
512 1474 615 1537 grave
638 1474 704 1518 non
727 1452 787 1529 sit,
812 1452 906 1537 pueri
927 1474 988 1536 pro
1011 1453 1108 1536 gravi
1130 1452 1290 1527 habeant;
1321 1452 1393 1517 sive

62 1541 195 1607 dubium
221 1542 326 1608 oritur
348 1562 390 1607 ex
413 1541 510 1608 dubio
534 1541 621 1626 pleni
645 1563 723 1607 usus
746 1541 892 1610 rationis.
940 1541 1062 1607 Verum
1092 1540 1127 1607 iu
1150 1541 1238 1607 hisce
1263 1541 1394 1606 casibus

62 1630 277 1715 praemittere
301 1631 397 1696 debet
421 1630 641 1697 confessarius
665 1635 817 1698 conatum
833 1630 963 1710 serium,
988 1652 1052 1713 quo
1071 1630 1268 1696 securiorem
1291 1630 1394 1696 faciat

62 1725 175 1786 actum
199 1719 329 1786 doloris.

152 1826 193 1892 R.
225 1829 255 1893 3.
302 1827 505 1908 Quamquam
534 1826 567 1891 iu
597 1826 736 1892 articulo
766 1825 882 1891 mortis
911 1826 953 1891 ad
983 1825 1125 1891 dandam
1154 1825 1393 1891 absolutionem

62 1915 147 1981 levis
170 1915 257 1981 ratio
280 1915 411 1992 sufficit,
436 1936 477 1980 ex
494 1936 560 1998 qna
573 1919 709 1999 putetur
724 1936 818 1980 usum
833 1914 972 1982 rationis
987 1914 1130 1981 fortasse
1153 1914 1285 1991 adesse;
1310 1914 1394 1980 alias

62 2009 194 2082 tamen,
228 2004 283 2070 ubi
306 2005 429 2070 nullum
454 2009 506 2071 est
528 2005 706 2089 periculum
737 2025 843 2087 neque
866 2004 1062 2070 rationabile
1086 2003 1218 2068 dubium
1242 2004 1282 2068 de
1306 2024 1394 2067 com-

62 2093 165 2159 misso
180 2099 324 2176 peccato
348 2093 453 2176 gravi,
477 2094 640 2160 absolutio
656 2094 765 2159 danda
787 2098 929 2171 nonest,
955 2093 1084 2176 quando
1100 2114 1142 2158 ex
1158 2092 1250 2175 pueri
1274 2092 1394 2174 agendi

63 2182 194 2248 ratione
217 2183 440 2267 praesumptio
463 2203 585 2265 magna
608 2188 660 2249 est
683 2204 742 2266 pro
767 2184 897 2248 defectu
920 2182 1113 2248 sufficientis
1136 2203 1215 2246 usus
1237 2181 1392 2258 rationis;

63 2271 236 2426 plan14787in0
259 2293 360 2338 causa
382 2277 626 2338 sacramentum
649 2272 812 2339 nullitatis
836 2271 980 2355 periculo
1003 2274 1233 2354 exponeretur.
1270 2272 1327 2337 Tb.
1351 2293 1392 2338 m.

97 2411 105 2437 r
212 2382 284 2444 sqq·

156 2482 208 2548 An
232 2504 423 2559 ounssrrun
447 2488 487 2548 2¹²
517 2485 555 2551 R.
583 2489 611 2552 1.
659 2485 836 2551 Tractandi
866 2488 944 2550 sunt
973 2484 1066 2569 pueri
1096 2488 1130 2550 et
1159 2484 1289 2568 puellae
1320 2493 1455 2548 cunr589

63 2593 188 2655 magna
210 2573 431 2655 benignitate,
462 2594 676 2656 quamquam,
708 2575 849 2639 maxime
873 2574 981 2656 quoad
1004 2573 1147 2658 puellae,
1172 2572 1393 2638 confessarius

63 2683 195 2745 semper
217 2662 419 2729 maturitatis
443 2667 477 2728 et
499 2669 635 2730 sanctae
658 2663 835 2746 gravitatis
859 2685 983 2728 memor
1006 2684 1079 2728 esse
1102 2662 1209 2729 debet.
1246 2662 1393 2744 Benigne

63 2751 231 2817 tractandi
256 2757 349 2831 sunt,
380 2771 421 2816 ne
444 2751 508 2817 iam
539 2753 573 2817 in
602 2758 718 2818 tenera
747 2757 859 2819 aetate
882 2774 903 2818 a
926 2751 1130 2818 confessione
1153 2753 1391 2828 deterreantur,

64 2841 122 2906 sed
153 2844 191 2906 ut
221 2841 330 2924 potius
361 2840 393 2904 in
424 2861 464 2906 ea
493 2841 734 2923 frequentanda
764 2841 984 2919 delectentur3
1015 2840 1180 2908 tractandi
1210 2845 1288 2905 sunt
1318 2861 1391 2904 cum

10 3006 12 3021 Ι
63 2932 183 2995 sancta
213 2931 398 3011 gravitate,
432 2951 473 2996 ne
496 2931 550 2995 vel
573 2929 637 3014 ipsi
659 2931 775 2996 molles
807 2932 889 2996 fiant
912 2931 966 2996 vel
989 2929 1208 2995 confessarius
1232 2928 1392 2994 sensuali·

63 3020 146 3085 tatis
170 3018 277 3084 labem
301 3017 485 3085 contrahat.

155 3115 194 3181 R.
220 3119 250 3182 2.
296 3116 482 3182 Instruendi
513 3121 591 3184 sunt
620 3121 654 3183 et
677 3117 710 3182 in
733 3117 806 3201 ipsa
838 3116 1041 3182 confessione
1069 3115 1322 3192 manuducendi,
1353 3120 1392 3181 ut

62 3210 258 3272 assuescant
288 3205 437 3271 ordinate
467 3211 501 3272 et
530 3205 658 3289 integre
688 3206 864 3272 secundum
897 3226 1067 3271 numerum
1090 3209 1125 3270 et
1147 3202 1288 3287 speciem
1313 3223 1391 3268 con·
1450 3231 1451 3234 ¹

63 3294 161 3360 fiteri.
193 3294 266 3360 Nisi
283 3294 367 3359 enim
385 3316 405 3359 a
420 3295 543 3361 teneris
559 3295 653 3361 annis
669 3316 792 3361 morem
808 3295 872 3362 rite
893 3294 1068 3361 confitendi
1083 3293 1257 3370 induerint,
1274 3297 1391 3377 postea
1414 3335 1415 3340 κ

10 3426 14 3476 ‚
63 3405 139 3450 eum
163 3382 340 3450 difficulter
363 3384 499 3450 discent.

154 3480 194 3548 R.
219 3483 249 3547 3.
296 3480 385 3547 Ante
407 3482 517 3547 omnia
546 3481 672 3548 attendi
696 3482 809 3560 debet,
840 3485 878 3547 ut
907 3502 980 3546 oum
1010 3501 1089 3546 vero
1120 3480 1231 3545 dolore
1258 3484 1292 3547 et
1315 3501 1391 3564 pro·

10 3575 13 3625 l
62 3570 172 3654 posito
196 3570 433 3636 emendationis
449 3571 610 3637 confessio
626 3571 828 3638 instituatur.
860 3570 997 3636 Puerilis
1013 3576 1107 3637 aetas
1122 3591 1164 3634 ex
1180 3591 1246 3635 una
1261 3569 1390 3651 quidem

63 3666 161 3744 parte
183 3663 319 3744 propter
342 3660 460 3726 mentis
482 3661 732 3726 instabilitatem
755 3660 990 3743 levitatemque
1014 3659 1113 3726 animi
1136 3658 1314 3742 periculum
1339 3680 1391 3724 se·

10 3748 12 3785 ¹
62 3770 138 3813 cum
160 3747 244 3826 fert,
274 3769 316 3813 ne
339 3750 420 3815 satis
443 3749 529 3814 serio
553 3750 646 3815 dolor
668 3754 702 3816 et
724 3750 926 3834 propositum
957 3749 1175 3833 concipiatur,
1207 3770 1309 3830 quare
1333 3748 1391 3813 ad·

10 3882 14 3933 ,
62 3837 219 3904 iutorium
243 3837 433 3903 confessarii
458 3860 523 3903 non
538 3860 613 3904 raro
630 3839 789 3922 exigitur3
814 3840 979 3905 exaltare
998 3842 1219 3922 autemparte
1241 3842 1390 3904 tenerum

62 3926 208 3992 animum
225 3927 383 3993 veritates
406 3933 562 3993 aeternae
585 3932 685 4010 atque
707 3929 768 3993 Dei
791 3928 975 4010 Christique
991 3928 1113 3993 caritas
1135 3926 1290 3992 facillime
1313 3947 1390 4008 gra·

10 4040 13 4079 r
62 4015 152 4081 viter
175 4016 367 4100 percellunt,
392 4016 440 4082 ita
463 4024 500 4082 ut
522 4017 611 4082 facili
635 4018 767 4099 negotio
792 4018 833 4083 ad
849 4017 1099 4083 instructionem
1122 4021 1156 4082 et
1179 4016 1390 4081 monitionem

63 4105 272 4183 confessarii,
304 4106 357 4188 qui
388 4106 513 4171 motiva
542 4114 721 4191 proponat,
752 4107 863 4171 vivum
893 4107 1038 4172 dolorem
1069 4105 1253 4188 aeriamque
1280 4125 1390 4169 emen-

10 4202 13 4239 l
62 4193 163 4259 dandi
186 4195 392 4260 voluntatem
416 4195 611 4278 concipiant.

153 4296 194 4364 R.
218 4300 250 4363 4.
282 4297 507 4362 Confessarius
531 4319 571 4362 ne
588 4299 721 4365 omittat
736 4299 922 4383 prospicere
945 4320 1021 4363 num
1039 4297 1130 4381 pueri
1146 4302 1239 4362 recta
1255 4300 1391 4362 utantur
1400 4309 1453 4363 590

62 4386 274 4452 conscientia.
322 4386 407 4451 Nam
432 4408 496 4451 non
520 4408 595 4452 raro
626 4388 745 4454 accidit
767 4391 804 4453 ut
827 4387 897 4453 sive
925 4387 1010 4452 falsa
1033 4385 1224 4452 educatione
1248 4385 1318 4449 sive
1341 4385 1391 4448 iu·

62 4475 139 4540 dicii
162 4474 352 4541 infirmitate
375 4476 520 4542 habeant
549 4499 608 4560 pro
632 4499 667 4542 re
697 4478 793 4559 gravi
823 4498 907 4560 quae
939 4477 972 4541 in
1002 4498 1038 4542 se
1069 4475 1199 4541 omnino
1222 4474 1305 4539 levis
1328 4480 1389 4540 cst.

61 4564 124 4641 Qui
148 4584 241 4629 error
263 4566 361 4648 plane
384 4566 562 4650 exstirpari
586 4567 700 4646 debet,
733 4567 796 4632 etsi
826 4567 913 4632 forte
936 4566 1108 4631 levitatem
1132 4563 1237 4628 edocti
1263 4563 1392 4628 facilius

62 4660 97 4721 et
127 4654 258 4739 saepius
288 4655 495 4733 relabantur,
526 4655 685 4737 siquidem
715 4656 821 4721 minus
848 4656 968 4720 malurn
994 4659 1046 4721 est
1074 4658 1232 4719 sexcenta
1255 4657 1392 4737 peccata
