3044 5174
147 298 214 362 230
604 291 808 347 Sacramentum
828 292 1020 363 paenitentiae.

237 471 276 536 R.
302 472 332 536 3.
365 467 505 534 Omissio
529 469 750 553 paenitentiae
766 470 799 535 in
816 474 954 551 utroque
970 472 1043 534 erat
1064 471 1235 551 peccatum
1258 469 1343 534 leve.
1376 466 1474 534 Ratio

146 559 182 625 in
204 560 313 643 priore
337 563 388 623 est
412 558 497 639 quod
522 579 602 642 opus
625 558 658 623 in
678 580 713 623 se
737 559 867 642 quidem
882 579 985 640 grave
1008 579 1067 642 pro
1083 556 1205 622 veniali
1220 561 1359 641 peccato
1376 557 1475 622 adeo·

147 670 211 731 que
235 648 295 713 sub
319 646 440 712 veniali
463 652 594 714 tantum
616 647 741 730 iniungi
764 647 888 732 potuit;
912 647 997 712 ratio
1021 647 1055 712 in
1077 646 1259 731 posteriore
1283 646 1475 729 paenitente

147 742 200 803 est
234 736 320 819 quod
359 757 441 819 opus
474 736 681 821 impositum,
721 741 837 821 utpote
875 737 967 816 leve,
1008 736 1121 819 gravis
1160 734 1371 818 obligationis
1411 756 1474 800 non

147 829 221 893 erat
244 847 359 910 capax.

237 941 277 1007 R.
301 943 332 1007 4.
380 940 597 1006 Commutatio
621 962 718 1023 quam
742 941 903 1006 secundus
927 940 1145 1006 confessarius
1176 939 1303 1005 fecerat
1325 938 1360 1003 in
1384 943 1475 1006 utro-

146 1051 210 1112 que
235 1051 313 1095 casu
336 1032 410 1095 erat
432 1030 653 1096 rationabilis:
677 1030 835 1115 inpriore
858 1029 934 1112 quia
956 1035 1126 1113 peccatum
1142 1028 1272 1095 veniale
1295 1029 1473 1094 secundum

146 1119 277 1202 praxim
300 1117 490 1184 hodiernam
513 1140 578 1184 non
602 1119 688 1185 solet
711 1119 834 1185 maiore
857 1118 1095 1186 satisfactionis
1118 1139 1217 1203 opere
1240 1117 1419 1200 castigari;
1443 1118 1474 1183 in
1518 1200 1520 1205 Ι

147 1209 329 1292 posteriore
360 1207 437 1289 quia
471 1207 604 1273 secundi
636 1209 827 1273 confessarii
863 1229 928 1273 non
959 1213 1032 1275 erat
1061 1209 1214 1292 supplere
1244 1206 1412 1273 defectum
1443 1209 1475 1272 in
1518 1210 1520 1249 ³

147 1319 298 1363 incasura
321 1296 544 1380 paenitentiae
567 1298 740 1380 impositae
764 1319 911 1363 seusam
928 1297 969 1362 ad
986 1298 1106 1364 iustam
1122 1317 1195 1362 curn
1216 1297 1365 1381 peccatis
1380 1317 1476 1362 aecu-

146 1387 230 1452 satis
259 1386 503 1470 proportionem
534 1407 674 1468 augere,
710 1386 769 1452 sed
798 1386 1000 1452 solummodo
1031 1407 1134 1469 usque
1163 1386 1208 1452 ad
1240 1385 1476 1467 aequalitatem

147 1481 291 1554 mutare;
316 1474 403 1556 quod
426 1496 462 1540 re
486 1496 566 1541 vera
589 1476 677 1542 fecit.

307 1685 392 1751 PRO
416 1685 721 1752 ΡΑΕΝΙΤΕΝΤΙΑ
745 1685 855 1752 OPUS
879 1685 1079 1752 ALIUNDE
1102 1685 1314 1752 DRBITUM.

705 1852 815 1919 Casus.
837 1860 914 1928 (114)

238 1991 389 2050 Tiburtius
411 1992 442 2050 in
463 1992 612 2068 angustiis
640 1993 756 2071 positus
785 1999 831 2052 est
858 1992 926 2069 quid
955 1991 1087 2067 imponat
1117 2010 1170 2067 pro
1197 1990 1385 2068 paenitentia
1407 1992 1478 2051 viris

146 2071 293 2147 operariis
314 2072 364 2148 qui
385 2073 500 2146 ingenti
520 2078 709 2149 peccatorum
732 2093 821 2132 onere
842 2078 912 2131 sunt
933 2071 1042 2141 onusti,
1065 2071 1117 2130 sed
1132 2070 1181 2148 qui
1196 2071 1233 2130 ad
1254 2073 1380 2131 multum
1396 2093 1478 2132 eran-

146 2153 217 2210 dum
238 2171 271 2210 se
292 2171 349 2211 non
372 2152 482 2210 habere
502 2158 619 2229 tempus
641 2153 752 2222 dicunt,
775 2153 810 2211 ad
833 2152 1021 2211 ieiunandum
1036 2171 1095 2211 non
1111 2152 1217 2211 adesse
1231 2151 1321 2221 vires,
1346 2152 1384 2211 ad
1406 2153 1478 2212 elee-

146 2252 289 2306 mosynas
317 2232 471 2291 faciendas
499 2233 603 2292 deesse
631 2233 807 2292 facultates:
838 2234 952 2291 deinum
980 2231 1104 2309 imponit
1131 2251 1224 2307 usque
1246 2232 1283 2291 ad
1306 2239 1477 2309 sequentem

146 2312 367 2371 confessionem
387 2312 508 2371 missam
531 2313 743 2372 dominicalem.

228 2408 313 2466 Alias
334 2408 466 2467 feliciore
487 2409 634 2468 industria
655 2428 688 2467 se
709 2408 753 2467 uti
768 2426 857 2484 posse
871 2406 1059 2466 recordatur:
1082 2406 1219 2466 nimirum
1240 2407 1366 2484 imponit
1381 2408 1478 2485 paeni·

146 2486 224 2546 tenti
245 2493 278 2546 ut
298 2489 404 2547 recitet
426 2489 472 2547 die
493 2509 517 2548 s.
539 2488 753 2547 communionis
774 2487 987 2547 oratiunculam
1010 2488 1127 2564 Enopa
1156 2507 1221 2546 cum
1243 2487 1324 2546 trina
1345 2489 1478 2548 oratione
1518 2530 1520 2539 .

148 2567 305 2626 Dominica
331 2575 360 2627 et
382 2569 527 2643 Angelica
555 2568 735 2627 salutatione
763 2568 800 2627 ad
827 2568 1022 2626 intentionem
1042 2587 1065 2626 s.
1087 2567 1251 2643 pontificis:
1281 2568 1390 2644 quibus
1418 2588 1479 2629 ora·

148 2647 280 2706 tionibus
302 2667 366 2706 curn
389 2669 524 2707 annexae
546 2649 606 2707 sint
626 2648 778 2724 plenariae
799 2647 1012 2722 indulgentiae,
1033 2647 1107 2704 nihil
1128 2648 1272 2724 reliquum
1294 2668 1381 2720 esse,
1404 2649 1479 2725 quod

147 2729 359 2787 sacramentali
379 2729 563 2805 paenitentia
583 2728 723 2803 indigeat.

150 2848 328 2919 Quaaarrun
351 2854 379 2910 1⁰
400 2852 555 2929 possintne
584 2852 703 2911 aliunde
732 2851 832 2911 debita
861 2871 927 2911 esse
948 2872 1001 2929 pro
1029 2851 1236 2911 satisfactione
1258 2853 1478 2912 sacramentali.

352 2952 382 3007 2⁰
402 2950 536 3025 possitne
557 2951 714 3026 paenitens
735 2969 788 3026 per
803 2970 893 3026 opera
908 2949 1026 3009 aliunde
1041 2948 1226 3026 praescripta
1241 2950 1479 3010 satisfactionem

402 3031 649 3089 sacramentalem
671 3031 774 3089 eiusve
795 3035 910 3108 partem
931 3050 984 3106 pro
1007 3030 1157 3088 exstincta
1177 3030 1297 3090 habere.

353 3129 382 3186 3⁰
403 3134 522 3187 rectene
543 3134 665 3205 propter
692 3129 856 3205 plenariam
877 3128 1089 3204 indulgentiam
1122 3129 1290 3188 satisfactio
1312 3149 1479 3188 sacramen·

401 3208 471 3267 talis
493 3208 553 3267 alia
574 3209 735 3267 omittatur.

353 3307 383 3363 4⁰
404 3307 471 3381 quid
493 3307 584 3383 igitur
605 3306 641 3365 de
662 3306 788 3365 'tiburtii
807 3306 961 3365 industriis
982 3307 1176 3367 sentiendum.

749 3497 885 3565 Salutio.

89 3653 143 3707 396
242 3634 295 3700 An
319 3658 510 3713 ouausmun
536 3641 573 3702 1·
597 3638 635 3703 R.
656 3641 684 3703 l.
716 3637 818 3703 Posse
842 3637 1078 3703 confessarium
1102 3658 1203 3722 opera
1226 3637 1359 3705 aliunde
1383 3661 1478 3724 prae·

153 3725 277 3810 scripta
301 3726 432 3792 elevare
455 3728 497 3792 ad
521 3725 784 3794 satisfactionem
808 3727 1081 3793 sacramentalem
1105 3732 1157 3793 est
1181 3730 1361 3795 communis
1385 3729 1478 3796 theo·

153 3815 302 3897 logerum
335 3817 499 3884 sententia
530 3822 647 3882 contra
678 3837 817 3900 paucos:
852 3817 883 3882 S.
915 3816 1112 3899 Alplrons.
1138 3816 1202 3895 VI,
1236 3820 1310 3884 513.
1359 3819 1405 3886 Et
1436 3857 1479 3866 -

154 3905 240 3987 quod
269 3904 344 3970 iude
374 3906 521 3988 sequitur
551 3942 594 3949 —
624 3926 727 3988 opera
759 3905 890 3971 aliunde
920 3905 1125 3989 praescripta
1157 3928 1216 3988 pro
1249 3907 1478 3975 satisfactione

152 3995 385 4060 sacramentali
415 3997 542 4078 iniunpi
571 4016 668 4077 posse
696 4015 716 4059 a
746 3995 910 4078 plerisque
941 3995 1084 4061 docetur.
1132 3994 1223 4071 Quod
1253 3996 1282 4061 si
1304 3998 1359 4076 fit,
1394 3997 1479 4062 idem

153 4105 235 4167 epus
259 4083 384 4148 duabus
401 4083 654 4166 obligationibus
671 4084 817 4160 debetur,
842 4083 993 4148 similiter
1008 4106 1047 4149 ac
1063 4084 1090 4148 si
1110 4085 1152 4149 ad
1169 4106 1372 4151 communem
1398 4087 1478 4152 obli·

154 4173 321 4255 gationem
345 4172 502 4254 obligatio
526 4173 596 4238 voti
621 4173 774 4247 accedat;
807 4178 906 4254 atque
936 4173 1123 4239 voluntaria
1146 4175 1216 4239 eius
1246 4175 1356 4258 operis
1380 4176 1478 4241 emis·

152 4261 246 4327 sione
269 4262 332 4327 duo
355 4267 493 4346 peccata
515 4262 623 4344 specie
647 4262 803 4327 distincta
826 4262 1083 4329 committuntur.

244 4378 282 4444 R.
308 4382 338 4444 2.
385 4377 604 4443 Nihilominus
627 4378 683 4443 ille
707 4378 826 4459 agendi
850 4378 1008 4443 medusa
1032 4376 1232 4447 confessario
1256 4400 1321 4444 non
1346 4384 1399 4448 est
1423 4381 1479 4446 ad·

154 4467 313 4532 hibendus
337 4467 398 4532 nisi
430 4471 468 4532 ut
496 4467 674 4532 remedium
698 4467 898 4533 infirmitatis
922 4467 1139 4550 paenitentis,
1170 4468 1290 4534 saltem
1321 4470 1349 4535 si
1380 4490 1479 4555 opera

155 4556 286 4621 aliunde
310 4557 375 4621 iarn
407 4557 517 4623 debita
547 4560 675 4622 statuat
698 4578 757 4640 pro
788 4556 958 4639 potissima
989 4557 1215 4623 satisfactione
1246 4559 1479 4627 sacramentali

155 4646 318 4719 iniuncta;
343 4646 441 4710 immo
466 4646 565 4712 etiam
590 4650 659 4711 tum
685 4646 818 4728 expedit
842 4646 982 4724 omnino,
1008 4650 1044 4711 ut
1060 4646 1218 4728 adiungat
1241 4647 1377 4731 aliquod
1401 4671 1481 4735 opus
