3044 5174
118 277 160 339 24
570 272 611 327 De
630 272 809 328 moramentis
827 272 986 341 generatim.

117 442 245 507 occulte
260 445 364 525 petat,
388 461 454 506 non
470 440 663 524 deneganda
678 441 706 506 si
728 440 857 525 publice
872 445 981 524 petat3
1005 440 1171 524 peccatori
1186 445 1297 507 autem
1313 441 1442 526 publico

117 536 324 597 sacramenta
354 531 547 612 deneganda
576 552 665 606 esse,
696 530 767 596 sive
797 531 922 595 occulte
945 530 1016 595 sive
1046 530 1174 613 publice
1203 534 1314 613 petat,
1346 530 1442 613 idque

117 625 185 686 tam
210 619 264 684 diu
288 619 442 701 quamdiu
458 641 523 684 non
546 620 673 685 dederit
696 619 824 704 publico
848 619 956 702 aliquo
973 619 1067 684 modo
1084 620 1179 700 sigua
1195 620 1441 686 emendationis.

206 708 313 786 Quare
338 707 392 790 qui
415 709 579 791 publicum
604 708 793 774 scandalum
818 709 897 773 dare
920 709 1038 792 pergit,
1064 729 1083 772 a
1104 708 1319 774 sacramentis
1343 731 1443 793 gene·

117 797 215 863 ratim
246 797 467 862 excludendus
497 802 548 863 est
578 798 679 863 donec
708 797 871 882 publicum
902 798 1090 863 scandalum
1115 797 1331 881 reparaverit.
1384 799 1442 863 Pro

117 887 255 953 articulo
279 886 394 951 mortis
418 890 545 964 autem,
576 889 694 954 saltem
717 887 822 953 relate
845 887 886 952 ad
910 886 1164 963 absolutionem,
1193 891 1305 953 manet
1327 888 1443 970 regula

117 975 355 1042 absolutionem
378 977 519 1041 dandam
543 997 626 1052 esse,
651 977 875 1042 condicionate
898 977 1030 1049 saltem,
1055 978 1211 1060 quamdiu
1234 999 1298 1041 nou
1322 986 1443 1043 constat

117 1066 155 1130 de
171 1067 373 1152 iudiqm'tcte.
390 1103 434 1112 -
450 1064 497 1132 df.
515 1065 546 1131 S.
564 1065 682 1148 Alph.
700 1064 757 1142 VI,
774 1068 817 1129 43
833 1086 921 1147 sqq.;
946 1063 1310 1132 Ballerini-Palm.
1328 1071 1372 1132 tr.
1392 1070 1441 1143 10,

117 1176 142 1221 s.
171 1158 198 1233 1,
224 1176 255 1223 n.
280 1156 322 1218 52
339 1174 427 1237 sqq.;
453 1153 634 1219 Laoroix
656 1154 677 1220 l.
704 1157 734 1232 6,
759 1176 789 1238 p.
817 1157 845 1230 1,
870 1175 900 1220 n.
928 1156 1113 1219 lor-143.

73 1293 107 1346 34
206 1278 259 1342 An
283 1297 474 1352 ouaasrruu
499 1280 547 1342 2².
591 1277 790 1361 Supponitur
813 1298 907 1354 nunc,
932 1277 965 1341 in
989 1297 1066 1341 casu
1090 1276 1202 1354 allato,
1228 1278 1386 1344 Bertham
1410 1283 1443 1343 et

117 1365 230 1431 Caium
252 1365 395 1430 noluisse
419 1365 471 1430 vel
496 1386 560 1431 nou
582 1367 727 1448 potuisse
750 1366 832 1432 inire
855 1365 1106 1431 matrimonium.
1154 1366 1206 1430 Ex
1237 1367 1298 1431 hac
1322 1389 1442 1451 suppo-

117 1455 235 1522 sitione
258 1454 342 1520 dabo
366 1456 417 1519 bic
440 1475 639 1539 responsum.

207 1560 244 1628 R.
269 1560 371 1642 igitur
390 1564 417 1627 1.
451 1561 553 1626 Recte
576 1561 677 1643 igitur
700 1560 768 1642 egit
789 1561 894 1626 Titius
917 1561 1078 1645 parochus
1102 1561 1251 1643 negando
1275 1561 1441 1628 viaticum.

117 1650 237 1733 Agitur
268 1649 353 1715 enim
386 1651 426 1715 de
458 1649 587 1733 publica
615 1650 814 1734 peccatrice,
848 1670 931 1733 quae
962 1651 1151 1715 scandalum
1182 1672 1336 1734 reparare
1367 1672 1444 1735 pro-

117 1739 304 1821 ximamque
328 1739 532 1804 occasionem
556 1759 724 1804 removere
747 1760 811 1804 non
835 1740 916 1806 vult.
963 1740 1079 1821 Neque
1103 1739 1184 1805 satis
1208 1743 1259 1805 est
1286 1740 1443 1805 exhibere

118 1829 306 1894 schedulam
331 1827 544 1893 confessionis
567 1832 732 1912 peractae.
768 1829 831 1893 Per
854 1849 926 1893 eam
951 1829 1036 1893 enim
1060 1829 1093 1893 in
1117 1833 1229 1894 nostro
1254 1849 1332 1894 casu
1348 1851 1444 1896 scan-

119 1917 228 1982 dalum
250 1916 437 1982 nullatenus
460 1920 644 2001 reparatur.
682 1917 862 1983 Attestatio
887 1917 1099 1983 confessionis
1122 1923 1277 2001 peractae
1300 1919 1444 1983 nondum

119 2010 170 2072 est
199 2005 329 2088 signum
353 2006 566 2072 absolutionis
590 2012 759 2090 receptae3
791 2027 894 2088 neque
926 2007 966 2071 de
990 2027 1029 2071 ea
1052 2007 1086 2070 in
1109 2005 1322 2072 confessionis
1346 2007 1442 2074 testi-

118 2095 271 2161 ficatione
294 2116 401 2160 sermo
425 2115 497 2160 esse
519 2099 640 2179 potest.
686 2095 827 2173 Verum,
852 2095 914 2162 etsi
938 2095 1099 2161 absolutio
1124 2095 1201 2161 data
1226 2100 1329 2173 esset,
1355 2101 1443 2161 esset

118 2188 242 2249 temere
258 2182 346 2260 data,
369 2205 476 2265 neque
492 2189 667 2268 propterea
682 2185 842 2267 parochus
858 2183 1070 2267 impediretur
1085 2184 1255 2265 quominus
1274 2186 1442 2267 postulare

118 2277 230 2357 posset
254 2277 288 2339 et
318 2273 451 2339 deberet
480 2273 601 2357 publici
624 2273 770 2338 scandali
793 2273 1021 2351 remotionem,
1053 2277 1229 2356 antequam
1257 2274 1297 2338 de
1320 2275 1442 2342 viatico

119 2366 283 2445 ageretur.

208 2450 339 2516 Rituale
355 2450 538 2515 Romanum
560 2450 697 2532 loquens
721 2452 761 2516 de
776 2450 999 2516 communione
1015 2451 1214 2516 infirmorum
1233 2452 1314 2517 haec
1329 2453 1442 2519 habet:

124 2539 306 2618 „Viaticum
330 2539 543 2605 sacratissimi
560 2538 712 2624 Corporis
727 2540 766 2605 D.
784 2539 825 2605 N.
844 2540 868 2605 1.
885 2540 918 2606 C.
939 2562 1064 2606 summo
1081 2541 1188 2606 studio
1212 2562 1251 2605 ac
1274 2541 1445 2624 diligentia

119 2627 368 2710 aegrotantibus
392 2633 575 2712 opportuno
598 2635 745 2712 tempore
769 2629 1006 2712 procurandum
1023 2635 1083 2707 est,
1107 2651 1148 2694 ne
1171 2629 1257 2695 forte
1274 2631 1445 2714 contingat

120 2717 193 2782 illos
216 2722 310 2784 tanto
334 2718 418 2783 bono
442 2717 576 2801 parochi
599 2717 724 2783 incuria
747 2717 894 2802 privatos
918 2718 1083 2783 decedere.
1122 2719 1310 2784 Cavendum
1334 2726 1444 2786 autem

118 2806 278 2890 imprimis
302 2810 353 2872 est
376 2827 417 2871 ne
440 2808 482 2872 ad
512 2806 663 2888 indignos
686 2828 759 2872 cum
783 2808 920 2872 aliorum
943 2807 1097 2872 scandalo
1122 2807 1305 2884 deferatur3
1337 2811 1445 2896 quoles

120 2904 194 2962 suut
219 2896 343 2982 publici
371 2899 520 2962 usurarii
525 2947 535 2980 ‚
567 2896 803 2978 concubinarii,
835 2897 962 2962 notorie
992 2895 1187 2961 criminosi.
1214 2949 1221 2962 .
1248 2949 1254 2963 .
1279 2897 1340 2961 nisi
1373 2919 1444 2963 sese

120 2985 210 3069 prius
240 3006 334 3050 sacra
362 2985 565 3050 confessione
595 2985 809 3069 purgaverint
839 2994 866 3051 et
891 2986 1040 3072 publicae
1069 2985 1251 3069 offensioni,
1280 2995 1378 3071 prout
1408 2989 1445 3051 de

121 3077 200 3157 iure,
225 3072 468 3156 satisfecerint.“

209 3180 249 3249 R.
275 3184 305 3248 2.
344 3180 451 3257 Quare
476 3201 516 3245 ne
538 3185 655 3263 postea
678 3180 817 3263 quidem,
842 3202 915 3245 cum
938 3180 1045 3247 Titius
1068 3181 1110 3245 ad
1133 3180 1290 3247 Bertham
1313 3180 1444 3246 iamiam

121 3269 314 3336 morituram
330 3274 516 3345 vocaretur,
542 3268 697 3334 viaticum
718 3269 1010 3335 administrandum
1028 3274 1109 3347 erat,
1134 3270 1194 3335 nisi
1210 3270 1335 3336 Bertha
1351 3271 1446 3354 signa

121 3357 265 3423 dedisset
295 3378 330 3423 se
354 3380 396 3424 ex
426 3379 485 3424 sua
515 3361 610 3441 parte
634 3358 719 3423 velle
749 3359 942 3443 abrumpere
972 3360 1220 3425 concubinatum
1248 3381 1348 3443 seque
1373 3382 1445 3427 eum

120 3469 205 3512 nunc
229 3447 397 3514 detestari.
444 3446 516 3512 Nisi
540 3446 625 3511 eninr
649 3447 710 3513 hoc
733 3448 841 3530 aliquo
865 3449 961 3514 modo
985 3450 1115 3531 probari
1138 3449 1290 3531 potuerit,
1316 3457 1390 3518 erat
1413 3457 1446 3516 et

122 3540 233 3602 manet
267 3537 457 3602 scandalum
489 3535 647 3601 viaticum
681 3537 722 3601 ad
754 3538 911 3602 Bertbam
946 3537 1082 3602 deferre.
1137 3537 1173 3601 Id
1205 3560 1303 3602 unum
1338 3541 1446 3623 potuit

121 3625 227 3690 Titius
250 3625 360 3691 facere
385 3630 422 3692 ut
436 3625 588 3701 Berthae‚
614 3646 697 3706 quae
722 3626 843 3690 nullum
868 3625 997 3706 signum
1014 3630 1160 3691 mutatae
1177 3627 1358 3692 voluntatis
1383 3630 1445 3693 iam

122 3715 200 3779 dare
223 3719 371 3798 poterat,
402 3715 459 3779 sed
487 3714 625 3797 fortusse
648 3734 683 3779 re
711 3714 782 3797 ipsa
805 3736 841 3778 se
864 3719 1068 3789 mutaverat,
1100 3715 1157 3779 sub
1182 3718 1365 3781 condicione
1390 3718 1446 3782 ab·

122 3804 314 3870 solutionem
347 3805 441 3870 daret
465 3803 518 3868 vel
549 3804 649 3869 etiam
679 3803 707 3868 si
737 3803 885 3868 sensibus
913 3808 986 3869 erat
1017 3803 1176 3870 destituta
1199 3827 1224 3869 s.
1250 3805 1445 3880 unctionem,

122 3893 288 3958 admonito
312 3895 431 3977 populo
455 3893 606 3957 effectum
635 3892 763 3973 quidem
788 3913 860 3957 esse
884 3892 980 3957 valde
1004 3893 1151 3969 dubium,
1183 3893 1392 3959 nihilominus
1415 3896 1447 3958 in

122 4003 200 4046 casu
230 3986 300 4047 tam
333 3982 507 4065 desperato
537 3980 734 4058 Ecclesiam,
768 3981 855 4065 piam
885 3987 1040 4059 matrem,
1074 4004 1138 4046 non
1168 3983 1339 4066 prohibere
1371 3985 1446 4066 quin

122 4076 272 4137 extrema
295 4070 393 4135 etiam
418 4074 597 4136 tententur.

212 4177 250 4243 R.
276 4181 306 4242 3.
354 4176 388 4242 Si
418 4180 529 4242 autem
553 4177 706 4242 voluntas
730 4178 873 4243 Berthae
903 4182 1032 4244 mutatu
1061 4199 1240 4262 perunum
1264 4179 1447 4244 alterumve

123 4270 241 4332 testem
265 4266 396 4350 probari
427 4269 574 4350 poterat,
605 4266 691 4332 Titio
715 4266 806 4330 licuit
829 4289 855 4331 s.
880 4266 1034 4332 viaticum
1059 4268 1100 4332 ad
1125 4275 1294 4349 aegrotam
1319 4268 1448 4335 deferre

123 4355 217 4436 eique
241 4355 339 4420 etiam
363 4355 510 4420 sensibus
539 4355 733 4432 destitutae,
764 4356 944 4439 praemisse
968 4358 1009 4421 ad
1033 4358 1194 4422 cautelam
1220 4358 1448 4425 condicioneta

124 4445 337 4522 absolutione,
362 4466 387 4511 s.
412 4442 570 4510 viaticum
594 4445 759 4528 praebere.
802 4444 922 4521 Quodsi
947 4446 1032 4510 enim
1056 4447 1199 4511 Berthae
1223 4446 1448 4530 resipiscentia

124 4533 254 4616 publica
277 4533 418 4598 nondum
441 4533 557 4610 fuerit,
588 4539 721 4615 poterat
750 4538 860 4600 tamen
884 4557 943 4618 per
966 4540 1069 4600 testes
1093 4536 1183 4600 brevi
1214 4537 1344 4618 publica
1368 4536 1446 4602 fieri.

124 4622 215 4697 Quod
239 4623 273 4688 in
288 4622 425 4688 articulo
441 4622 556 4688 mortis
580 4622 731 4688 sufficere
754 4624 861 4700 debet,
886 4630 923 4690 ut
946 4630 1153 4690 sacramenta
1169 4625 1448 4695 administrentur.
