3044 5174
339 284 537 356 Inpedimenta
554 284 719 339 matrimonii
737 283 907 340 dirimentis:
926 284 1053 351 Crimina,
1072 290 1177 357 raptus.
1357 293 1420 357 561

91 482 170 529 cum
182 462 268 546 Syra
279 462 411 546 proprio
423 465 529 528 marte
543 482 662 528 sanare
677 483 741 528 non
757 466 877 545 potest,
895 462 1022 528 etiamsi
1040 464 1236 530 antecedens
1253 466 1423 550 promissio

91 551 228 620 deiectu
251 550 452 617 sinceritatis
475 552 593 616 affecta
618 554 715 630 esset,
740 550 899 634 siquidem
924 557 1142 630 ,attentatum
1159 555 1420 621 matrimonium“

90 640 168 707 loco
191 636 415 725 promissionis
439 639 560 705 crimen
584 639 737 707 adulterii
761 641 903 724 complet
934 641 976 706 ad
1002 642 1263 708 constituendum
1288 644 1424 728 impedi·

91 733 242 797 mentum
266 728 431 796 dirimens.

185 839 217 903 4.
248 834 357 902 Aliter
386 834 557 901 dicendum
588 839 656 912 est,
688 833 732 912 si,
764 834 927 901 defunctis
951 843 985 902 et
1008 838 1114 920 prima
1144 860 1246 904 uxore
1272 843 1305 905 et
1329 840 1422 923 Syra,

92 925 292 992 Cunibertus
318 924 474 990 Theclam
504 923 577 990 vult
607 924 734 990 ducere.
788 923 825 989 ln
856 946 919 1008 quo
950 946 1027 990 casu
1059 925 1215 1009 distingui
1245 928 1357 994 debet:
1390 928 1424 994 Si

93 1013 294 1081 adulterium
310 1035 383 1079 cum
398 1013 520 1079 Thecla
542 1012 681 1114 primum
705 1011 833 1090 accidit,
858 1035 931 1079 cum
955 1015 1214 1171 promissionemt
1226 1016 1423 1083 matrimonii

92 1104 161 1170 iam
191 1101 328 1169 iecisset
350 1102 471 1187 Syrae,
502 1101 648 1168 anterior
675 1101 847 1186 promissio
871 1102 1011 1168 Theclae
1041 1103 1147 1182 facta,
1181 1106 1309 1171 etiamsi
1338 1106 1424 1172 seria

91 1193 173 1276 fuit,
206 1194 318 1258 censet
318 1212 358 1257 ur
387 1212 473 1256 nunc
503 1211 576 1256 esse
606 1194 790 1257 retractata
813 1194 912 1273 atque
935 1192 984 1258 ita
1015 1215 1079 1259 uon
1111 1155 1252 1278 sinplius
1283 1197 1424 1280 complet

93 1280 293 1348 adulterium
319 1301 392 1346 cum
417 1301 458 1346 ea
479 1279 626 1346 habitum
650 1280 691 1345 ad
708 1285 802 1346 const
787 1280 970 1347 ittuendum
994 1281 1207 1367 impediment
1207 1305 1275 1359 um;
1299 1284 1425 1350 inducit

92 1370 380 1456 impedimentum,
411 1369 440 1435 si
462 1372 538 1454 post
560 1368 807 1452 promissionem
832 1369 917 1434 serio
941 1369 1065 1437 iactam
1096 1392 1168 1437 cum
1200 1394 1239 1438 ea
1263 1373 1423 1457 peccavit,

94 1465 274 1543 antequam
298 1459 402 1543 Syros
424 1456 666 1525 matrimonium
689 1458 907 1541 promitteret.

186 1565 226 1633 R.
252 1566 298 1631 od
320 1569 455 1632 atterum
479 1586 597 1631 cusum
644 1563 717 1629 Nisi
746 1564 813 1629 dux
843 1563 898 1630 ille
921 1564 1073 1631 militaris
1096 1588 1168 1631 cunr
1193 1568 1324 1633 Getulis
1349 1590 1425 1633 con·
1434 1585 1457 1638 9ι

94 1654 238 1740 spiravit
269 1653 303 1720 in
335 1653 539 1720 inferendam
572 1653 667 1718 uxori
700 1674 779 1718 suae
812 1674 943 1732 necem,
976 1675 1035 1720 seu
1067 1655 1128 1721 nisi
1161 1656 1260 1722 etiam
1294 1658 1425 1724 Getulis

94 1744 192 1812 istius
227 1742 433 1826 coniugicidii
470 1762 528 1807 rea
565 1742 628 1820 sit,
667 1741 933 1844 impedimentum
973 1743 1127 1810 dirimens
1165 1766 1229 1810 non
1265 1747 1386 1812 subsist
1372 1747 1423 1812 tit.

95 1834 205 1900 Aliter
239 1853 280 1898 ne
315 1833 472 1897 habemus
513 1792 641 1914 quiderir
682 1832 804 1897 crimen
848 1853 929 1909 ,uno
969 1836 1158 1917 patrante&
1197 1834 1330 1919 insuper
1368 1836 1424 1900 ille

99 1924 288 2008 ,patrans“,
321 1942 393 1986 cum
428 1921 551 1987 crimen
584 1921 822 1997 committeret,
858 1943 924 1986 non
959 1927 1032 1988 erat
1066 1923 1263 1989 christianus
1296 1925 1422 2000 factus;

95 2014 298 2096 quapropter
330 2011 405 2093 lege
440 2009 663 2075 ecclesiastica
697 2030 762 2075 non
797 2011 972 2076 tenebatur
1006 2032 1111 2094 neque
1150 2033 1286 2096 poenam
1320 2014 1423 2079 eccle·

95 2101 266 2167 siasticam
289 2102 420 2184 poterat
443 2099 625 2176 incurrere3
649 2119 755 2180 neque
777 2120 837 2182 per
859 2100 1061 2181 subsequens
1077 2101 1274 2184 baptismum
1298 2123 1423 2186 poenae

95 2192 133 2257 fit
166 2189 337 2255 obnoxius.
383 2188 432 2254 Ut
463 2192 572 2254 autem
607 2208 649 2253 ex
681 2209 759 2253 casu
792 2193 927 2254 narrato
960 2189 1088 2255 elucere
1112 2190 1258 2267 videtur,
1293 2191 1424 2257 Getulis

95 2278 242 2345 criminis
270 2277 388 2360 ignara
417 2281 484 2352 est;
516 2276 587 2342 sola
618 2277 702 2342 enim
733 2277 912 2343 declaratio
935 2278 1009 2342 duci
1040 2278 1121 2344 data
1143 2300 1179 2344 se
1209 2280 1271 2364 ipsi
1302 2282 1424 2345 nubere

95 2388 161 2434 non
193 2388 290 2451 posse
313 2366 447 2432 vivente
479 2366 583 2450 ipsius
612 2387 732 2443 uxore,
763 2388 828 2431 non
859 2367 1006 2432 continet
1035 2369 1220 2434 suasionem
1248 2373 1283 2434 et
1306 2369 1424 2434 exhor-

93 2457 255 2525 tationem
285 2457 327 2521 ad
358 2455 617 2538 coniugicidium.
665 2455 699 2520 Si
730 2476 810 2521 vero
843 2457 975 2522 Getulis
1006 2457 1116 2541 reipsa
1148 2457 1213 2523 alia
1245 2458 1425 2525 addidisset

95 2546 216 2630 quibus
247 2545 401 2611 incitaret
434 2546 549 2611 ducem
583 2544 623 2610 ad
657 2544 923 2627 coniugicidium‚
958 2567 1022 2629 quo
1054 2547 1117 2631 ipsi
1147 2548 1271 2613 nubere
1303 2553 1424 2631 posset,

95 2640 155 2702 aut
178 2635 249 2700 eius
271 2634 460 2711 consilium,
495 2633 581 2717 quod
604 2634 659 2699 ille
684 2654 726 2699 ex
756 2656 791 2700 se
815 2636 982 2719 concepit,
1014 2635 1196 2703 intentione
1226 2637 1424 2704 matrimonii

95 2724 305 2792 adiuvasset:
328 2723 595 2807 impedimentum
617 2723 760 2788 criminis
783 2724 987 2802 subsisteret,
1012 2746 1051 2789 eo
1076 2726 1160 2808 quod
1185 2725 1316 2792 Getulis
1339 2726 1424 2791 chri·

95 2814 208 2881 stiana
236 2833 295 2897 per
324 2812 432 2895 legem
455 2811 713 2878 ecclesiasticam
737 2812 889 2877 inhabilis
913 2814 1003 2879 iacta
1026 2818 1115 2880 esset
1138 2814 1180 2880 ad
1204 2815 1309 2879 virum
1333 2814 1423 2880 illum

94 2901 304 2970 matrimonio
327 2900 389 2967 sibi
412 2900 621 2984 iungendum.

186 3000 225 3064 In
246 2999 309 3065 hac
332 3020 467 3065 casuum
491 2998 652 3065 solutione
676 2999 717 3063 ab
740 2998 928 3082 ignorantia
944 2999 996 3064 vel
1021 3000 1206 3081 cognitione
1222 2999 1304 3082 legis
1320 3001 1424 3065 eccle-

94 3088 250 3156 siasticae
273 3088 505 3155 abstraximus.
552 3088 759 3172 Quapropter
781 3087 809 3152 si
833 3109 928 3152 casus
952 3089 1108 3153 eiusmodi
1140 3089 1284 3171 practice
1311 3111 1424 3154 occur·

94 3183 185 3247 reret
216 3181 317 3261 atque
347 3177 442 3242 simul
475 3176 664 3259 ignorantia
697 3177 943 3242 ecclesiasticae
975 3177 1059 3259 legis
1092 3178 1288 3254 exsisteret,
1323 3179 1421 3244 etiam

94 3267 219 3350 magis,
258 3267 376 3333 saltem
408 3271 547 3349 urgente
586 3266 802 3342 necessitate,
843 3265 968 3331 censeri
1007 3272 1119 3350 posset
1158 3267 1422 3351 impedimentum

95 3378 161 3424 non
193 3355 384 3422 subsistere.

482 3545 832 3611 lMPEDIMENTUM
854 3545 1037 3612 RAPTUS.

666 3704 777 3772 Casus·
797 3712 873 3782 (280)

186 3855 353 3916 Tridericus
374 3855 490 3931 fingens
512 3875 544 3914 sc
571 3854 663 3915 filium
688 3855 796 3914 nobilis
823 3854 967 3932 principis
988 3855 1130 3913 Albinam
1152 3856 1191 3914 20
1212 3874 1355 3914 annornm
1377 3857 1422 3915 de·

95 3942 211 3997 mantat
231 3954 285 4014 spe
305 3936 483 3995 matrimonii
505 3941 592 4012 atque
614 3955 680 3995 cum
695 3936 746 3994 illa
761 3936 837 3995 clam
853 3935 1005 4013 sponsalia
1026 3935 1090 3994 init.
1120 3935 1177 3994 Sed
1193 3955 1258 3994 cum
1273 3941 1422 4012 parentes,

95 4017 145 4093 qui
165 4016 277 4077 homini
297 4036 357 4075 non
378 4016 466 4093 plane
488 4016 594 4087 fidunt,
625 4016 812 4076 matrimonio
835 4017 1002 4088 obsistant,
1025 4018 1110 4074 ambo
1132 4015 1206 4075 inito
1228 4016 1351 4075 consilio
1374 4037 1422 4075 au·

97 4097 222 4174 tugiunt.
264 4097 450 4167 thidericus,
473 4115 538 4155 cum
559 4097 602 4155 ita
623 4097 751 4174 puellam
772 4102 875 4156 teneat
896 4097 927 4155 in
948 4116 1002 4156 sua
1023 4101 1191 4172 potestate,
1222 4096 1423 4156 condicionem

96 4197 181 4238 suam
201 4196 302 4236 veram
324 4177 446 4254 exponit
475 4196 612 4252 eamque,
641 4197 716 4254 quae
745 4197 823 4237 nunc
852 4177 1055 4237 contradicere
1078 4196 1136 4234 non
1157 4176 1265 4244 audet,
1296 4177 1423 4236 civiliter

97 4258 216 4318 ductam
244 4258 363 4317 adducit
394 4258 431 4316 ad
453 4259 499 4316 sui
519 4258 577 4316 loci
598 4259 759 4333 parochum
780 4277 845 4317 cum
868 4258 971 4316 amicis
993 4276 1116 4333 peregre
1138 4257 1175 4314 ad
1197 4276 1329 4316 mensam
1351 4258 1422 4316 assi·

96 4339 230 4399 dentem:
252 4338 301 4397 ubi
323 4340 408 4398 ambo
431 4357 517 4397 suum
538 4357 714 4397 consensum
736 4338 983 4397 matrimonialem
1006 4337 1168 4395 declarant.

96 4452 274 4525 Ouramma
296 4454 325 4512 1⁰
345 4454 394 4530 qui
415 4458 519 4531 raptus
540 4453 580 4513 sit
600 4453 839 4531 impedimentum
861 4451 1039 4511 matrimonii
1061 4451 1209 4512 dirimens.

297 4555 328 4610 2ο
348 4572 417 4611 num
438 4550 654 4611 matrimonium
675 4551 705 4610 in
727 4570 799 4610 casu
820 4551 932 4609 nullum
953 4549 994 4609 sit
1013 4549 1129 4608 ratione
1150 4554 1262 4625 raptus.

300 4651 330 4710 8⁰
351 4649 419 4726 quid
440 4649 477 4709 de
498 4648 672 4708 assistentia
691 4648 814 4725 parochi
834 4666 911 4725 quae
931 4648 1029 4707 locum
1048 4646 1161 4707 habuit.

146 4751 318 4800 nennium,
333 4752 405 4794 cnm
419 4751 578 4794 ωηκιωιιιω.
598 4750 627 4794 ιι
1179 4742 1213 4797 36
