3044 5174
75 275 140 340 278
532 272 737 330 Sacramentum
755 276 947 347 paenitentiae.

73 455 144 605 {um
175 450 276 604 (fiperit
306 474 342 518 re
373 453 445 536 ipsa
477 453 620 538 speciem
652 453 741 519 illam
772 453 900 538 peccati
930 474 1015 537 quae
1043 455 1273 523 reservatione
1302 455 1399 522 affici·

92 561 130 604 ur
153 561 173 605 a
212 562 307 606 mssa.

165 647 237 713 Hac
261 649 301 713 de
321 670 358 714 re
374 648 485 733 accipe
508 648 584 731 quid
600 649 711 731 Lugo
735 649 823 715 dicat
847 651 887 714 de
906 651 1026 736 poenit.
1051 649 1133 734 disp.
1151 652 1204 728 20,
1228 671 1261 716 n.
1280 652 1323 716 20
1338 672 1398 733 sq.:

79 736 214 815 ,Petes,
246 737 274 801 si
297 742 434 822 propter
456 738 587 803 dubium
610 737 745 803 inferior
775 738 918 804 absolvit
941 738 983 804 ab
1006 737 1133 804 haeresi
1157 739 1211 805 vel
1242 739 1308 805 alio
1330 761 1399 824 pec·

77 829 152 891 cato
175 832 363 905 reservato,
394 830 429 893 et
458 831 575 910 postea
604 828 792 912 paenitens,
823 849 859 892 re
883 827 998 892 melius
1022 828 1228 905 examinata,
1263 828 1400 917 deponat

77 915 209 980 dubium
233 919 267 980 et
290 916 481 982 recordetur
504 920 593 982 certo
624 916 752 1000 peccati
783 915 946 982 commissi
974 916 1060 999 quod
1092 921 1164 982 erat
1187 921 1399 995 reservatum,

78 1024 120 1067 an
144 1009 318 1070 censeatur
347 1004 412 1070 iam
444 1005 591 1087 legitime
621 1006 807 1082 absolutus;
838 1027 879 1070 an
904 1025 983 1070 vero
1013 1005 1133 1072 debeat
1162 1026 1335 1072 recurrere
1364 1006 1399 1072 ad

78 1092 278 1176 superiorem
301 1115 361 1178 pro
385 1093 599 1160 absolutione.
650 1094 787 1160 Videtur
816 1094 988 1159 dicendum
1018 1094 1165 1161 ablatam
1196 1115 1270 1161 esse
1300 1108 1424 1161 resen*

78 1181 255 1249 vationem.
273 1234 280 1247 .
299 1235 332 1249 ..
379 1182 520 1248 Aliunde
543 1188 654 1249 tamen
678 1184 810 1249 obstare
832 1187 947 1266 posset
969 1184 1072 1265 quod,
1102 1183 1182 1250 licet
1210 1183 1243 1249 id
1274 1184 1309 1249 in
1331 1206 1400 1268 pec·

79 1271 164 1337 catis
187 1292 252 1335 nou
275 1272 472 1337 habentibus
495 1293 666 1337 censuram
689 1276 803 1355 posset
825 1271 899 1350 dici,
923 1292 987 1337 nou
1011 1272 1142 1338 videtur
1163 1277 1277 1339 tamen
1301 1274 1401 1339 locum

80 1360 202 1425 habere
225 1360 257 1424 in
281 1360 321 1424 iis
345 1382 429 1443 quae
452 1364 666 1426 reservantur
688 1361 816 1427 ratione
840 1382 997 1427 censurae
1020 1366 1247 1429 reservatae..
1267 1415 1274 1428 .
1294 1415 1301 1428 .
1341 1363 1402 1428 Ad·

80 1449 144 1514 huo
167 1452 277 1514 tamen
303 1450 454 1515 existimo
479 1451 629 1516 absolute
658 1450 741 1516 satis
764 1449 947 1534 probabile,
981 1470 1046 1514 non
1075 1471 1148 1516 esse
1175 1452 1403 1516 recurrendum

77 1539 122 1603 ad
145 1538 345 1623 superiorem
369 1543 486 1622 postea
508 1561 566 1623 pro
589 1539 793 1605 absolutione
816 1538 944 1622 peccati
969 1542 1027 1605 aut
1051 1540 1402 1606 excommunicationis.

77 1625 132 1693 Ad
156 1629 240 1709 quod
265 1628 390 1711 optima
413 1634 464 1694 est
488 1628 636 1695 doctrina
653 1628 792 1706 Sanchii,
816 1627 871 1692 ubi
894 1628 1048 1711 proponit
1070 1649 1181 1694 casum
1204 1629 1345 1694 similem
1368 1630 1402 1694 de

75 1716 136 1782 illo
159 1716 214 1799 qui
237 1716 353 1785 dubius
376 1717 417 1781 de
440 1721 519 1782 voto
543 1717 708 1783 castitatis
725 1717 843 1782 emisso
859 1716 955 1800 petiit
971 1716 1249 1801 dispensationem
1272 1719 1316 1783 ab
1340 1718 1402 1802 epi·

77 1827 179 1889 scopo
203 1806 255 1870 vel
279 1806 320 1871 ab
344 1806 409 1871 alio
432 1810 568 1890 potente
593 1807 782 1889 dispensare
805 1805 837 1870 in
862 1805 949 1872 votis
972 1827 1037 1870 non
1052 1807 1250 1884 reservatis;
1275 1807 1332 1889 qui
1355 1828 1402 1873 ra·

77 1894 169 1960 tione
193 1894 280 1960 dubii
304 1895 508 1979 dispensavit
537 1916 576 1960 eo
600 1896 686 1977 quod
709 1900 824 1961 votum
847 1894 1012 1961 castitatis
1036 1894 1168 1961 dubium
1198 1916 1264 1961 non
1288 1896 1335 1961 sit
1357 1918 1403 1961 re-

76 1989 247 2050 servatum
272 1984 371 2050 etiam
396 2005 435 2049 eo
459 2004 537 2049 casu
561 2005 624 2067 quo
648 1988 782 2067 propter
805 1985 1104 2068 praesumptionem
1127 1984 1252 2067 obliget
1275 1988 1402 2050 votum:

79 2077 195 2156 postea
220 2094 316 2150 vero,
348 2077 516 2157 comperta
539 2074 682 2139 veritate
705 2079 740 2138 et
770 2073 965 2140 certitudine
988 2073 1077 2151 voti,
1108 2073 1239 2156 quaerit
1262 2073 1403 2140 Sancbeu

76 2183 121 2227 an
146 2161 265 2228 debeat
287 2183 455 2228 recurrere
479 2162 521 2228 ad
543 2184 664 2247 papam
694 2183 753 2246 pro
784 2162 853 2227 eius
877 2162 1139 2246 dispensatione,
1172 2166 1208 2228 et
1230 2163 1404 2247 respondet

78 2251 251 2332 negative;
277 2250 353 2333 quia
376 2257 468 2318 recta
486 2252 680 2334 gubernatio
697 2252 864 2317 Ecclesiae
879 2251 941 2317 hoc
957 2251 1071 2334 exigit,
1096 2254 1130 2317 et
1145 2250 1231 2333 quia,
1256 2273 1333 2318 cum
1355 2273 1403 2318 ra·

76 2340 168 2405 tione
192 2339 280 2405 dubii
303 2345 416 2406 votum
439 2346 519 2409 tunc
542 2362 606 2406 non
630 2346 720 2406 esset
742 2344 964 2417 reservatum,
988 2339 1097 2424 potuit
1119 2344 1198 2407 tunc
1221 2341 1256 2406 in
1278 2341 1338 2407 illo
1359 2341 1403 2405 in·

20 2511 23 2516 A
79 2428 180 2493 ferior
203 2429 392 2512 dispensare
416 2430 470 2512 qui
494 2430 640 2512 legitime
663 2451 741 2494 usus
765 2432 1021 2512 estpotestate,
1053 2449 1152 2512 quam
1174 2429 1321 2497 babebat
1344 2430 1404 2494 dis·

79 2517 239 2601 pensandi
262 2519 295 2582 in
319 2518 406 2584 votis
423 2518 538 2583 dubiis.
571 2517 662 2595 Quod
685 2518 815 2600 quidem
832 2518 910 2583 mihi
933 2518 1140 2583 verissimum
1164 2517 1309 2595 videtur,
1335 2519 1404 2602 quia

79 2606 223 2688 alioquin
248 2607 447 2691 dispensatio
470 2607 586 2673 fuisset
602 2630 705 2673 vacco:
728 2628 792 2672 non
809 2607 894 2671 enim
911 2607 1119 2690 dispensatur
1141 2606 1202 2673 sub
1218 2608 1404 2673 condicione

81 2695 120 2775 ,si
143 2716 208 2760 non
231 2695 294 2761 fuit
317 2699 452 2774 votum‘‚
484 2697 541 2762 sed
564 2697 674 2781 potius
704 2696 764 2760 sub
788 2696 977 2761 condicione
1008 2696 1046 2775 ,si
1075 2695 1140 2762 fuit
1161 2717 1242 2762 vere
1265 2700 1403 2772 votum‘;

80 2806 157 2849 nam
187 2785 215 2849 si
247 2806 311 2850 non
345 2787 407 2851 luit
438 2791 570 2864 votum,
607 2807 671 2850 non
704 2789 754 2850 est
787 2784 1023 2869 dispensabile3
1059 2806 1138 2867 ergo
1175 2785 1203 2850 si
1237 2786 1405 2870 episcopus

81 2877 191 2957 potest
221 2878 299 2940 tunc
330 2875 536 2958 dispensare,
568 2879 678 2959 potest
707 2875 823 2940 tollere
847 2874 1078 2956 obligationem
1109 2896 1185 2939 caso
1209 2896 1270 2960 quo
1299 2875 1405 2958 fuerit.

80 3002 125 3009 -
157 2964 210 3028 Ex
241 2964 302 3029 boc
334 2966 484 3048 exemplo
519 2985 658 3045 arguere
690 2984 862 3047 possumus
896 2963 938 3027 ad
970 2984 1082 3027 casum
1116 2967 1285 3028 nostrum:
1323 2963 1404 3046 quia,

80 3052 166 3118 sicut
190 3057 304 3119 votum
327 3052 360 3117 in
384 3053 480 3118 dubio
504 3075 568 3117 non
594 3056 645 3119 est
669 3056 891 3130 reservatum,
923 3052 969 3116 sic
993 3073 1053 3117 nec
1077 3057 1249 3134 peccatum
1273 3053 1328 3118 vel
1354 3075 1406 3117 ex·

81 3142 331 3207 communicatio
354 3142 411 3208 illa
429 3195 436 3208 .
454 3194 460 3207 .
480 3167 505 3207 .:
539 3163 634 3223 ergo,
666 3142 750 3207 sicut
773 3142 805 3206 in
830 3141 926 3206 dubio
951 3141 1020 3206 voti
1044 3141 1215 3225 episcopus
1240 3141 1407 3226 dispensat

82 3234 116 3297 et
140 3231 339 3313 dispensatio
364 3236 475 3297 manet
497 3231 623 3308 valida,
655 3231 732 3296 licet
755 3235 871 3314 postea
895 3234 1023 3295 constet
1047 3231 1087 3295 de
1110 3230 1179 3296 voti
1203 3231 1407 3309 certitudine,

82 3320 130 3385 sic
153 3322 328 3385 absolvens
358 3321 399 3385 ab
423 3321 550 3385 haeresi
581 3320 678 3385 dubia
701 3319 809 3385 valide
840 3320 999 3396 absolvit,
1031 3323 1064 3384 et
1088 3319 1251 3385 absolutio
1275 3320 1408 3397 valebit,

82 3409 161 3475 licet
195 3415 312 3492 postea
347 3414 475 3474 constet
513 3410 553 3474 de
588 3409 784 3475 certitudine
822 3409 972 3474 incursae
1008 3429 1184 3483 censurae;
1223 3430 1290 3473 non
1326 3409 1408 3474 enim

83 3499 147 3563 fuit
179 3498 257 3564 data
293 3500 352 3564 sub
380 3499 567 3564 condicione
602 3499 642 3563 de
676 3498 805 3577 futuro,
843 3498 912 3566 scil.
945 3497 973 3562 si
1004 3502 1121 3580 postea
1151 3518 1216 3562 non
1243 3502 1409 3566 constaret

84 3588 125 3652 de
150 3587 321 3653 veritate.“

403 3772 433 3837 A
461 3772 804 3839 RESERVATIONE
833 3771 1090 3838 EXCUSATIO.

642 3941 752 4007 casus.
772 3948 848 4016 (140)

175 4085 327 4155 Callistus,
349 4083 532 4143 instantibus
552 4081 679 4157 nuptiis,
703 4080 860 4139 confitetur
881 4078 957 4155 apud
979 4079 1087 4137 Linum
1107 4078 1187 4138 inter
1207 4079 1268 4138 alia
1290 4084 1411 4156 peccata

87 4185 188 4224 casum
210 4169 411 4235 reservatum3
443 4183 533 4239 quare
554 4161 647 4220 Linus
676 4161 741 4220 vult
768 4180 833 4218 eum
862 4159 989 4234 dirigere
1017 4160 1055 4218 ad
1083 4159 1302 4219 confessarium
1330 4179 1409 4234 regu·

86 4247 177 4305 larem
200 4246 230 4304 in
251 4245 361 4304 vicinia
383 4243 587 4302 confessiones
609 4242 820 4319 excipientem,
849 4259 934 4315 quom
957 4239 1015 4297 scit
1043 4241 1186 4298 facultate
1207 4239 1240 4298 iu
1261 4259 1351 4299 casus
1371 4258 1409 4297 re

87 4333 224 4385 servatos
251 4326 416 4403 praeditum
445 4343 519 4382 esse.
566 4323 668 4393 ,Sed“,
692 4322 814 4397 opponit
834 4320 992 4390 Callistus,
1025 4340 1060 4390 ,a
1087 4327 1117 4378 te
1144 4319 1252 4378 vellem
1281 4318 1409 4385 absolvi;

88 4407 197 4482 alioqui
219 4406 310 4465 debeo
332 4411 426 4463 totum
448 4404 662 4462 confessionem
690 4403 854 4477 repetere“.
895 4401 974 4458 Hinc
995 4400 1087 4457 Linus
1114 4399 1197 4458 iubet
1224 4419 1291 4458 eum
1319 4399 1409 4459 redire

89 4494 156 4562 post
177 4487 314 4555 triduum,
337 4492 370 4544 ut
391 4486 505 4544 interea
528 4484 584 4542 sibi
606 4502 747 4559 quaerere
769 4481 864 4557 possit
885 4480 1059 4539 absolvendi
1081 4481 1265 4540 facultatem.
1311 4479 1409 4553 ,Sed‘,

88 4569 249 4644 respondet
271 4567 426 4636 Callistus,
462 4564 643 4641 ,putaverim
672 4564 844 4621 facultatem
873 4560 1045 4620 absolvendi
1074 4580 1091 4618 a
1119 4561 1276 4620 sacerdote
1303 4559 1409 4625 haberi,

89 4668 148 4708 non
170 4668 236 4707 esse
258 4647 470 4723 quaerendam
501 4644 631 4720 alioquin
658 4644 726 4720 quid
756 4643 840 4701 sedet
867 4642 898 4700 in
926 4640 1156 4700 confessionali?
1198 4640 1257 4700 Pro
1285 4641 1409 4701 crastino
