<?xml version="1.0" encoding="UTF-8"?>
<!DOCTYPE html PUBLIC "-//W3C//DTD XHTML 1.0 Transitional//EN"
    "http://www.w3.org/TR/xhtml1/DTD/xhtml1-transitional.dtd">
<html xmlns="http://www.w3.org/1999/xhtml" xml:lang="en" lang="en">
 <head>
  <title>
</title>
<meta http-equiv="Content-Type" content="text/html;charset=utf-8" />
  <meta name='ocr-system' content='tesseract 3.04.00' />
  <meta name='ocr-capabilities' content='ocr_page ocr_carea ocr_par ocr_line ocrx_word'/>
</head>
<body>
  <div class='ocr_page' id='page_1' title='image "./casusconscienti00lehmgoog_0571.png"; bbox 0 0 3044 5174; ppageno 0'>
   <div class='ocr_carea' id='block_1_1' title="bbox 339 265 1383 339">
    <p class='ocr_par' dir='ltr' id='par_1_1' title="bbox 339 265 1383 339">
     <span class='ocr_line' id='line_1_1' title="bbox 339 265 1383 339; baseline 0.003 -17"><span class='ocrx_word' id='word_1_1' title='bbox 339 266 534 339; x_wconf 75' lang='lat' dir='ltr'><strong>Inpedimenta</strong></span> <span class='ocrx_word' id='word_1_2' title='bbox 552 265 716 322; x_wconf 76' lang='lat' dir='ltr'>matrimonii</span> <span class='ocrx_word' id='word_1_3' title='bbox 735 267 903 324; x_wconf 80' lang='lat' dir='ltr'><strong>dirimentis:</strong></span> <span class='ocrx_word' id='word_1_4' title='bbox 922 297 957 308; x_wconf 95' lang='lat'>-</span> <span class='ocrx_word' id='word_1_5' title='bbox 976 267 1104 323; x_wconf 78' lang='lat' dir='ltr'><strong>Crimina.</strong></span> <span class='ocrx_word' id='word_1_6' title='bbox 1319 272 1383 336; x_wconf 88' lang='grc'><strong>559</strong></span> 
     </span>
    </p>
   </div>
   <div class='ocr_carea' id='block_1_2' title="bbox 434 484 1011 553">
    <p class='ocr_par' dir='ltr' id='par_1_2' title="bbox 434 484 1011 553">
     <span class='ocr_line' id='line_1_2' title="bbox 434 484 1011 553; baseline 0.007 -4"><span class='ocrx_word' id='word_1_7' title='bbox 434 484 782 552; x_wconf 81' lang='lat' dir='ltr'><strong>lMPEDIMENTUM</strong></span> <span class='ocrx_word' id='word_1_8' title='bbox 805 485 1011 553; x_wconf 77' lang='lat' dir='ltr'>CRIMINIS.</span> 
     </span>
    </p>
   </div>
   <div class='ocr_carea' id='block_1_3' title="bbox 618 641 825 720">
    <p class='ocr_par' dir='ltr' id='par_1_3' title="bbox 618 641 825 720">
     <span class='ocr_line' id='line_1_3' title="bbox 618 641 825 720; baseline -0.01 -12"><span class='ocrx_word' id='word_1_9' title='bbox 618 641 728 710; x_wconf 78' lang='lat' dir='ltr'><strong>tusus.</strong></span> <span class='ocrx_word' id='word_1_10' title='bbox 748 650 825 720; x_wconf 79' lang='lat'>(279)</span> 
     </span>
    </p>
   </div>
   <div class='ocr_carea' id='block_1_4' title="bbox 55 793 1387 1516">
    <p class='ocr_par' dir='ltr' id='par_1_4' title="bbox 55 793 1387 1193">
     <span class='ocr_line' id='line_1_4' title="bbox 151 793 1385 873; baseline -0.002 -18"><span class='ocrx_word' id='word_1_11' title='bbox 151 797 177 855; x_wconf 94' lang='lat'><strong>1.</strong></span> <span class='ocrx_word' id='word_1_12' title='bbox 200 794 393 867; x_wconf 70' lang='lat' dir='ltr'><strong>cunibertus,</strong></span> <span class='ocrx_word' id='word_1_13' title='bbox 416 813 481 852; x_wconf 93' lang='lat' dir='ltr'><strong>cum</strong></span> <span class='ocrx_word' id='word_1_14' title='bbox 502 812 596 853; x_wconf 90' lang='lat' dir='ltr'><strong>uxore</strong></span> <span class='ocrx_word' id='word_1_15' title='bbox 617 813 671 852; x_wconf 88' lang='lat' dir='ltr'><strong>sua</strong></span> <span class='ocrx_word' id='word_1_16' title='bbox 692 794 802 853; x_wconf 91' lang='lat' dir='ltr'><strong>nonin</strong></span> <span class='ocrx_word' id='word_1_17' title='bbox 824 796 902 854; x_wconf 90' lang='lat' dir='ltr'><strong>hona</strong></span> <span class='ocrx_word' id='word_1_18' title='bbox 922 814 997 873; x_wconf 91' lang='lat' dir='ltr'><strong>pace</strong></span> <span class='ocrx_word' id='word_1_19' title='bbox 1018 794 1139 865; x_wconf 83' lang='lat' dir='ltr'><strong>vivens,</strong></span> <span class='ocrx_word' id='word_1_20' title='bbox 1167 813 1233 853; x_wconf 90' lang='lat' dir='ltr'><strong>cum</strong></span> <span class='ocrx_word' id='word_1_21' title='bbox 1255 793 1323 853; x_wconf 91' lang='lat' dir='ltr'><strong>aliis</strong></span> <span class='ocrx_word' id='word_1_22' title='bbox 1344 794 1385 852; x_wconf 84' lang='lat' dir='ltr'><strong>fa·</strong></span> 
     </span>
     <span class='ocr_line' id='line_1_5' title="bbox 55 872 1385 951; baseline -0.002 -16"><span class='ocrx_word' id='word_1_23' title='bbox 55 875 147 935; x_wconf 90' lang='lat' dir='ltr'><strong>minis</strong></span> <span class='ocrx_word' id='word_1_24' title='bbox 169 875 279 934; x_wconf 79' lang='lat' dir='ltr'><strong>Thecla</strong></span> <span class='ocrx_word' id='word_1_25' title='bbox 300 879 332 934; x_wconf 91' lang='lat' dir='ltr'><strong>et</strong></span> <span class='ocrx_word' id='word_1_26' title='bbox 352 872 428 950; x_wconf 84' lang='lat' dir='ltr'><strong>Syra</strong></span> <span class='ocrx_word' id='word_1_27' title='bbox 448 874 634 933; x_wconf 77' lang='lat' dir='ltr'><strong>familiariter</strong></span> <span class='ocrx_word' id='word_1_28' title='bbox 655 875 733 949; x_wconf 81' lang='lat' dir='ltr'><strong>agit,</strong></span> <span class='ocrx_word' id='word_1_29' title='bbox 764 875 881 950; x_wconf 92' lang='lat' dir='ltr'><strong>utrique</strong></span> <span class='ocrx_word' id='word_1_30' title='bbox 903 874 1108 935; x_wconf 80' lang='lat' dir='ltr'><strong>conditionate</strong></span> <span class='ocrx_word' id='word_1_31' title='bbox 1129 874 1265 951; x_wconf 76' lang='lat' dir='ltr'><strong>promisit</strong></span> <span class='ocrx_word' id='word_1_32' title='bbox 1285 874 1385 933; x_wconf 90' lang='lat' dir='ltr'><strong>matri·</strong></span> 
     </span>
     <span class='ocr_line' id='line_1_6' title="bbox 56 953 1385 1032; baseline -0.001 -17"><span class='ocrx_word' id='word_1_33' title='bbox 56 955 198 1027; x_wconf 91' lang='lat' dir='ltr'><strong>monium,</strong></span> <span class='ocrx_word' id='word_1_34' title='bbox 220 953 382 1032; x_wconf 88' lang='lat' dir='ltr'><strong>siquando</strong></span> <span class='ocrx_word' id='word_1_35' title='bbox 405 953 519 1013; x_wconf 86' lang='lat' dir='ltr'><strong>solutus</strong></span> <span class='ocrx_word' id='word_1_36' title='bbox 539 954 640 1024; x_wconf 85' lang='lat' dir='ltr'><strong>fuerit,</strong></span> <span class='ocrx_word' id='word_1_37' title='bbox 661 959 750 1030; x_wconf 92' lang='lat' dir='ltr'><strong>atque</strong></span> <span class='ocrx_word' id='word_1_38' title='bbox 765 955 941 1031; x_wconf 88' lang='lat' dir='ltr'><strong>compluries</strong></span> <span class='ocrx_word' id='word_1_39' title='bbox 964 975 1029 1014; x_wconf 90' lang='lat' dir='ltr'><strong>cum</strong></span> <span class='ocrx_word' id='word_1_40' title='bbox 1043 955 1103 1014; x_wconf 90' lang='lat' dir='ltr'><strong>illis</strong></span> <span class='ocrx_word' id='word_1_41' title='bbox 1123 954 1275 1032; x_wconf 81' lang='lat' dir='ltr'><strong>peccavit3</strong></span> <span class='ocrx_word' id='word_1_42' title='bbox 1297 955 1385 1014; x_wconf 92' lang='lat' dir='ltr'><strong>immo</strong></span> 
     </span>
     <span class='ocr_line' id='line_1_7' title="bbox 57 1034 1387 1112; baseline -0.002 -16"><span class='ocrx_word' id='word_1_43' title='bbox 57 1056 124 1096; x_wconf 91' lang='lat' dir='ltr'><strong>cum</strong></span> <span class='ocrx_word' id='word_1_44' title='bbox 146 1036 225 1112; x_wconf 85' lang='lat' dir='ltr'><strong>Syra</strong></span> <span class='ocrx_word' id='word_1_45' title='bbox 245 1035 333 1095; x_wconf 88' lang='lat' dir='ltr'><strong>civile</strong></span> <span class='ocrx_word' id='word_1_46' title='bbox 354 1034 571 1094; x_wconf 76' lang='lat' dir='ltr'><strong>matrimonium</strong></span> <span class='ocrx_word' id='word_1_47' title='bbox 593 1034 677 1103; x_wconf 92' lang='lat' dir='ltr'><strong>iniit,</strong></span> <span class='ocrx_word' id='word_1_48' title='bbox 699 1035 797 1111; x_wconf 89' lang='lat' dir='ltr'><strong>priore</strong></span> <span class='ocrx_word' id='word_1_49' title='bbox 818 1035 1005 1095; x_wconf 89' lang='lat' dir='ltr'><strong>matrimonio</strong></span> <span class='ocrx_word' id='word_1_50' title='bbox 1027 1035 1156 1095; x_wconf 87' lang='lat' dir='ltr'><strong>civiliter</strong></span> <span class='ocrx_word' id='word_1_51' title='bbox 1177 1035 1289 1107; x_wconf 91' lang='lat' dir='ltr'><strong>soluto,</strong></span> <span class='ocrx_word' id='word_1_52' title='bbox 1317 1041 1387 1111; x_wconf 93' lang='lat' dir='ltr'><strong>post</strong></span> 
     </span>
     <span class='ocr_line' id='line_1_8' title="bbox 56 1115 1004 1193; baseline -0.002 -17"><span class='ocrx_word' id='word_1_53' title='bbox 56 1117 153 1193; x_wconf 80' lang='lat' dir='ltr'><strong>Syrae</strong></span> <span class='ocrx_word' id='word_1_54' title='bbox 175 1121 299 1176; x_wconf 92' lang='lat' dir='ltr'><strong>mortem</strong></span> <span class='ocrx_word' id='word_1_55' title='bbox 319 1115 403 1175; x_wconf 88' lang='lat' dir='ltr'><strong>brevi</strong></span> <span class='ocrx_word' id='word_1_56' title='bbox 425 1119 558 1174; x_wconf 88' lang='lat' dir='ltr'><strong>secutam</strong></span> <span class='ocrx_word' id='word_1_57' title='bbox 580 1115 721 1174; x_wconf 86' lang='lat' dir='ltr'><strong>Theclam</strong></span> <span class='ocrx_word' id='word_1_58' title='bbox 741 1115 848 1173; x_wconf 88' lang='lat' dir='ltr'><strong>ducere</strong></span> <span class='ocrx_word' id='word_1_59' title='bbox 870 1115 1004 1174; x_wconf 78' lang='lat' dir='ltr'><strong>intendit.</strong></span> 
     </span>
    </p>

    <p class='ocr_par' dir='ltr' id='par_1_5' title="bbox 57 1193 1387 1516">
     <span class='ocr_line' id='line_1_9' title="bbox 139 1193 1386 1273; baseline -0.002 -17"><span class='ocrx_word' id='word_1_60' title='bbox 139 1198 168 1256; x_wconf 84' lang='lat'><strong>2.</strong></span> <span class='ocrx_word' id='word_1_61' title='bbox 191 1195 324 1268; x_wconf 84' lang='lat' dir='ltr'><strong>Getulis,</strong></span> <span class='ocrx_word' id='word_1_62' title='bbox 345 1195 445 1256; x_wconf 87' lang='lat' dir='ltr'><strong>occiso</strong></span> <span class='ocrx_word' id='word_1_63' title='bbox 466 1195 531 1255; x_wconf 86' lang='lat' dir='ltr'><strong>viro</strong></span> <span class='ocrx_word' id='word_1_64' title='bbox 552 1196 584 1254; x_wconf 89' lang='lat' dir='ltr'><strong>in</strong></span> <span class='ocrx_word' id='word_1_65' title='bbox 605 1196 699 1266; x_wconf 92' lang='lat' dir='ltr'><strong>bello,</strong></span> <span class='ocrx_word' id='word_1_66' title='bbox 728 1197 766 1254; x_wconf 91' lang='lat' dir='ltr'><strong>ab</strong></span> <span class='ocrx_word' id='word_1_67' title='bbox 787 1195 922 1255; x_wconf 81' lang='lat' dir='ltr'><strong>hostibus</strong></span> <span class='ocrx_word' id='word_1_68' title='bbox 944 1195 1059 1273; x_wconf 88' lang='lat' dir='ltr'><strong>capitur</strong></span> <span class='ocrx_word' id='word_1_69' title='bbox 1080 1194 1216 1255; x_wconf 82' lang='lat' dir='ltr'><strong>ethnicis.</strong></span> <span class='ocrx_word' id='word_1_70' title='bbox 1258 1193 1386 1264; x_wconf 80' lang='lat' dir='ltr'><strong>Quorum</strong></span> 
     </span>
     <span class='ocr_line' id='line_1_10' title="bbox 57 1273 1387 1353; baseline -0.002 -16"><span class='ocrx_word' id='word_1_71' title='bbox 57 1277 128 1350; x_wconf 87' lang='lat' dir='ltr'><strong>dux,</strong></span> <span class='ocrx_word' id='word_1_72' title='bbox 151 1277 216 1336; x_wconf 93' lang='lat' dir='ltr'><strong>eius</strong></span> <span class='ocrx_word' id='word_1_73' title='bbox 237 1295 337 1336; x_wconf 86' lang='lat' dir='ltr'><strong>amore</strong></span> <span class='ocrx_word' id='word_1_74' title='bbox 358 1280 474 1353; x_wconf 89' lang='lat' dir='ltr'><strong>captus,</strong></span> <span class='ocrx_word' id='word_1_75' title='bbox 495 1295 560 1334; x_wconf 89' lang='lat' dir='ltr'><strong>eam</strong></span> <span class='ocrx_word' id='word_1_76' title='bbox 582 1275 689 1335; x_wconf 87' lang='lat' dir='ltr'><strong>ducere</strong></span> <span class='ocrx_word' id='word_1_77' title='bbox 710 1277 783 1334; x_wconf 90' lang='lat' dir='ltr'><strong>vult.</strong></span> <span class='ocrx_word' id='word_1_78' title='bbox 812 1273 895 1344; x_wconf 77' lang='lat' dir='ltr'><strong>Quod</strong></span> <span class='ocrx_word' id='word_1_79' title='bbox 910 1295 943 1333; x_wconf 92' lang='lat' dir='ltr'><strong>se</strong></span> <span class='ocrx_word' id='word_1_80' title='bbox 962 1276 1062 1334; x_wconf 87' lang='lat' dir='ltr'><strong>facere</strong></span> <span class='ocrx_word' id='word_1_81' title='bbox 1076 1295 1136 1334; x_wconf 92' lang='lat' dir='ltr'><strong>non</strong></span> <span class='ocrx_word' id='word_1_82' title='bbox 1157 1295 1245 1352; x_wconf 89' lang='lat' dir='ltr'><strong>posse</strong></span> <span class='ocrx_word' id='word_1_83' title='bbox 1266 1275 1387 1334; x_wconf 91' lang='lat' dir='ltr'><strong>vivente</strong></span> 
     </span>
     <span class='ocr_line' id='line_1_11' title="bbox 57 1355 1387 1426; baseline -0.003 -8"><span class='ocrx_word' id='word_1_84' title='bbox 57 1356 122 1418; x_wconf 88' lang='lat' dir='ltr'><strong>eius</strong></span> <span class='ocrx_word' id='word_1_85' title='bbox 144 1376 239 1417; x_wconf 90' lang='lat' dir='ltr'><strong>uxore</strong></span> <span class='ocrx_word' id='word_1_86' title='bbox 260 1376 327 1416; x_wconf 90' lang='lat' dir='ltr'><strong>cum</strong></span> <span class='ocrx_word' id='word_1_87' title='bbox 347 1357 539 1426; x_wconf 79' lang='lat' dir='ltr'><strong>declarasset,</strong></span> <span class='ocrx_word' id='word_1_88' title='bbox 562 1357 623 1414; x_wconf 89' lang='lat' dir='ltr'><strong>dux</strong></span> <span class='ocrx_word' id='word_1_89' title='bbox 643 1356 694 1414; x_wconf 91' lang='lat' dir='ltr'><strong>ille</strong></span> <span class='ocrx_word' id='word_1_90' title='bbox 714 1375 837 1414; x_wconf 86' lang='lat' dir='ltr'><strong>uxorem</strong></span> <span class='ocrx_word' id='word_1_91' title='bbox 859 1375 973 1415; x_wconf 90' lang='lat' dir='ltr'><strong>euame</strong></span> <span class='ocrx_word' id='word_1_92' title='bbox 994 1355 1089 1415; x_wconf 90' lang='lat' dir='ltr'><strong>medio</strong></span> <span class='ocrx_word' id='word_1_93' title='bbox 1110 1356 1271 1415; x_wconf 90' lang='lat' dir='ltr'><strong>tollendam</strong></span> <span class='ocrx_word' id='word_1_94' title='bbox 1286 1362 1387 1426; x_wconf 86' lang='lat' dir='ltr'><strong>curat:</strong></span> 
     </span>
     <span class='ocr_line' id='line_1_12' title="bbox 58 1435 780 1516; baseline -0.006 -18"><span class='ocrx_word' id='word_1_95' title='bbox 58 1444 166 1516; x_wconf 90' lang='lat' dir='ltr'><strong>postea</strong></span> <span class='ocrx_word' id='word_1_96' title='bbox 187 1437 335 1514; x_wconf 87' lang='lat' dir='ltr'><strong>baptizari</strong></span> <span class='ocrx_word' id='word_1_97' title='bbox 356 1438 421 1496; x_wconf 91' lang='lat' dir='ltr'><strong>vult</strong></span> <span class='ocrx_word' id='word_1_98' title='bbox 441 1442 472 1496; x_wconf 95' lang='lat' dir='ltr'><strong>et</strong></span> <span class='ocrx_word' id='word_1_99' title='bbox 494 1435 642 1496; x_wconf 84' lang='lat' dir='ltr'><strong>Getuliam</strong></span> <span class='ocrx_word' id='word_1_100' title='bbox 664 1435 780 1494; x_wconf 89' lang='lat' dir='ltr'><strong>ducere.</strong></span> 
     </span>
    </p>
   </div>
   <div class='ocr_carea' id='block_1_5' title="bbox 61 1541 962 1816">
    <p class='ocr_par' dir='ltr' id='par_1_6' title="bbox 61 1541 962 1816">
     <span class='ocr_line' id='line_1_13' title="bbox 61 1541 863 1620; baseline -0.004 -16"><span class='ocrx_word' id='word_1_101' title='bbox 61 1542 243 1614; x_wconf 69' lang='lat' dir='ltr'><strong>Quanarrm</strong></span> <span class='ocrx_word' id='word_1_102' title='bbox 264 1544 293 1602; x_wconf 87' lang='lat'><strong>1⁰</strong></span> <span class='ocrx_word' id='word_1_103' title='bbox 314 1543 382 1620; x_wconf 91' lang='lat' dir='ltr'><strong>quid</strong></span> <span class='ocrx_word' id='word_1_104' title='bbox 403 1543 442 1602; x_wconf 92' lang='lat' dir='ltr'><strong>sit</strong></span> <span class='ocrx_word' id='word_1_105' title='bbox 462 1542 702 1620; x_wconf 90' lang='lat' dir='ltr'><strong>impedimentum</strong></span> <span class='ocrx_word' id='word_1_106' title='bbox 725 1541 863 1602; x_wconf 89' lang='lat' dir='ltr'><strong>criminis.</strong></span> 
     </span>
     <span class='ocr_line' id='line_1_14' title="bbox 264 1638 749 1715; baseline -0.002 -16"><span class='ocrx_word' id='word_1_107' title='bbox 264 1641 546 1700; x_wconf 63' lang='lat' dir='ltr'><strong>transnaturus</strong></span> <span class='ocrx_word' id='word_1_108' title='bbox 567 1642 605 1699; x_wconf 95' lang='lat' dir='ltr'><strong>ab</strong></span> <span class='ocrx_word' id='word_1_109' title='bbox 626 1638 749 1715; x_wconf 82' lang='lat' dir='ltr'><strong>ignaris.</strong></span> 
     </span>
     <span class='ocr_line' id='line_1_15' title="bbox 265 1736 962 1816; baseline -0.003 -17"><span class='ocrx_word' id='word_1_110' title='bbox 265 1740 296 1799; x_wconf 82' lang='lat'><strong>8⁰</strong></span> <span class='ocrx_word' id='word_1_111' title='bbox 317 1739 386 1815; x_wconf 92' lang='lat' dir='ltr'><strong>quid</strong></span> <span class='ocrx_word' id='word_1_112' title='bbox 407 1738 445 1797; x_wconf 88' lang='lat' dir='ltr'><strong>ad</strong></span> <span class='ocrx_word' id='word_1_113' title='bbox 466 1758 554 1798; x_wconf 89' lang='lat' dir='ltr'><strong>casus</strong></span> <span class='ocrx_word' id='word_1_114' title='bbox 575 1737 746 1816; x_wconf 91' lang='lat' dir='ltr'><strong>propositos</strong></span> <span class='ocrx_word' id='word_1_115' title='bbox 767 1738 873 1796; x_wconf 90' lang='lat' dir='ltr'><strong>debeat</strong></span> <span class='ocrx_word' id='word_1_116' title='bbox 895 1736 962 1797; x_wconf 93' lang='lat' dir='ltr'><strong>dici.</strong></span> 
     </span>
    </p>
   </div>
   <div class='ocr_carea' id='block_1_6' title="bbox 659 1918 796 1986">
    <p class='ocr_par' dir='ltr' id='par_1_7' title="bbox 659 1918 796 1986">
     <span class='ocr_line' id='line_1_16' title="bbox 659 1918 796 1986; baseline -0.015 0"><span class='ocrx_word' id='word_1_117' title='bbox 659 1918 796 1986; x_wconf 84' lang='lat' dir='ltr'><strong>Salutio.</strong></span> 
     </span>
    </p>
   </div>
   <div class='ocr_carea' id='block_1_7' title="bbox 59 2060 1453 2601">
    <p class='ocr_par' dir='ltr' id='par_1_8' title="bbox 59 2060 1453 2601">
     <span class='ocr_line' id='line_1_17' title="bbox 153 2060 1453 2145; baseline -0.002 -16"><span class='ocrx_word' id='word_1_118' title='bbox 153 2065 207 2130; x_wconf 87' lang='lat' dir='ltr'><strong>Au</strong></span> <span class='ocrx_word' id='word_1_119' title='bbox 237 2082 428 2139; x_wconf 77' lang='lat' dir='ltr'><strong>ourasrruu</strong></span> <span class='ocrx_word' id='word_1_120' title='bbox 462 2064 498 2126; x_wconf 75' lang='lat' dir='ltr'><strong>ln</strong></span> <span class='ocrx_word' id='word_1_121' title='bbox 528 2060 567 2127; x_wconf 92' lang='lat' dir='ltr'><strong>R.</strong></span> <span class='ocrx_word' id='word_1_122' title='bbox 596 2063 623 2129; x_wconf 91' lang='lat'><strong>1.</strong></span> <span class='ocrx_word' id='word_1_123' title='bbox 676 2061 947 2145; x_wconf 88' lang='lat' dir='ltr'><strong>Impedimentum</strong></span> <span class='ocrx_word' id='word_1_124' title='bbox 977 2063 1122 2126; x_wconf 64' lang='lat' dir='ltr'><strong>amerinis</strong></span> <span class='ocrx_word' id='word_1_125' title='bbox 1151 2060 1255 2126; x_wconf 91' lang='lat' dir='ltr'><strong>tribus</strong></span> <span class='ocrx_word' id='word_1_126' title='bbox 1285 2060 1453 2133; x_wconf 75' lang='lat' dir='ltr'><strong>modieara</strong></span> 
     </span>
     <span class='ocr_line' id='line_1_18' title="bbox 59 2149 1389 2237; baseline -0.006 -15"><span class='ocrx_word' id='word_1_127' title='bbox 59 2153 229 2222; x_wconf 86' lang='lat' dir='ltr'><strong>inducitur</strong></span> <span class='ocrx_word' id='word_1_128' title='bbox 250 2173 310 2237; x_wconf 90' lang='lat' dir='ltr'><strong>per</strong></span> <span class='ocrx_word' id='word_1_129' title='bbox 332 2150 529 2217; x_wconf 85' lang='lat' dir='ltr'><strong>adulterium</strong></span> <span class='ocrx_word' id='word_1_130' title='bbox 553 2152 587 2215; x_wconf 91' lang='lat' dir='ltr'><strong>et</strong></span> <span class='ocrx_word' id='word_1_131' title='bbox 611 2150 859 2232; x_wconf 86' lang='lat' dir='ltr'><strong>coniugicidium</strong></span> <span class='ocrx_word' id='word_1_132' title='bbox 883 2172 941 2215; x_wconf 89' lang='lat' dir='ltr'><strong>seu</strong></span> <span class='ocrx_word' id='word_1_133' title='bbox 965 2149 1238 2215; x_wconf 86' lang='lat' dir='ltr'><strong>machinationem</strong></span> <span class='ocrx_word' id='word_1_134' title='bbox 1257 2150 1389 2216; x_wconf 86' lang='lat' dir='ltr'><strong>mortis:</strong></span> 
     </span>
     <span class='ocr_line' id='line_1_19' title="bbox 60 2237 1390 2330; baseline -0.005 -19"><span class='ocrx_word' id='word_1_135' title='bbox 60 2245 189 2330; x_wconf 87' lang='lat' dir='ltr'><strong>primus</strong></span> <span class='ocrx_word' id='word_1_136' title='bbox 211 2240 327 2307; x_wconf 90' lang='lat' dir='ltr'><strong>modus</strong></span> <span class='ocrx_word' id='word_1_137' title='bbox 350 2261 407 2306; x_wconf 92' lang='lat' dir='ltr'><strong>seu</strong></span> <span class='ocrx_word' id='word_1_138' title='bbox 431 2238 570 2324; x_wconf 86' lang='lat' dir='ltr'><strong>primurn</strong></span> <span class='ocrx_word' id='word_1_139' title='bbox 594 2237 860 2323; x_wconf 87' lang='lat' dir='ltr'><strong>impedimentum</strong></span> <span class='ocrx_word' id='word_1_140' title='bbox 891 2239 1010 2304; x_wconf 92' lang='lat' dir='ltr'><strong>dicitur</strong></span> <span class='ocrx_word' id='word_1_141' title='bbox 1037 2247 1165 2318; x_wconf 68' lang='lat' dir='ltr'><strong>,tacut-ro</strong></span> <span class='ocrx_word' id='word_1_142' title='bbox 1189 2241 1390 2305; x_wconf 80' lang='lat' dir='ltr'><strong>machinante</strong></span> 
     </span>
     <span class='ocr_line' id='line_1_20' title="bbox 60 2327 1391 2420; baseline -0.006 -19"><span class='ocrx_word' id='word_1_143' title='bbox 60 2356 118 2401; x_wconf 79' lang='lat' dir='ltr'><strong>seu</strong></span> <span class='ocrx_word' id='word_1_144' title='bbox 139 2329 322 2420; x_wconf 79' lang='lat' dir='ltr'><strong>patrante“,</strong></span> <span class='ocrx_word' id='word_1_145' title='bbox 347 2329 375 2394; x_wconf 92' lang='lat' dir='ltr'><strong>si</strong></span> <span class='ocrx_word' id='word_1_146' title='bbox 398 2330 503 2395; x_wconf 91' lang='lat' dir='ltr'><strong>solum</strong></span> <span class='ocrx_word' id='word_1_147' title='bbox 527 2329 623 2393; x_wconf 89' lang='lat' dir='ltr'><strong>adest</strong></span> <span class='ocrx_word' id='word_1_148' title='bbox 646 2329 842 2394; x_wconf 83' lang='lat' dir='ltr'><strong>adulterium</strong></span> <span class='ocrx_word' id='word_1_149' title='bbox 866 2349 938 2393; x_wconf 92' lang='lat' dir='ltr'><strong>cum</strong></span> <span class='ocrx_word' id='word_1_150' title='bbox 962 2327 1177 2413; x_wconf 85' lang='lat' dir='ltr'><strong>promissione</strong></span> <span class='ocrx_word' id='word_1_151' title='bbox 1193 2328 1391 2395; x_wconf 86' lang='lat' dir='ltr'><strong>matrimonii</strong></span> 
     </span>
     <span class='ocr_line' id='line_1_21' title="bbox 61 2417 1392 2501; baseline -0.005 -12"><span class='ocrx_word' id='word_1_152' title='bbox 61 2421 183 2497; x_wconf 78' lang='lat' dir='ltr'><strong>iuturi3</strong></span> <span class='ocrx_word' id='word_1_153' title='bbox 217 2419 378 2486; x_wconf 88' lang='lat' dir='ltr'><strong>secundus</strong></span> <span class='ocrx_word' id='word_1_154' title='bbox 410 2417 526 2483; x_wconf 91' lang='lat' dir='ltr'><strong>modus</strong></span> <span class='ocrx_word' id='word_1_155' title='bbox 558 2439 616 2482; x_wconf 92' lang='lat' dir='ltr'><strong>seu</strong></span> <span class='ocrx_word' id='word_1_156' title='bbox 648 2418 825 2483; x_wconf 88' lang='lat' dir='ltr'><strong>secundum</strong></span> <span class='ocrx_word' id='word_1_157' title='bbox 857 2417 1125 2501; x_wconf 88' lang='lat' dir='ltr'><strong>impedimentum</strong></span> <span class='ocrx_word' id='word_1_158' title='bbox 1158 2417 1277 2484; x_wconf 88' lang='lat' dir='ltr'><strong>dicitur</strong></span> <span class='ocrx_word' id='word_1_159' title='bbox 1308 2440 1392 2499; x_wconf 85' lang='lat' dir='ltr'><strong>,uno</strong></span> 
     </span>
     <span class='ocr_line' id='line_1_22' title="bbox 59 2507 1392 2601; baseline -0.004 -24"><span class='ocrx_word' id='word_1_160' title='bbox 59 2509 245 2601; x_wconf 83' lang='lat' dir='ltr'><strong>putruntc“,</strong></span> <span class='ocrx_word' id='word_1_161' title='bbox 270 2508 298 2574; x_wconf 92' lang='lat' dir='ltr'><strong>si</strong></span> <span class='ocrx_word' id='word_1_162' title='bbox 321 2529 394 2574; x_wconf 91' lang='lat' dir='ltr'><strong>cum</strong></span> <span class='ocrx_word' id='word_1_163' title='bbox 417 2507 578 2573; x_wconf 87' lang='lat' dir='ltr'><strong>adulterio</strong></span> <span class='ocrx_word' id='word_1_164' title='bbox 602 2507 808 2591; x_wconf 82' lang='lat' dir='ltr'><strong>coniungitur</strong></span> <span class='ocrx_word' id='word_1_165' title='bbox 839 2507 1087 2591; x_wconf 83' lang='lat' dir='ltr'><strong>coniugicidium</strong></span> <span class='ocrx_word' id='word_1_166' title='bbox 1112 2507 1153 2573; x_wconf 86' lang='lat' dir='ltr'><strong>ab</strong></span> <span class='ocrx_word' id='word_1_167' title='bbox 1176 2529 1240 2571; x_wconf 92' lang='lat' dir='ltr'><strong>uno</strong></span> <span class='ocrx_word' id='word_1_168' title='bbox 1264 2507 1392 2573; x_wconf 89' lang='lat' dir='ltr'><strong>adulte·</strong></span> 
     </span>
    </p>
   </div>
   <div class='ocr_carea' id='block_1_8' title="bbox 61 2596 1395 3670">
    <p class='ocr_par' dir='ltr' id='par_1_9' title="bbox 61 2596 1391 2865">
     <span class='ocr_line' id='line_1_23' title="bbox 61 2596 1391 2683; baseline -0.005 -16"><span class='ocrx_word' id='word_1_169' title='bbox 61 2622 175 2667; x_wconf 90' lang='lat' dir='ltr'><strong>rorum</strong></span> <span class='ocrx_word' id='word_1_170' title='bbox 207 2602 392 2683; x_wconf 87' lang='lat' dir='ltr'><strong>patratum,</strong></span> <span class='ocrx_word' id='word_1_171' title='bbox 429 2597 491 2662; x_wconf 91' lang='lat' dir='ltr'><strong>etsi</strong></span> <span class='ocrx_word' id='word_1_172' title='bbox 524 2596 695 2680; x_wconf 87' lang='lat' dir='ltr'><strong>promissio</strong></span> <span class='ocrx_word' id='word_1_173' title='bbox 726 2596 924 2663; x_wconf 89' lang='lat' dir='ltr'><strong>matrimonii</strong></span> <span class='ocrx_word' id='word_1_174' title='bbox 957 2596 1095 2673; x_wconf 86' lang='lat' dir='ltr'><strong>afuerit;</strong></span> <span class='ocrx_word' id='word_1_175' title='bbox 1127 2596 1245 2663; x_wconf 88' lang='lat' dir='ltr'><strong>tertius</strong></span> <span class='ocrx_word' id='word_1_176' title='bbox 1277 2597 1391 2662; x_wconf 89' lang='lat' dir='ltr'><strong>modus</strong></span> 
     </span>
     <span class='ocr_line' id='line_1_24' title="bbox 63 2685 1391 2773; baseline -0.005 -17"><span class='ocrx_word' id='word_1_177' title='bbox 63 2689 185 2756; x_wconf 88' lang='lat' dir='ltr'><strong>dicitur</strong></span> <span class='ocrx_word' id='word_1_178' title='bbox 216 2695 367 2773; x_wconf 81' lang='lat' dir='ltr'><strong>,utroque</strong></span> <span class='ocrx_word' id='word_1_179' title='bbox 384 2685 571 2772; x_wconf 78' lang='lat' dir='ltr'><strong>patrante“,</strong></span> <span class='ocrx_word' id='word_1_180' title='bbox 610 2687 637 2750; x_wconf 93' lang='lat' dir='ltr'><strong>si</strong></span> <span class='ocrx_word' id='word_1_181' title='bbox 667 2686 820 2753; x_wconf 87' lang='lat' dir='ltr'><strong>videlicet</strong></span> <span class='ocrx_word' id='word_1_182' title='bbox 850 2687 949 2753; x_wconf 87' lang='lat' dir='ltr'><strong>etiam</strong></span> <span class='ocrx_word' id='word_1_183' title='bbox 980 2686 1050 2751; x_wconf 93' lang='lat' dir='ltr'><strong>sins</strong></span> <span class='ocrx_word' id='word_1_184' title='bbox 1077 2685 1237 2751; x_wconf 90' lang='lat' dir='ltr'><strong>adulterio</strong></span> <span class='ocrx_word' id='word_1_185' title='bbox 1261 2687 1319 2751; x_wconf 87' lang='lat' dir='ltr'><strong>sed</strong></span> <span class='ocrx_word' id='word_1_186' title='bbox 1342 2686 1391 2750; x_wconf 93' lang='lat' dir='ltr'><strong>in·</strong></span> 
     </span>
     <span class='ocr_line' id='line_1_25' title="bbox 62 2774 1391 2865; baseline -0.004 -19"><span class='ocrx_word' id='word_1_187' title='bbox 62 2778 153 2846; x_wconf 88' lang='lat' dir='ltr'><strong>tuitu</strong></span> <span class='ocrx_word' id='word_1_188' title='bbox 177 2775 375 2865; x_wconf 71' lang='lat' dir='ltr'><strong>matrimonii</strong></span> <span class='ocrx_word' id='word_1_189' title='bbox 399 2775 485 2841; x_wconf 90' lang='lat' dir='ltr'><strong>inter</strong></span> <span class='ocrx_word' id='word_1_190' title='bbox 508 2796 543 2839; x_wconf 88' lang='lat' dir='ltr'><strong>ee</strong></span> <span class='ocrx_word' id='word_1_191' title='bbox 567 2775 697 2840; x_wconf 90' lang='lat' dir='ltr'><strong>ineundi</strong></span> <span class='ocrx_word' id='word_1_192' title='bbox 717 2776 779 2842; x_wconf 91' lang='lat' dir='ltr'><strong>duo</strong></span> <span class='ocrx_word' id='word_1_193' title='bbox 797 2777 1068 2861; x_wconf 86' lang='lat' dir='ltr'><strong>conspiraverunt</strong></span> <span class='ocrx_word' id='word_1_194' title='bbox 1083 2775 1116 2839; x_wconf 90' lang='lat' dir='ltr'><strong>in</strong></span> <span class='ocrx_word' id='word_1_195' title='bbox 1133 2774 1391 2857; x_wconf 85' lang='lat' dir='ltr'><strong>coniugicidium.</strong></span> 
     </span>
    </p>

    <p class='ocr_par' dir='ltr' id='par_1_10' title="bbox 61 2863 1392 3040">
     <span class='ocr_line' id='line_1_26' title="bbox 155 2863 1392 2949; baseline -0.002 -18"><span class='ocrx_word' id='word_1_196' title='bbox 155 2865 275 2943; x_wconf 87' lang='lat' dir='ltr'><strong>Quodsi</strong></span> <span class='ocrx_word' id='word_1_197' title='bbox 302 2865 498 2931; x_wconf 89' lang='lat' dir='ltr'><strong>adulterium</strong></span> <span class='ocrx_word' id='word_1_198' title='bbox 529 2865 706 2931; x_wconf 89' lang='lat' dir='ltr'><strong>accesserit</strong></span> <span class='ocrx_word' id='word_1_199' title='bbox 735 2870 769 2932; x_wconf 89' lang='lat' dir='ltr'><strong>et</strong></span> <span class='ocrx_word' id='word_1_200' title='bbox 798 2865 969 2949; x_wconf 87' lang='lat' dir='ltr'><strong>promissio</strong></span> <span class='ocrx_word' id='word_1_201' title='bbox 998 2863 1194 2929; x_wconf 89' lang='lat' dir='ltr'><strong>matrimonii</strong></span> <span class='ocrx_word' id='word_1_202' title='bbox 1219 2884 1290 2927; x_wconf 91' lang='lat' dir='ltr'><strong>curn</strong></span> <span class='ocrx_word' id='word_1_203' title='bbox 1316 2885 1392 2928; x_wconf 91' lang='lat' dir='ltr'><strong>con-</strong></span> 
     </span>
     <span class='ocr_line' id='line_1_27' title="bbox 61 2953 705 3040; baseline -0.008 -17"><span class='ocrx_word' id='word_1_204' title='bbox 61 2955 228 3040; x_wconf 74' lang='lat' dir='ltr'><strong>iugicidiq</strong></span> <span class='ocrx_word' id='word_1_205' title='bbox 252 2955 353 3020; x_wconf 89' lang='lat' dir='ltr'><strong>habes</strong></span> <span class='ocrx_word' id='word_1_206' title='bbox 376 2954 440 3019; x_wconf 91' lang='lat' dir='ltr'><strong>duo</strong></span> <span class='ocrx_word' id='word_1_207' title='bbox 463 2953 705 3036; x_wconf 87' lang='lat' dir='ltr'><strong>impedimenta.</strong></span> 
     </span>
    </p>

    <p class='ocr_par' dir='ltr' id='par_1_11' title="bbox 63 3048 1395 3670">
     <span class='ocr_line' id='line_1_28' title="bbox 155 3048 1393 3138; baseline -0.004 -19"><span class='ocrx_word' id='word_1_208' title='bbox 155 3054 193 3120; x_wconf 82' lang='lat' dir='ltr'><strong>a.</strong></span> <span class='ocrx_word' id='word_1_209' title='bbox 220 3055 250 3121; x_wconf 89' lang='lat'><strong>2.</strong></span> <span class='ocrx_word' id='word_1_210' title='bbox 296 3052 344 3118; x_wconf 92' lang='lat' dir='ltr'><strong>Ut</strong></span> <span class='ocrx_word' id='word_1_211' title='bbox 371 3055 510 3138; x_wconf 80' lang='lat' dir='ltr'><strong>priorum</strong></span> <span class='ocrx_word' id='word_1_212' title='bbox 540 3050 806 3133; x_wconf 87' lang='lat' dir='ltr'><strong>impedimentum</strong></span> <span class='ocrx_word' id='word_1_213' title='bbox 841 3054 975 3127; x_wconf 92' lang='lat' dir='ltr'><strong>,neutro</strong></span> <span class='ocrx_word' id='word_1_214' title='bbox 1007 3052 1179 3134; x_wconf 58' lang='lat' dir='ltr'><strong>patrante</strong></span> <span class='ocrx_word' id='word_1_215' title='bbox 1207 3048 1309 3125; x_wconf 87' lang='lat' dir='ltr'><strong>adsit,</strong></span> <span class='ocrx_word' id='word_1_216' title='bbox 1340 3070 1393 3114; x_wconf 89' lang='lat' dir='ltr'><strong>re·</strong></span> 
     </span>
     <span class='ocr_line' id='line_1_29' title="bbox 63 3137 1393 3228; baseline -0.005 -19"><span class='ocrx_word' id='word_1_217' title='bbox 63 3143 207 3228; x_wconf 89' lang='lat' dir='ltr'><strong>quiritur</strong></span> <span class='ocrx_word' id='word_1_218' title='bbox 238 3141 271 3222; x_wconf 71' lang='lat'><strong>1&gt;</strong></span> <span class='ocrx_word' id='word_1_219' title='bbox 294 3145 331 3207; x_wconf 91' lang='lat' dir='ltr'><strong>ut</strong></span> <span class='ocrx_word' id='word_1_220' title='bbox 353 3142 456 3206; x_wconf 87' lang='lat' dir='ltr'><strong>fuerit</strong></span> <span class='ocrx_word' id='word_1_221' title='bbox 478 3139 675 3205; x_wconf 89' lang='lat' dir='ltr'><strong>adulterium</strong></span> <span class='ocrx_word' id='word_1_222' title='bbox 706 3160 747 3204; x_wconf 86' lang='lat' dir='ltr'><strong>ex</strong></span> <span class='ocrx_word' id='word_1_223' title='bbox 778 3145 916 3222; x_wconf 84' lang='lat' dir='ltr'><strong>utraque</strong></span> <span class='ocrx_word' id='word_1_224' title='bbox 946 3145 1041 3223; x_wconf 88' lang='lat' dir='ltr'><strong>parte</strong></span> <span class='ocrx_word' id='word_1_225' title='bbox 1072 3137 1208 3203; x_wconf 87' lang='lat' dir='ltr'><strong>formale</strong></span> <span class='ocrx_word' id='word_1_226' title='bbox 1238 3159 1295 3202; x_wconf 91' lang='lat' dir='ltr'><strong>seu</strong></span> <span class='ocrx_word' id='word_1_227' title='bbox 1321 3158 1393 3203; x_wconf 91' lang='lat' dir='ltr'><strong>cum</strong></span> 
     </span>
     <span class='ocr_line' id='line_1_30' title="bbox 63 3227 1394 3311; baseline -0.006 -11"><span class='ocrx_word' id='word_1_228' title='bbox 63 3232 205 3300; x_wconf 85' lang='lat' dir='ltr'><strong>scientia</strong></span> <span class='ocrx_word' id='word_1_229' title='bbox 233 3231 428 3297; x_wconf 88' lang='lat' dir='ltr'><strong>alterutrum</strong></span> <span class='ocrx_word' id='word_1_230' title='bbox 460 3249 531 3294; x_wconf 88' lang='lat' dir='ltr'><strong>esse</strong></span> <span class='ocrx_word' id='word_1_231' title='bbox 562 3228 788 3311; x_wconf 83' lang='lat' dir='ltr'><strong>coniugatum,</strong></span> <span class='ocrx_word' id='word_1_232' title='bbox 822 3232 855 3310; x_wconf 85' lang='lat'><strong>2)</strong></span> <span class='ocrx_word' id='word_1_233' title='bbox 886 3232 923 3294; x_wconf 90' lang='lat' dir='ltr'><strong>ut</strong></span> <span class='ocrx_word' id='word_1_234' title='bbox 952 3229 1053 3294; x_wconf 85' lang='lat' dir='ltr'><strong>fuerit</strong></span> <span class='ocrx_word' id='word_1_235' title='bbox 1079 3227 1274 3293; x_wconf 87' lang='lat' dir='ltr'><strong>adulterium</strong></span> <span class='ocrx_word' id='word_1_236' title='bbox 1306 3249 1394 3293; x_wconf 91' lang='lat' dir='ltr'><strong>com·</strong></span> 
     </span>
     <span class='ocr_line' id='line_1_31' title="bbox 63 3317 1395 3408; baseline -0.005 -20"><span class='ocrx_word' id='word_1_237' title='bbox 63 3323 207 3408; x_wconf 87' lang='lat' dir='ltr'><strong>pletum,</strong></span> <span class='ocrx_word' id='word_1_238' title='bbox 239 3318 273 3400; x_wconf 89' lang='lat'><strong>3)</strong></span> <span class='ocrx_word' id='word_1_239' title='bbox 297 3324 334 3386; x_wconf 93' lang='lat' dir='ltr'><strong>ut</strong></span> <span class='ocrx_word' id='word_1_240' title='bbox 357 3318 527 3404; x_wconf 90' lang='lat' dir='ltr'><strong>promissio</strong></span> <span class='ocrx_word' id='word_1_241' title='bbox 552 3317 652 3383; x_wconf 86' lang='lat' dir='ltr'><strong>inerit</strong></span> <span class='ocrx_word' id='word_1_242' title='bbox 676 3339 755 3383; x_wconf 89' lang='lat' dir='ltr'><strong>vera</strong></span> <span class='ocrx_word' id='word_1_243' title='bbox 777 3338 835 3383; x_wconf 92' lang='lat' dir='ltr'><strong>seu</strong></span> <span class='ocrx_word' id='word_1_244' title='bbox 859 3318 1081 3383; x_wconf 78' lang='lat' dir='ltr'><strong>sincerarum</strong></span> <span class='ocrx_word' id='word_1_245' title='bbox 1106 3317 1332 3401; x_wconf 89' lang='lat' dir='ltr'><strong>acceptatione</strong></span> <span class='ocrx_word' id='word_1_246' title='bbox 1355 3338 1395 3382; x_wconf 92' lang='lat' dir='ltr'><strong>ac</strong></span> 
     </span>
     <span class='ocr_line' id='line_1_32' title="bbox 63 3406 1394 3496; baseline -0.005 -19"><span class='ocrx_word' id='word_1_247' title='bbox 63 3408 332 3496; x_wconf 82' lang='lat' dir='ltr'><strong>repromissione,</strong></span> <span class='ocrx_word' id='word_1_248' title='bbox 365 3409 399 3488; x_wconf 82' lang='grc'><strong>4)</strong></span> <span class='ocrx_word' id='word_1_249' title='bbox 423 3411 460 3473; x_wconf 92' lang='lat' dir='ltr'><strong>ut</strong></span> <span class='ocrx_word' id='word_1_250' title='bbox 483 3407 583 3472; x_wconf 85' lang='lat' dir='ltr'><strong>fuerit</strong></span> <span class='ocrx_word' id='word_1_251' title='bbox 613 3411 724 3473; x_wconf 89' lang='lat' dir='ltr'><strong>stante</strong></span> <span class='ocrx_word' id='word_1_252' title='bbox 754 3407 865 3472; x_wconf 88' lang='lat' dir='ltr'><strong>eodem</strong></span> <span class='ocrx_word' id='word_1_253' title='bbox 896 3406 1102 3472; x_wconf 89' lang='lat' dir='ltr'><strong>matrimonio</strong></span> <span class='ocrx_word' id='word_1_254' title='bbox 1125 3406 1297 3491; x_wconf 88' lang='lat' dir='ltr'><strong>promissio</strong></span> <span class='ocrx_word' id='word_1_255' title='bbox 1321 3428 1394 3471; x_wconf 91' lang='lat' dir='ltr'><strong>cum</strong></span> 
     </span>
     <span class='ocr_line' id='line_1_33' title="bbox 63 3495 1394 3580; baseline -0.005 -13"><span class='ocrx_word' id='word_1_256' title='bbox 63 3498 229 3567; x_wconf 86' lang='lat' dir='ltr'><strong>adulterio</strong></span> <span class='ocrx_word' id='word_1_257' title='bbox 260 3498 432 3563; x_wconf 88' lang='lat' dir='ltr'><strong>coniuncta</strong></span> <span class='ocrx_word' id='word_1_258' title='bbox 471 3517 531 3561; x_wconf 91' lang='lat' dir='ltr'><strong>nec</strong></span> <span class='ocrx_word' id='word_1_259' title='bbox 561 3518 720 3580; x_wconf 89' lang='lat' dir='ltr'><strong>suspensa</strong></span> <span class='ocrx_word' id='word_1_260' title='bbox 750 3501 849 3579; x_wconf 89' lang='lat' dir='ltr'><strong>atque</strong></span> <span class='ocrx_word' id='word_1_261' title='bbox 880 3496 928 3560; x_wconf 89' lang='lat' dir='ltr'><strong>ita</strong></span> <span class='ocrx_word' id='word_1_262' title='bbox 959 3500 1011 3573; x_wconf 92' lang='lat' dir='ltr'><strong>ut,</strong></span> <span class='ocrx_word' id='word_1_263' title='bbox 1048 3496 1074 3560; x_wconf 89' lang='lat' dir='ltr'><strong>si</strong></span> <span class='ocrx_word' id='word_1_264' title='bbox 1106 3495 1192 3561; x_wconf 88' lang='lat' dir='ltr'><strong>forte</strong></span> <span class='ocrx_word' id='word_1_265' title='bbox 1222 3495 1394 3579; x_wconf 90' lang='lat' dir='ltr'><strong>promissio</strong></span> 
     </span>
     <span class='ocr_line' id='line_1_34' title="bbox 64 3585 1051 3670; baseline -0.005 -14"><span class='ocrx_word' id='word_1_266' title='bbox 64 3587 263 3656; x_wconf 86' lang='lat' dir='ltr'><strong>adulterium</strong></span> <span class='ocrx_word' id='word_1_267' title='bbox 287 3585 512 3663; x_wconf 85' lang='lat' dir='ltr'><strong>antecesserit,</strong></span> <span class='ocrx_word' id='word_1_268' title='bbox 537 3585 706 3670; x_wconf 91' lang='lat' dir='ltr'><strong>promissio</strong></span> <span class='ocrx_word' id='word_1_269' title='bbox 730 3586 861 3650; x_wconf 91' lang='lat' dir='ltr'><strong>nonsit</strong></span> <span class='ocrx_word' id='word_1_270' title='bbox 885 3589 1051 3651; x_wconf 88' lang='lat' dir='ltr'><strong>revocata.</strong></span> 
     </span>
    </p>
   </div>
   <div class='ocr_carea' id='block_1_9' title="bbox 66 3691 1395 4208">
    <p class='ocr_par' dir='ltr' id='par_1_12' title="bbox 66 3691 1395 4208">
     <span class='ocr_line' id='line_1_35' title="bbox 158 3691 1395 3775; baseline -0.002 -16"><span class='ocrx_word' id='word_1_271' title='bbox 158 3694 195 3760; x_wconf 84' lang='lat' dir='ltr'><strong>R.</strong></span> <span class='ocrx_word' id='word_1_272' title='bbox 221 3697 251 3762; x_wconf 87' lang='lat'><strong>3.</strong></span> <span class='ocrx_word' id='word_1_273' title='bbox 277 3693 319 3759; x_wconf 43' lang='lat' dir='ltr'><strong>*In</strong></span> <span class='ocrx_word' id='word_1_274' title='bbox 336 3697 433 3760; x_wconf 84' lang='lat' dir='ltr'><strong>altero</strong></span> <span class='ocrx_word' id='word_1_275' title='bbox 458 3693 592 3758; x_wconf 91' lang='lat' dir='ltr'><strong>crimine</strong></span> <span class='ocrx_word' id='word_1_276' title='bbox 608 3691 869 3775; x_wconf 79' lang='lat' dir='ltr'><strong>coniugicidium</strong></span> <span class='ocrx_word' id='word_1_277' title='bbox 893 3691 913 3758; x_wconf 91' lang='lat' dir='ltr'><strong>i.</strong></span> <span class='ocrx_word' id='word_1_278' title='bbox 939 3713 967 3757; x_wconf 85' lang='lat' dir='ltr'><strong>e.</strong></span> <span class='ocrx_word' id='word_1_279' title='bbox 992 3691 1177 3759; x_wconf 88' lang='lat' dir='ltr'><strong>interfectio</strong></span> <span class='ocrx_word' id='word_1_280' title='bbox 1203 3693 1395 3757; x_wconf 83' lang='lat' dir='ltr'><strong>alterutrius</strong></span> 
     </span>
     <span class='ocr_line' id='line_1_36' title="bbox 66 3781 1394 3865; baseline -0.006 -13"><span class='ocrx_word' id='word_1_281' title='bbox 66 3783 215 3865; x_wconf 86' lang='lat' dir='ltr'><strong>coniugis</strong></span> <span class='ocrx_word' id='word_1_282' title='bbox 248 3782 346 3849; x_wconf 89' lang='lat' dir='ltr'><strong>debet</strong></span> <span class='ocrx_word' id='word_1_283' title='bbox 378 3804 450 3847; x_wconf 89' lang='lat' dir='ltr'><strong>esse</strong></span> <span class='ocrx_word' id='word_1_284' title='bbox 484 3783 516 3865; x_wconf 87' lang='lat'><strong>1)</strong></span> <span class='ocrx_word' id='word_1_285' title='bbox 546 3805 582 3847; x_wconf 91' lang='lat' dir='ltr'><strong>re</strong></span> <span class='ocrx_word' id='word_1_286' title='bbox 612 3786 744 3861; x_wconf 88' lang='lat' dir='ltr'><strong>secuta,</strong></span> <span class='ocrx_word' id='word_1_287' title='bbox 778 3781 812 3863; x_wconf 87' lang='grc'><strong>2)</strong></span> <span class='ocrx_word' id='word_1_288' title='bbox 843 3783 884 3846; x_wconf 88' lang='lat' dir='ltr'><strong>ab</strong></span> <span class='ocrx_word' id='word_1_289' title='bbox 918 3783 1079 3847; x_wconf 88' lang='lat' dir='ltr'><strong>alterutro</strong></span> <span class='ocrx_word' id='word_1_290' title='bbox 1113 3803 1223 3846; x_wconf 90' lang='lat' dir='ltr'><strong>eorum</strong></span> <span class='ocrx_word' id='word_1_291' title='bbox 1258 3802 1394 3863; x_wconf 91' lang='lat' dir='ltr'><strong>quorum</strong></span> 
     </span>
     <span class='ocr_line' id='line_1_37' title="bbox 67 3870 1395 3955; baseline -0.006 -15"><span class='ocrx_word' id='word_1_292' title='bbox 67 3872 312 3941; x_wconf 86' lang='lat' dir='ltr'><strong>matrimonium</strong></span> <span class='ocrx_word' id='word_1_293' title='bbox 347 3893 432 3937; x_wconf 90' lang='lat' dir='ltr'><strong>nunc</strong></span> <span class='ocrx_word' id='word_1_294' title='bbox 466 3872 498 3937; x_wconf 92' lang='lat' dir='ltr'><strong>in</strong></span> <span class='ocrx_word' id='word_1_295' title='bbox 535 3872 726 3954; x_wconf 86' lang='lat' dir='ltr'><strong>quaestione</strong></span> <span class='ocrx_word' id='word_1_296' title='bbox 762 3876 812 3937; x_wconf 89' lang='lat' dir='ltr'><strong>est</strong></span> <span class='ocrx_word' id='word_1_297' title='bbox 847 3870 918 3936; x_wconf 86' lang='lat' dir='ltr'><strong>aive</strong></span> <span class='ocrx_word' id='word_1_298' title='bbox 952 3871 1087 3955; x_wconf 88' lang='lat' dir='ltr'><strong>physice</strong></span> <span class='ocrx_word' id='word_1_299' title='bbox 1121 3870 1192 3936; x_wconf 91' lang='lat' dir='ltr'><strong>sive</strong></span> <span class='ocrx_word' id='word_1_300' title='bbox 1225 3870 1395 3934; x_wconf 87' lang='lat' dir='ltr'><strong>moraliter</strong></span> 
     </span>
     <span class='ocr_line' id='line_1_38' title="bbox 67 3957 1395 4043; baseline -0.005 -14"><span class='ocrx_word' id='word_1_301' title='bbox 67 3967 207 4029; x_wconf 87' lang='lat' dir='ltr'><strong>causata</strong></span> <span class='ocrx_word' id='word_1_302' title='bbox 239 3961 425 4041; x_wconf 88' lang='lat' dir='ltr'><strong>(mandato,</strong></span> <span class='ocrx_word' id='word_1_303' title='bbox 458 3961 631 4043; x_wconf 87' lang='lat' dir='ltr'><strong>iussione),</strong></span> <span class='ocrx_word' id='word_1_304' title='bbox 666 3961 700 4043; x_wconf 87' lang='lat'><strong>3)</strong></span> <span class='ocrx_word' id='word_1_305' title='bbox 735 3982 777 4025; x_wconf 86' lang='lat' dir='ltr'><strong>ex</strong></span> <span class='ocrx_word' id='word_1_306' title='bbox 807 3960 927 4027; x_wconf 90' lang='lat' dir='ltr'><strong>intuitu</strong></span> <span class='ocrx_word' id='word_1_307' title='bbox 961 3982 1019 4025; x_wconf 90' lang='lat' dir='ltr'><strong>seu</strong></span> <span class='ocrx_word' id='word_1_308' title='bbox 1051 3958 1233 4026; x_wconf 88' lang='lat' dir='ltr'><strong>intentione</strong></span> <span class='ocrx_word' id='word_1_309' title='bbox 1262 3957 1395 4023; x_wconf 88' lang='lat' dir='ltr'><strong>ineundi</strong></span> 
     </span>
     <span class='ocr_line' id='line_1_39' title="bbox 67 4047 1395 4132; baseline -0.005 -14"><span class='ocrx_word' id='word_1_310' title='bbox 67 4051 267 4118; x_wconf 87' lang='lat' dir='ltr'><strong>matrimonii</strong></span> <span class='ocrx_word' id='word_1_311' title='bbox 283 4072 356 4115; x_wconf 90' lang='lat' dir='ltr'><strong>cum</strong></span> <span class='ocrx_word' id='word_1_312' title='bbox 373 4049 510 4132; x_wconf 87' lang='lat' dir='ltr'><strong>coniuge</strong></span> <span class='ocrx_word' id='word_1_313' title='bbox 527 4050 671 4129; x_wconf 88' lang='lat' dir='ltr'><strong>viduata,</strong></span> <span class='ocrx_word' id='word_1_314' title='bbox 696 4055 795 4132; x_wconf 89' lang='lat' dir='ltr'><strong>atque</strong></span> <span class='ocrx_word' id='word_1_315' title='bbox 819 4051 867 4116; x_wconf 88' lang='lat' dir='ltr'><strong>ita</strong></span> <span class='ocrx_word' id='word_1_316' title='bbox 883 4055 919 4116; x_wconf 93' lang='lat' dir='ltr'><strong>ut</strong></span> <span class='ocrx_word' id='word_1_317' title='bbox 935 4050 975 4115; x_wconf 88' lang='lat' dir='ltr'><strong>de</strong></span> <span class='ocrx_word' id='word_1_318' title='bbox 998 4050 1060 4116; x_wconf 87' lang='lat' dir='ltr'><strong>hac</strong></span> <span class='ocrx_word' id='word_1_319' title='bbox 1083 4049 1264 4114; x_wconf 90' lang='lat' dir='ltr'><strong>intentione</strong></span> <span class='ocrx_word' id='word_1_320' title='bbox 1285 4047 1395 4130; x_wconf 90' lang='lat' dir='ltr'><strong>aliquo</strong></span> 
     </span>
     <span class='ocr_line' id='line_1_40' title="bbox 67 4140 487 4208; baseline -0.005 0"><span class='ocrx_word' id='word_1_321' title='bbox 67 4140 165 4208; x_wconf 90' lang='lat' dir='ltr'><strong>modo</strong></span> <span class='ocrx_word' id='word_1_322' title='bbox 189 4144 325 4206; x_wconf 85' lang='lat' dir='ltr'><strong>externe</strong></span> <span class='ocrx_word' id='word_1_323' title='bbox 349 4145 487 4206; x_wconf 88' lang='lat' dir='ltr'><strong>constet.</strong></span> 
     </span>
    </p>
   </div>
   <div class='ocr_carea' id='block_1_10' title="bbox 67 4235 1397 4495">
    <p class='ocr_par' dir='ltr' id='par_1_13' title="bbox 67 4235 1397 4495">
     <span class='ocr_line' id='line_1_41' title="bbox 158 4235 1397 4318; baseline -0.003 -14"><span class='ocrx_word' id='word_1_324' title='bbox 158 4238 199 4306; x_wconf 89' lang='lat' dir='ltr'><strong>R.</strong></span> <span class='ocrx_word' id='word_1_325' title='bbox 221 4243 253 4307; x_wconf 79' lang='lat'><strong>4.</strong></span> <span class='ocrx_word' id='word_1_326' title='bbox 299 4239 336 4303; x_wconf 93' lang='lat' dir='ltr'><strong>ln</strong></span> <span class='ocrx_word' id='word_1_327' title='bbox 367 4241 457 4305; x_wconf 81' lang='lat' dir='ltr'><strong>tertio</strong></span> <span class='ocrx_word' id='word_1_328' title='bbox 480 4237 613 4302; x_wconf 89' lang='lat' dir='ltr'><strong>crimine</strong></span> <span class='ocrx_word' id='word_1_329' title='bbox 637 4236 750 4303; x_wconf 90' lang='lat' dir='ltr'><strong>debuit</strong></span> <span class='ocrx_word' id='word_1_330' title='bbox 773 4258 845 4302; x_wconf 90' lang='lat' dir='ltr'><strong>esse</strong></span> <span class='ocrx_word' id='word_1_331' title='bbox 878 4239 910 4318; x_wconf 88' lang='lat'><strong>1)</strong></span> <span class='ocrx_word' id='word_1_332' title='bbox 934 4235 1121 4302; x_wconf 85' lang='lat' dir='ltr'><strong>interiectio</strong></span> <span class='ocrx_word' id='word_1_333' title='bbox 1151 4257 1187 4301; x_wconf 91' lang='lat' dir='ltr'><strong>re</strong></span> <span class='ocrx_word' id='word_1_334' title='bbox 1217 4238 1332 4300; x_wconf 86' lang='lat' dir='ltr'><strong>secuta</strong></span> <span class='ocrx_word' id='word_1_335' title='bbox 1362 4239 1397 4300; x_wconf 89' lang='lat' dir='ltr'><strong>et</strong></span> 
     </span>
     <span class='ocr_line' id='line_1_42' title="bbox 68 4323 1396 4411; baseline -0.006 -15"><span class='ocrx_word' id='word_1_336' title='bbox 68 4332 208 4396; x_wconf 86' lang='lat' dir='ltr'><strong>causata</strong></span> <span class='ocrx_word' id='word_1_337' title='bbox 231 4332 268 4394; x_wconf 91' lang='lat' dir='ltr'><strong>ut</strong></span> <span class='ocrx_word' id='word_1_338' title='bbox 290 4333 399 4405; x_wconf 87' lang='lat' dir='ltr'><strong>antea,</strong></span> <span class='ocrx_word' id='word_1_339' title='bbox 425 4330 458 4407; x_wconf 81' lang='lat'><strong>2)</strong></span> <span class='ocrx_word' id='word_1_340' title='bbox 482 4326 680 4411; x_wconf 88' lang='lat' dir='ltr'><strong>conspiratio</strong></span> <span class='ocrx_word' id='word_1_341' title='bbox 705 4325 873 4407; x_wconf 88' lang='lat' dir='ltr'><strong>utriusque</strong></span> <span class='ocrx_word' id='word_1_342' title='bbox 896 4326 928 4389; x_wconf 90' lang='lat' dir='ltr'><strong>in</strong></span> <span class='ocrx_word' id='word_1_343' title='bbox 951 4325 1036 4390; x_wconf 89' lang='lat' dir='ltr'><strong>hanc</strong></span> <span class='ocrx_word' id='word_1_344' title='bbox 1060 4344 1182 4401; x_wconf 89' lang='lat' dir='ltr'><strong>necem,</strong></span> <span class='ocrx_word' id='word_1_345' title='bbox 1207 4326 1241 4405; x_wconf 89' lang='lat'><strong>3)</strong></span> <span class='ocrx_word' id='word_1_346' title='bbox 1258 4323 1396 4389; x_wconf 91' lang='lat' dir='ltr'><strong>intentio</strong></span> 
     </span>
     <span class='ocr_line' id='line_1_43' title="bbox 67 4412 1395 4495; baseline -0.005 -10"><span class='ocrx_word' id='word_1_347' title='bbox 67 4416 269 4485; x_wconf 89' lang='lat' dir='ltr'><strong>matrimonii</strong></span> <span class='ocrx_word' id='word_1_348' title='bbox 285 4418 326 4483; x_wconf 90' lang='lat' dir='ltr'><strong>ab</strong></span> <span class='ocrx_word' id='word_1_349' title='bbox 346 4418 506 4484; x_wconf 90' lang='lat' dir='ltr'><strong>alterutro</strong></span> <span class='ocrx_word' id='word_1_350' title='bbox 522 4417 640 4482; x_wconf 88' lang='lat' dir='ltr'><strong>saltem</strong></span> <span class='ocrx_word' id='word_1_351' title='bbox 663 4415 777 4482; x_wconf 91' lang='lat' dir='ltr'><strong>habita</strong></span> <span class='ocrx_word' id='word_1_352' title='bbox 800 4421 836 4479; x_wconf 90' lang='lat' dir='ltr'><strong>ut</strong></span> <span class='ocrx_word' id='word_1_353' title='bbox 853 4418 960 4480; x_wconf 87' lang='lat' dir='ltr'><strong>antea.</strong></span> <span class='ocrx_word' id='word_1_354' title='bbox 989 4412 1036 4480; x_wconf 82' lang='lat' dir='ltr'><strong>cf.</strong></span> <span class='ocrx_word' id='word_1_355' title='bbox 1059 4414 1114 4479; x_wconf 79' lang='lat' dir='ltr'><strong>Tlr.</strong></span> <span class='ocrx_word' id='word_1_356' title='bbox 1133 4435 1173 4479; x_wconf 86' lang='lat' dir='ltr'><strong>m.</strong></span> <span class='ocrx_word' id='word_1_357' title='bbox 1190 4413 1231 4489; x_wconf 93' lang='lat' dir='ltr'><strong>ll,</strong></span> <span class='ocrx_word' id='word_1_358' title='bbox 1249 4414 1311 4478; x_wconf 87' lang='grc'><strong>767</strong></span> <span class='ocrx_word' id='word_1_359' title='bbox 1324 4434 1395 4495; x_wconf 91' lang='lat' dir='ltr'><strong>sqq.</strong></span> 
     </span>
    </p>
   </div>
   <div class='ocr_carea' id='block_1_11' title="bbox 68 4536 1458 4719">
    <p class='ocr_par' dir='ltr' id='par_1_14' title="bbox 68 4536 1458 4719">
     <span class='ocr_line' id='line_1_44' title="bbox 160 4536 1458 4619; baseline -0.007 -10"><span class='ocrx_word' id='word_1_360' title='bbox 160 4545 213 4609; x_wconf 82' lang='lat' dir='ltr'><strong>Au</strong></span> <span class='ocrx_word' id='word_1_361' title='bbox 230 4563 420 4619; x_wconf 69' lang='lat' dir='ltr'><strong>eucnemon</strong></span> <span class='ocrx_word' id='word_1_362' title='bbox 438 4544 476 4605; x_wconf 79' lang='lat'>2¹¹¹</span> <span class='ocrx_word' id='word_1_363' title='bbox 492 4541 531 4606; x_wconf 82' lang='lat' dir='ltr'><strong>a.</strong></span> <span class='ocrx_word' id='word_1_364' title='bbox 551 4546 580 4607; x_wconf 89' lang='lat'><strong>1.</strong></span> <span class='ocrx_word' id='word_1_365' title='bbox 611 4541 742 4606; x_wconf 81' lang='lat' dir='ltr'><strong>Certum</strong></span> <span class='ocrx_word' id='word_1_366' title='bbox 766 4543 818 4604; x_wconf 89' lang='lat' dir='ltr'><strong>est</strong></span> <span class='ocrx_word' id='word_1_367' title='bbox 840 4558 904 4602; x_wconf 91' lang='lat' dir='ltr'><strong>non</strong></span> <span class='ocrx_word' id='word_1_368' title='bbox 924 4536 1046 4618; x_wconf 89' lang='lat' dir='ltr'><strong>requiri</strong></span> <span class='ocrx_word' id='word_1_369' title='bbox 1062 4537 1241 4619; x_wconf 90' lang='lat' dir='ltr'><strong>utriusque,</strong></span> <span class='ocrx_word' id='word_1_370' title='bbox 1266 4536 1458 4619; x_wconf 73' lang='lat' dir='ltr'><strong>quandoque</strong></span> 
     </span>
     <span class='ocr_line' id='line_1_45' title="bbox 68 4626 1396 4719; baseline -0.008 -19"><span class='ocrx_word' id='word_1_371' title='bbox 68 4637 219 4719; x_wconf 87' lang='lat' dir='ltr'><strong>peccant,</strong></span> <span class='ocrx_word' id='word_1_372' title='bbox 236 4632 320 4713; x_wconf 84' lang='lat' dir='ltr'><strong>legis</strong></span> <span class='ocrx_word' id='word_1_373' title='bbox 335 4630 578 4697; x_wconf 87' lang='lat' dir='ltr'><strong>ecclesiasticae</strong></span> <span class='ocrx_word' id='word_1_374' title='bbox 589 4629 855 4713; x_wconf 90' lang='lat' dir='ltr'><strong>impedimentum</strong></span> <span class='ocrx_word' id='word_1_375' title='bbox 869 4627 1011 4694; x_wconf 88' lang='lat' dir='ltr'><strong>creantis</strong></span> <span class='ocrx_word' id='word_1_376' title='bbox 1024 4626 1260 4711; x_wconf 82' lang='lat' dir='ltr'><strong>cognitionem3</strong></span> <span class='ocrx_word' id='word_1_377' title='bbox 1277 4626 1396 4692; x_wconf 87' lang='lat' dir='ltr'><strong>saltem</strong></span> 
     </span>
    </p>
   </div>
   <div class='ocr_carea' id='block_1_12' title="bbox 0 0 1542 5174">
    <p class='ocr_par' dir='ltr' id='par_1_15' title="bbox 0 0 1542 5174">
     <span class='ocr_line' id='line_1_46' title="bbox 0 0 1542 5174; baseline 0 0"><span class='ocrx_word' id='word_1_378' title='bbox 0 0 1542 5174; x_wconf 95' lang='lat' dir='ltr'><strong> </strong></span> 
     </span>
    </p>
   </div>
  </div>
 </body>
</html>
