3044 5174
348 311 390 368 Sa.
409 312 590 367 eucharistiae
608 315 759 368 asservatio
777 343 813 352 -
831 313 866 368 ad
885 313 1050 367 adorandum
1069 313 1211 383 expositio.
1399 317 1439 382 77

112 487 332 554 sacrationem
357 493 448 554 certo
472 489 614 554 validam
644 490 729 555 ratio
753 495 804 556 est
828 490 914 572 quod
936 490 970 554 in
991 490 1052 555 hoc
1076 510 1153 554 casu
1177 510 1213 554 re
1231 509 1311 554 vera
1327 488 1441 553 discri-

113 595 187 641 men
201 576 248 642 sit
263 577 415 662 apriore.
440 578 473 644 Si
485 577 592 643 forma
604 579 771 645 Ecclesiae
786 584 899 645 manet
914 579 1055 662 integra,
1072 579 1259 644 nullatenus
1276 582 1441 661 corrupta,

114 664 211 730 facile
242 670 338 750 patet
367 667 632 750 pronuntiantem
664 668 762 734 etiam
793 689 921 734 sumere
952 691 1077 734 aeneum
1107 667 1293 742 Ecclesiac;
1325 668 1382 732 sed
1413 668 1441 732 si

114 753 222 820 forma
244 755 320 839 ipsa
340 776 405 821 non
419 762 532 823 manet
547 756 686 839 integra,
710 778 825 823 sensus
842 757 1019 835 Ecclesiae,
1044 763 1081 823 ut
1096 757 1304 821 nihilominus
1326 757 1441 835 subsit,

112 847 250 927 positiva
274 853 303 910 ct
327 847 473 929 explicito
501 847 742 929 pronuntiantis
766 847 938 913 voluntate
970 840 1208 913 et'intentione
1232 845 1341 911 verbis
1365 847 1441 910 sub·

115 932 155 997 ici
180 932 296 1000 debet:
328 954 443 998 verum
473 934 505 999 id
529 933 703 1000 Severinus
735 956 798 1000 uon
826 935 924 1011 fecit,
958 957 1031 1001 cum
1055 934 1197 1019 positiva
1222 938 1256 1000 et
1286 934 1442 1018 explicita

116 1022 290 1088 voluntate
312 1021 428 1088 habuit
451 1044 581 1089 sensum
606 1044 796 1100 erroneum;
824 1024 983 1109 implicita
1006 1024 1106 1106 igitur
1130 1023 1268 1090 intentio
1292 1024 1443 1108 opposita

116 1132 180 1177 non
203 1111 339 1178 videtur
361 1111 394 1177 iu
418 1112 478 1177 hoc
502 1134 580 1178 casu
604 1133 673 1178 rem
697 1114 858 1181 evincere.

205 1218 246 1285 R.
271 1220 302 1285 3.
349 1217 580 1303 Corruptiones
610 1219 687 1286 illae
719 1220 828 1301 ,anecd
861 1220 914 1285 vel
949 1218 1081 1306 ,copus“
1115 1220 1155 1285 ab
1186 1219 1335 1286 omnibus
1365 1240 1442 1285 con-

116 1306 305 1375 siderentur
327 1308 556 1386 accidentales,
580 1330 674 1391 quae,
698 1310 783 1377 sicut
798 1310 831 1375 in
855 1308 1017 1375 communi
1040 1309 1288 1375 conversatione
1311 1329 1442 1375 sensum

118 1417 180 1461 uon
204 1395 463 1475 destruunt,'ita
485 1419 526 1463 ne
548 1397 583 1463 in
606 1398 720 1464 formis
742 1402 1021 1466 sacramentorum
1046 1398 1185 1480 quidem.

205 1501 246 1568 R.
271 1504 302 1569 4.
335 1502 369 1569 Si
392 1504 463 1569 sola
477 1503 535 1571 illa
550 1505 652 1571 verba
673 1506 882 1589 „mysterium
905 1505 997 1570 fidei“
1025 1503 1146 1570 omissa
1169 1504 1244 1582 sint,
1268 1526 1327 1588 pro
1351 1508 1505 1570 certa138

119 1591 223 1657 habeo
247 1591 542 1671 consecrationem,
573 1593 622 1660 ita
651 1598 689 1660 ut
712 1615 753 1660 ue
783 1595 985 1678 permiserim
1009 1594 1139 1677 quidem
1168 1595 1341 1660 verborum
1366 1615 1442 1659 con-

120 1680 372 1747 secratoriorum
395 1682 633 1766 repetitionem.
674 1683 739 1748 Vix
761 1705 826 1749 nou
849 1684 935 1749 idem
959 1684 999 1748 de
1022 1684 1101 1748 solis
1124 1684 1188 1748 illis
1211 1683 1321 1748 verbis
1348 1684 1441 1760 ,novi

76 1786 78 1798 '
122 1774 154 1837 et
181 1770 309 1837 aeterni
339 1772 549 1838 testamenti“
584 1771 731 1838 dixerim.
758 1773 921 1839 -Ratio
952 1777 1003 1839 est
1032 1778 1103 1837 tum
1133 1772 1209 1853 quia
1239 1794 1304 1837 non
1335 1772 1444 1837 omnia

122 1863 155 1924 et
174 1859 307 1942 singula
330 1859 388 1925 illa
410 1861 513 1928 verba
535 1861 568 1926 in
591 1861 728 1945 singulis
745 1862 887 1945 liturgiis
911 1866 1095 1936 occurrunt,
1121 1861 1160 1927 de
1177 1883 1313 1944 quarum
1330 1861 1443 1926 valore

123 1969 214 2014 nemo
245 1948 393 2026 dubitat,
428 1953 498 2015 tum
533 1950 611 2033 quia
640 1951 793 2034 analogia
828 1973 901 2017 cum
930 1950 1176 2017 consecratione
1205 1950 1299 2034 panis
1327 1950 1444 2015 suadet

124 2037 200 2104 haec
223 2037 327 2104 verba
348 2059 414 2104 uon
437 2059 510 2104 esse
533 2039 732 2106 essentialia.

208 2136 247 2204 R.
273 2137 304 2202 5.
351 2135 491 2220 Propter
518 2137 639 2203 omissa
669 2137 770 2202 verba
800 2137 865 2202 alia
898 2141 972 2224 ,qui
997 2190 1055 2203 ...
1081 2137 1262 2220 effundetur
1286 2135 1360 2202 etc.“
1389 2157 1443 2202 ra·

126 2225 309 2291 tiouabilior
324 2225 450 2309 concipi
465 2229 576 2310 potest
591 2225 761 2292 dubitatio.
801 2226 908 2303 Quare
928 2247 992 2291 non
1016 2226 1249 2309 reprehendam
1266 2226 1443 2292 ullomodo

128 2333 194 2379 eum
225 2313 280 2397 qui
304 2334 347 2379 ex
375 2315 436 2380 hac
465 2315 593 2383 ratione
623 2319 754 2400 repetat
783 2316 1062 2381 consecrationem
1092 2315 1218 2391 calicis;
1251 2315 1309 2380 sed
1339 2336 1443 2398 neque

129 2422 196 2468 eum
218 2404 274 2487 qui
296 2424 363 2469 uon
385 2409 538 2488 repetens
561 2405 728 2489 procedat.
779 2406 835 2469 Tb.
861 2428 901 2470 m.
926 2405 967 2483 Il,
996 2406 1068 2470 129.

427 2595 701 2663 ASSERVATIO
727 2597 782 2663 SS.
807 2595 1142 2664 EUCHARISTIAE.

690 2763 800 2829 Casus,
819 2769 877 2838 (39)

209 2900 374 2978 Procopius
395 2901 522 2979 amplam
543 2902 633 2961 habet
654 2902 825 2979 parochiam
840 2903 1004 2978 complures
1019 2921 1112 2978 pagos
1128 2901 1370 2979 complectentem
1392 2919 1444 2977 per

132 2980 235 3058 aliquot
254 2981 359 3041 leucas
379 2980 409 3039 iu
437 2980 572 3042 circmtu.
613 2981 671 3042 Pro
699 2982 809 3041 maiore
837 2983 988 3041 commodo
1017 2982 1143 3042 fidelium
1173 2983 1281 3041 adsunt
1303 2982 1377 3039 duae
1399 3000 1444 3039 ec·

132 3060 231 3122 clasiae
252 3061 360 3122 filiales
382 3062 419 3120 ad
440 3081 514 3139 quas
534 3063 683 3139 parochus
705 3069 774 3121 ante
789 3062 909 3122 missam
933 3063 1129 3139 parochialem
1152 3063 1275 3121 alternis
1290 3061 1444 3119 dominicis

132 3142 328 3202 celebraturus
348 3141 471 3202 accedit.
501 3140 564 3212 Quo
585 3143 680 3202 maius
700 3144 831 3202 habeant
851 3143 953 3202 fideles
976 3142 1119 3202 solacium
1139 3149 1169 3201 et
1190 3162 1246 3218 quo
1267 3140 1386 3200 facilius
1407 3142 1444 3200 iis

132 3220 155 3279 in
172 3241 246 3282 casu
268 3222 361 3281 morbi
382 3222 530 3299 provideri
550 3225 655 3300 possit,
677 3224 706 3282 in
728 3230 851 3300 utraque
874 3223 1001 3282 ecclesia
1022 3222 1104 3280 filiali
1126 3222 1264 3298 relinquit
1282 3242 1322 3281 ss.
1338 3221 1444 3281 eucha-

86 3366 88 3379 .
131 3301 225 3362 nedae
245 3307 481 3375 sacramentum,
503 3304 617 3362 clavem
637 3304 822 3362 tabernaculi
844 3322 990 3380 reponens
1012 3303 1042 3361 in
1063 3301 1216 3372 sacristia,
1247 3304 1289 3361 ita
1311 3309 1343 3361 ut
1364 3302 1445 3361 solus

86 3390 91 3445 i
131 3383 259 3443 aedituus
279 3382 325 3442 rei
344 3382 480 3442 notitiam
502 3383 626 3455 habeat;
648 3385 870 3443 tabernaculum
891 3404 962 3443 vero
978 3390 1024 3443 est
1038 3385 1150 3443 formae
1164 3383 1250 3442 valde
1265 3383 1442 3459 primitivae,

131 3461 184 3523 siue
206 3468 317 3523 ornatu
336 3462 417 3522 intus
444 3469 476 3523 et
496 3464 643 3531 exterius,
673 3464 813 3523 ciborium
842 3463 906 3523 sine
934 3464 1009 3523 velo.
1052 3462 1134 3532 Quae
1164 3464 1263 3522 omnia
1284 3463 1445 3539 Procopius

131 3543 236 3603 ratione
258 3542 426 3620 paupertat
417 3562 444 3602 1s
465 3550 597 3602 excusat
627 3542 713 3613 Quor·
705 3564 749 3603 res
771 3544 898 3602 autern
890 3564 920 3602 m
943 3543 1070 3602 ecclesia
1091 3543 1174 3602 filiali
1196 3544 1335 3614 celebrat,
1358 3543 1444 3602 simul

133 3624 245 3701 exponit
265 3643 306 3683 ss
328 3628 497 3683 sacrament
498 3642 561 3694 um,
593 3643 649 3699 quo
672 3630 843 3701 compenset
863 3625 1016 3700 penuriam
1037 3624 1240 3699 liturgicarum
1261 3590 1353 3682 funcl'
1332 3628 1444 3682 tronum

133 3719 208 3776 quam
229 3703 262 3762 hi
282 3703 385 3763 fideles
405 3703 469 3781 pati
490 3702 605 3763 dehent.

76 3814 352 3885 mturmwal
372 3818 423 3878 uhi
443 3838 482 3878 ss.
505 3818 686 3878 eucharistia
707 3818 856 3877 asservari
878 3820 985 3878 debeat
1007 3821 1054 3878 vel
1075 3819 1178 3896 possit.

322 3907 353 3966 2⁰
374 3926 449 3983 quae
477 3907 539 3966 sint
564 3907 722 3985 praecipue
749 3908 831 3982 leges
859 3908 982 3967 rituales
1013 3908 1048 3967 dc
1070 3928 1110 3968 ss.
1132 3908 1329 3967 eucharistiae
1351 3928 1445 3967 asser·

375 3988 503 4047 vatione.

324 4078 354 4135 3ο
375 4076 443 4152 quid
464 4077 499 4135 da
521 4076 629 4152 agendi
649 4077 763 4135 ratione
784 4076 919 4153 Procopii
942 4076 1095 4135 dicendum
1117 4077 1165 4136 sit.

717 4259 852 4327 Solutio.

76 4374 90 4505 f,
209 4402 263 4468 Au
293 4402 665 4478 aversaremur.
714 4402 763 4469 Ss
787 4402 984 4467 eucharistia
1007 4407 1076 4465 iure
1100 4403 1302 4467 asservanda
1332 4400 1420 4465 est
1412 4422 1444 4462 m
1457 4413 1508 4468 134

76 4492 269 4573 ecclesiis
293 4491 552 4570 cathedralibus,
572 4491 838 4593 ‘parochialibus
871 4492 903 4555 in
935 4489 1082 4555 ecclesiis
1105 4491 1362 4572 regulariumet
1329 4489 1445 4554 etsub

76 4556 426 4738 {ilsmffigdausm
456 4581 636 4646 viventium
667 4580 865 4648 monialium
914 4579 1445 4663 S.A1ph.V1‚424;Maro
