<?xml version="1.0" encoding="UTF-8"?>
<!DOCTYPE html PUBLIC "-//W3C//DTD XHTML 1.0 Transitional//EN"
    "http://www.w3.org/TR/xhtml1/DTD/xhtml1-transitional.dtd">
<html xmlns="http://www.w3.org/1999/xhtml" xml:lang="en" lang="en">
 <head>
  <title>
</title>
<meta http-equiv="Content-Type" content="text/html;charset=utf-8" />
  <meta name='ocr-system' content='tesseract 3.04.00' />
  <meta name='ocr-capabilities' content='ocr_page ocr_carea ocr_par ocr_line ocrx_word'/>
</head>
<body>
  <div class='ocr_page' id='page_1' title='image "./casusconscienti00lehmgoog_0502.png"; bbox 0 0 3044 5174; ppageno 0'>
   <div class='ocr_carea' id='block_1_1' title="bbox 78 259 1021 324">
    <p class='ocr_par' dir='ltr' id='par_1_1' title="bbox 78 259 1021 324">
     <span class='ocr_line' id='line_1_1' title="bbox 78 259 1021 324; baseline -0.01 1"><span class='ocrx_word' id='word_1_1' title='bbox 78 272 81 277; x_wconf 76' lang='grc'><strong><em>’</em></strong></span> <span class='ocrx_word' id='word_1_2' title='bbox 157 259 221 324; x_wconf 80' lang='grc'><strong>488</strong></span> <span class='ocrx_word' id='word_1_3' title='bbox 489 308 492 313; x_wconf 92' lang='grc'>.</span> <span class='ocrx_word' id='word_1_4' title='bbox 625 259 831 315; x_wconf 70' lang='lat' dir='ltr'><strong>Sacramentum</strong></span> <span class='ocrx_word' id='word_1_5' title='bbox 848 261 1021 316; x_wconf 79' lang='lat' dir='ltr'><strong>matrimonii.</strong></span> 
     </span>
    </p>
   </div>
   <div class='ocr_carea' id='block_1_2' title="bbox 154 433 1514 964">
    <p class='ocr_par' dir='ltr' id='par_1_2' title="bbox 156 433 1481 609">
     <span class='ocr_line' id='line_1_2' title="bbox 156 433 1481 524; baseline 0.005 -25"><span class='ocrx_word' id='word_1_6' title='bbox 156 456 278 518; x_wconf 83' lang='lat' dir='ltr'><strong>sponsa</strong></span> <span class='ocrx_word' id='word_1_7' title='bbox 301 433 432 500; x_wconf 92' lang='lat' dir='ltr'><strong>omnino</strong></span> <span class='ocrx_word' id='word_1_8' title='bbox 455 434 596 501; x_wconf 88' lang='lat' dir='ltr'><strong>honesta</strong></span> <span class='ocrx_word' id='word_1_9' title='bbox 618 450 791 519; x_wconf 89' lang='lat' dir='ltr'><strong>sponsum,</strong></span> <span class='ocrx_word' id='word_1_10' title='bbox 822 436 878 518; x_wconf 94' lang='lat' dir='ltr'><strong>qui</strong></span> <span class='ocrx_word' id='word_1_11' title='bbox 900 436 962 502; x_wconf 93' lang='lat' dir='ltr'><strong>hoc</strong></span> <span class='ocrx_word' id='word_1_12' title='bbox 985 437 1081 502; x_wconf 91' lang='lat' dir='ltr'><strong>modo</strong></span> <span class='ocrx_word' id='word_1_13' title='bbox 1105 458 1242 519; x_wconf 87' lang='lat' dir='ltr'><strong>gravem</strong></span> <span class='ocrx_word' id='word_1_14' title='bbox 1267 439 1481 524; x_wconf 83' lang='lat' dir='ltr'><strong>suspicionem</strong></span> 
     </span>
     <span class='ocr_line' id='line_1_3' title="bbox 157 523 1481 609; baseline 0.005 -20"><span class='ocrx_word' id='word_1_15' title='bbox 157 523 326 591; x_wconf 86' lang='lat' dir='ltr'><strong>fidelitatis</strong></span> <span class='ocrx_word' id='word_1_16' title='bbox 349 545 413 588; x_wconf 90' lang='lat' dir='ltr'><strong>non</strong></span> <span class='ocrx_word' id='word_1_17' title='bbox 437 524 621 590; x_wconf 88' lang='lat' dir='ltr'><strong>servandae</strong></span> <span class='ocrx_word' id='word_1_18' title='bbox 636 526 782 609; x_wconf 89' lang='lat' dir='ltr'><strong>praebet.</strong></span> <span class='ocrx_word' id='word_1_19' title='bbox 814 525 1124 592; x_wconf 74' lang='lat' dir='ltr'><strong>Bellen-Palm.</strong></span> <span class='ocrx_word' id='word_1_20' title='bbox 1141 528 1162 593; x_wconf 93' lang='lat' dir='ltr'><strong>l.</strong></span> <span class='ocrx_word' id='word_1_21' title='bbox 1181 548 1209 594; x_wconf 89' lang='lat' dir='ltr'><strong>c.</strong></span> <span class='ocrx_word' id='word_1_22' title='bbox 1225 549 1257 594; x_wconf 91' lang='lat' dir='ltr'><strong>n.</strong></span> <span class='ocrx_word' id='word_1_23' title='bbox 1276 531 1344 594; x_wconf 84' lang='lat'><strong>302</strong></span> <span class='ocrx_word' id='word_1_24' title='bbox 1362 534 1397 595; x_wconf 91' lang='lat' dir='ltr'><strong>et</strong></span> <span class='ocrx_word' id='word_1_25' title='bbox 1412 534 1481 597; x_wconf 82' lang='lat'><strong>303.</strong></span> 
     </span>
    </p>

    <p class='ocr_par' dir='ltr' id='par_1_3' title="bbox 154 613 1514 964">
     <span class='ocr_line' id='line_1_4' title="bbox 245 613 1483 699; baseline 0.005 -20"><span class='ocrx_word' id='word_1_26' title='bbox 245 613 333 679; x_wconf 89' lang='lat' dir='ltr'><strong>Nam</strong></span> <span class='ocrx_word' id='word_1_27' title='bbox 355 613 384 678; x_wconf 90' lang='lat' dir='ltr'><strong>si</strong></span> <span class='ocrx_word' id='word_1_28' title='bbox 407 613 447 678; x_wconf 90' lang='lat' dir='ltr'><strong>de</strong></span> <span class='ocrx_word' id='word_1_29' title='bbox 470 613 521 678; x_wconf 89' lang='lat' dir='ltr'><strong>his</strong></span> <span class='ocrx_word' id='word_1_30' title='bbox 536 614 682 698; x_wconf 88' lang='lat' dir='ltr'><strong>peccatis</strong></span> <span class='ocrx_word' id='word_1_31' title='bbox 699 618 777 681; x_wconf 89' lang='lat' dir='ltr'><strong>ante</strong></span> <span class='ocrx_word' id='word_1_32' title='bbox 799 614 966 698; x_wconf 79' lang='lat' dir='ltr'><strong>sponsalia</strong></span> <span class='ocrx_word' id='word_1_33' title='bbox 989 615 1170 681; x_wconf 84' lang='lat' dir='ltr'><strong>commissis</strong></span> <span class='ocrx_word' id='word_1_34' title='bbox 1185 618 1309 699; x_wconf 86' lang='lat' dir='ltr'><strong>agitur,</strong></span> <span class='ocrx_word' id='word_1_35' title='bbox 1335 623 1374 684; x_wconf 93' lang='lat' dir='ltr'><strong>ut</strong></span> <span class='ocrx_word' id='word_1_36' title='bbox 1390 639 1483 685; x_wconf 86' lang='lat' dir='ltr'><strong>causa</strong></span> 
     </span>
     <span class='ocr_line' id='line_1_5' title="bbox 155 700 1514 791; baseline 0.004 -24"><span class='ocrx_word' id='word_1_37' title='bbox 155 702 223 768; x_wconf 86' lang='lat' dir='ltr'><strong>sint</strong></span> <span class='ocrx_word' id='word_1_38' title='bbox 245 701 421 780; x_wconf 90' lang='lat' dir='ltr'><strong>resiliendi,</strong></span> <span class='ocrx_word' id='word_1_39' title='bbox 446 701 567 769; x_wconf 91' lang='lat' dir='ltr'><strong>debent</strong></span> <span class='ocrx_word' id='word_1_40' title='bbox 590 703 746 769; x_wconf 86' lang='lat' dir='ltr'><strong>accedere</strong></span> <span class='ocrx_word' id='word_1_41' title='bbox 763 703 1030 771; x_wconf 73' lang='lat' dir='ltr'><strong>circumstantiae</strong></span> <span class='ocrx_word' id='word_1_42' title='bbox 1046 710 1282 787; x_wconf 72' lang='lat' dir='ltr'><strong>aggravantes,</strong></span> <span class='ocrx_word' id='word_1_43' title='bbox 1308 729 1395 790; x_wconf 90' lang='lat' dir='ltr'><strong>quae</strong></span> <span class='ocrx_word' id='word_1_44' title='bbox 1412 730 1482 791; x_wconf 83' lang='lat' dir='ltr'><strong>gra·</strong></span> <span class='ocrx_word' id='word_1_45' title='bbox 1511 700 1514 783; x_wconf 85' lang='grc' dir='ltr'>Ι</span> 
     </span>
     <span class='ocr_line' id='line_1_6' title="bbox 156 791 1482 880; baseline 0.005 -24"><span class='ocrx_word' id='word_1_46' title='bbox 156 813 230 858; x_wconf 92' lang='lat' dir='ltr'><strong>vem</strong></span> <span class='ocrx_word' id='word_1_47' title='bbox 248 796 391 874; x_wconf 86' lang='lat' dir='ltr'><strong>arguant</strong></span> <span class='ocrx_word' id='word_1_48' title='bbox 406 791 579 857; x_wconf 89' lang='lat' dir='ltr'><strong>levitatem</strong></span> <span class='ocrx_word' id='word_1_49' title='bbox 594 814 785 875; x_wconf 88' lang='lat' dir='ltr'><strong>morumque</strong></span> <span class='ocrx_word' id='word_1_50' title='bbox 802 793 1045 877; x_wconf 85' lang='lat' dir='ltr'><strong>corruptionem</strong></span> <span class='ocrx_word' id='word_1_51' title='bbox 1057 815 1162 877; x_wconf 89' lang='lat' dir='ltr'><strong>neque</strong></span> <span class='ocrx_word' id='word_1_52' title='bbox 1178 795 1286 862; x_wconf 87' lang='lat' dir='ltr'><strong>locum</strong></span> <span class='ocrx_word' id='word_1_53' title='bbox 1298 797 1482 880; x_wconf 83' lang='lat' dir='ltr'><strong>relinquant</strong></span> 
     </span>
     <span class='ocr_line' id='line_1_7' title="bbox 154 880 1043 964; baseline 0.007 -18"><span class='ocrx_word' id='word_1_54' title='bbox 154 881 314 947; x_wconf 84' lang='lat' dir='ltr'><strong>fundatae</strong></span> <span class='ocrx_word' id='word_1_55' title='bbox 337 880 407 964; x_wconf 91' lang='lat' dir='ltr'><strong>spei</strong></span> <span class='ocrx_word' id='word_1_56' title='bbox 430 880 614 947; x_wconf 85' lang='lat' dir='ltr'><strong>servandae</strong></span> <span class='ocrx_word' id='word_1_57' title='bbox 636 881 670 946; x_wconf 91' lang='lat' dir='ltr'><strong>iu</strong></span> <span class='ocrx_word' id='word_1_58' title='bbox 694 882 839 948; x_wconf 86' lang='lat' dir='ltr'><strong>futurum</strong></span> <span class='ocrx_word' id='word_1_59' title='bbox 863 882 1043 952; x_wconf 82' lang='lat' dir='ltr'><strong>fidelitatis.</strong></span> 
     </span>
    </p>
   </div>
   <div class='ocr_carea' id='block_1_3' title="bbox 93 1004 1481 2715">
    <p class='ocr_par' dir='ltr' id='par_1_4' title="bbox 93 1004 1481 1716">
     <span class='ocr_line' id='line_1_8' title="bbox 93 1004 1479 1092; baseline 0.009 -29"><span class='ocrx_word' id='word_1_60' title='bbox 93 1008 145 1064; x_wconf 84' lang='lat'><strong>850</strong></span> <span class='ocrx_word' id='word_1_61' title='bbox 243 1005 297 1071; x_wconf 83' lang='lat' dir='ltr'><strong>An</strong></span> <span class='ocrx_word' id='word_1_62' title='bbox 320 1024 512 1080; x_wconf 65' lang='lat' dir='ltr'><strong>eudaemon</strong></span> <span class='ocrx_word' id='word_1_63' title='bbox 536 1008 575 1069; x_wconf 78' lang='lat' dir='ltr'><strong>3¹n</strong></span> <span class='ocrx_word' id='word_1_64' title='bbox 601 1004 640 1070; x_wconf 90' lang='lat' dir='ltr'><strong>R.</strong></span> <span class='ocrx_word' id='word_1_65' title='bbox 667 1007 695 1071; x_wconf 90' lang='lat'><strong>1.</strong></span> <span class='ocrx_word' id='word_1_66' title='bbox 742 1005 815 1070; x_wconf 89' lang='lat' dir='ltr'><strong>Hac</strong></span> <span class='ocrx_word' id='word_1_67' title='bbox 838 1004 871 1069; x_wconf 90' lang='lat' dir='ltr'><strong>in</strong></span> <span class='ocrx_word' id='word_1_68' title='bbox 901 1027 938 1071; x_wconf 91' lang='lat' dir='ltr'><strong>re</strong></span> <span class='ocrx_word' id='word_1_69' title='bbox 967 1006 1145 1072; x_wconf 90' lang='lat' dir='ltr'><strong>secundum</strong></span> <span class='ocrx_word' id='word_1_70' title='bbox 1168 1006 1201 1075; x_wconf 83' lang='lat' dir='ltr'><strong>S.</strong></span> <span class='ocrx_word' id='word_1_71' title='bbox 1224 1006 1479 1092; x_wconf 82' lang='lat' dir='ltr'><strong>Alphonsum</strong></span> 
     </span>
     <span class='ocr_line' id='line_1_9' title="bbox 157 1095 1480 1181; baseline 0.005 -22"><span class='ocrx_word' id='word_1_72' title='bbox 157 1096 218 1173; x_wconf 86' lang='lat' dir='ltr'><strong>Vl,</strong></span> <span class='ocrx_word' id='word_1_73' title='bbox 251 1096 314 1160; x_wconf 79' lang='lat'><strong>847</strong></span> <span class='ocrx_word' id='word_1_74' title='bbox 339 1096 455 1180; x_wconf 78' lang='lat' dir='ltr'><strong>triplex</strong></span> <span class='ocrx_word' id='word_1_75' title='bbox 479 1101 523 1159; x_wconf 82' lang='lat' dir='ltr'><strong>cst</strong></span> <span class='ocrx_word' id='word_1_76' title='bbox 546 1097 700 1160; x_wconf 79' lang='lat' dir='ltr'><strong>sententio</strong></span> <span class='ocrx_word' id='word_1_77' title='bbox 717 1095 916 1179; x_wconf 83' lang='lat' dir='ltr'><strong>probabilia:</strong></span> <span class='ocrx_word' id='word_1_78' title='bbox 940 1098 1066 1181; x_wconf 82' lang='lat' dir='ltr'><strong>prima,</strong></span> <span class='ocrx_word' id='word_1_79' title='bbox 1097 1117 1181 1178; x_wconf 92' lang='lat' dir='ltr'><strong>quae</strong></span> <span class='ocrx_word' id='word_1_80' title='bbox 1205 1097 1303 1163; x_wconf 89' lang='lat' dir='ltr'><strong>docet</strong></span> <span class='ocrx_word' id='word_1_81' title='bbox 1334 1099 1374 1163; x_wconf 84' lang='lat' dir='ltr'><strong>ab</strong></span> <span class='ocrx_word' id='word_1_82' title='bbox 1400 1108 1480 1165; x_wconf 84' lang='lat' dir='ltr'><strong>utro·</strong></span> 
     </span>
     <span class='ocr_line' id='line_1_10' title="bbox 157 1182 1479 1272; baseline 0.004 -22"><span class='ocrx_word' id='word_1_83' title='bbox 157 1208 214 1272; x_wconf 81' lang='lat' dir='ltr'><strong>que</strong></span> <span class='ocrx_word' id='word_1_84' title='bbox 231 1183 389 1249; x_wconf 82' lang='lat' dir='ltr'><strong>committi</strong></span> <span class='ocrx_word' id='word_1_85' title='bbox 412 1182 572 1248; x_wconf 90' lang='lat' dir='ltr'><strong>malitiam</strong></span> <span class='ocrx_word' id='word_1_86' title='bbox 595 1203 731 1264; x_wconf 87' lang='lat' dir='ltr'><strong>gravem</strong></span> <span class='ocrx_word' id='word_1_87' title='bbox 755 1183 944 1262; x_wconf 87' lang='lat' dir='ltr'><strong>iniustitiae,</strong></span> <span class='ocrx_word' id='word_1_88' title='bbox 971 1184 1123 1250; x_wconf 83' lang='lat' dir='ltr'><strong>luxuriae</strong></span> <span class='ocrx_word' id='word_1_89' title='bbox 1146 1186 1413 1269; x_wconf 66' lang='lat' dir='ltr'><strong>superadditam</strong></span> <span class='ocrx_word' id='word_1_90' title='bbox 1438 1213 1479 1255; x_wconf 75' lang='lat' dir='ltr'><strong>ae</strong></span> 
     </span>
     <span class='ocr_line' id='line_1_11' title="bbox 155 1272 1481 1358; baseline 0.003 -19"><span class='ocrx_word' id='word_1_91' title='bbox 155 1276 272 1351; x_wconf 82' lang='lat' dir='ltr'><strong>cundo,</strong></span> <span class='ocrx_word' id='word_1_92' title='bbox 297 1293 382 1354; x_wconf 89' lang='lat' dir='ltr'><strong>quae</strong></span> <span class='ocrx_word' id='word_1_93' title='bbox 405 1272 438 1337; x_wconf 94' lang='lat' dir='ltr'><strong>id</strong></span> <span class='ocrx_word' id='word_1_94' title='bbox 462 1272 558 1338; x_wconf 90' lang='lat' dir='ltr'><strong>docet</strong></span> <span class='ocrx_word' id='word_1_95' title='bbox 582 1274 621 1338; x_wconf 84' lang='lat' dir='ltr'><strong>de</strong></span> <span class='ocrx_word' id='word_1_96' title='bbox 643 1276 710 1338; x_wconf 84' lang='lat' dir='ltr'><strong>solo</strong></span> <span class='ocrx_word' id='word_1_97' title='bbox 732 1295 873 1358; x_wconf 83' lang='lat' dir='ltr'><strong>spooao;</strong></span> <span class='ocrx_word' id='word_1_98' title='bbox 894 1276 989 1339; x_wconf 80' lang='lat' dir='ltr'><strong>tortio</strong></span> <span class='ocrx_word' id='word_1_99' title='bbox 1012 1294 1097 1354; x_wconf 91' lang='lat' dir='ltr'><strong>quae</strong></span> <span class='ocrx_word' id='word_1_100' title='bbox 1121 1273 1153 1338; x_wconf 92' lang='lat' dir='ltr'><strong>id</strong></span> <span class='ocrx_word' id='word_1_101' title='bbox 1179 1276 1275 1341; x_wconf 88' lang='lat' dir='ltr'><strong>docet</strong></span> <span class='ocrx_word' id='word_1_102' title='bbox 1298 1277 1340 1341; x_wconf 83' lang='lat' dir='ltr'><strong>de</strong></span> <span class='ocrx_word' id='word_1_103' title='bbox 1355 1286 1481 1343; x_wconf 74' lang='lat' dir='ltr'><strong>oceutro:</strong></span> 
     </span>
     <span class='ocr_line' id='line_1_12' title="bbox 154 1361 1479 1448; baseline 0.002 -19"><span class='ocrx_word' id='word_1_104' title='bbox 154 1385 213 1448; x_wconf 91' lang='lat' dir='ltr'><strong>pro</strong></span> <span class='ocrx_word' id='word_1_105' title='bbox 244 1383 309 1444; x_wconf 88' lang='lat' dir='ltr'><strong>qua</strong></span> <span class='ocrx_word' id='word_1_106' title='bbox 339 1362 460 1427; x_wconf 84' lang='lat' dir='ltr'><strong>tertiae</strong></span> <span class='ocrx_word' id='word_1_107' title='bbox 494 1361 680 1427; x_wconf 83' lang='lat' dir='ltr'><strong>sententiae</strong></span> <span class='ocrx_word' id='word_1_108' title='bbox 713 1361 946 1445; x_wconf 86' lang='lat' dir='ltr'><strong>probabilitate</strong></span> <span class='ocrx_word' id='word_1_109' title='bbox 980 1363 1079 1428; x_wconf 89' lang='lat' dir='ltr'><strong>etiam</strong></span> <span class='ocrx_word' id='word_1_110' title='bbox 1110 1363 1296 1447; x_wconf 85' lang='lat' dir='ltr'><strong>Lugonis</strong></span> <span class='ocrx_word' id='word_1_111' title='bbox 1328 1366 1479 1432; x_wconf 88' lang='lat' dir='ltr'><strong>iudicium</strong></span> 
     </span>
     <span class='ocr_line' id='line_1_13' title="bbox 154 1450 1479 1536; baseline 0.002 -17"><span class='ocrx_word' id='word_1_112' title='bbox 154 1454 219 1533; x_wconf 84' lang='lat' dir='ltr'><strong>(De</strong></span> <span class='ocrx_word' id='word_1_113' title='bbox 239 1455 358 1536; x_wconf 85' lang='lat' dir='ltr'><strong>paenit.</strong></span> <span class='ocrx_word' id='word_1_114' title='bbox 384 1450 465 1534; x_wconf 90' lang='lat' dir='ltr'><strong>disp.</strong></span> <span class='ocrx_word' id='word_1_115' title='bbox 494 1453 551 1527; x_wconf 89' lang='lat'><strong>16,</strong></span> <span class='ocrx_word' id='word_1_116' title='bbox 576 1471 607 1516; x_wconf 90' lang='lat' dir='ltr'><strong>n.</strong></span> <span class='ocrx_word' id='word_1_117' title='bbox 635 1451 712 1533; x_wconf 83' lang='lat'>178)</span> <span class='ocrx_word' id='word_1_118' title='bbox 737 1454 802 1515; x_wconf 89' lang='lat' dir='ltr'><strong>est:</strong></span> <span class='ocrx_word' id='word_1_119' title='bbox 836 1450 977 1528; x_wconf 88' lang='lat' dir='ltr'><strong>,Omnes</strong></span> <span class='ocrx_word' id='word_1_120' title='bbox 999 1451 1077 1517; x_wconf 88' lang='lat' dir='ltr'><strong>illae</strong></span> <span class='ocrx_word' id='word_1_121' title='bbox 1100 1456 1169 1517; x_wconf 86' lang='lat' dir='ltr'><strong>tres</strong></span> <span class='ocrx_word' id='word_1_122' title='bbox 1192 1454 1384 1520; x_wconf 89' lang='lat' dir='ltr'><strong>sententiae</strong></span> <span class='ocrx_word' id='word_1_123' title='bbox 1408 1464 1479 1521; x_wconf 89' lang='lat' dir='ltr'><strong>sunt</strong></span> 
     </span>
     <span class='ocr_line' id='line_1_14' title="bbox 154 1538 1480 1626; baseline 0.003 -20"><span class='ocrx_word' id='word_1_124' title='bbox 154 1540 358 1626; x_wconf 88' lang='lat' dir='ltr'><strong>probabiles,</strong></span> <span class='ocrx_word' id='word_1_125' title='bbox 397 1559 458 1605; x_wconf 91' lang='lat' dir='ltr'><strong>neo</strong></span> <span class='ocrx_word' id='word_1_126' title='bbox 488 1538 585 1605; x_wconf 82' lang='lat' dir='ltr'><strong>facile</strong></span> <span class='ocrx_word' id='word_1_127' title='bbox 622 1545 674 1606; x_wconf 89' lang='lat' dir='ltr'><strong>est</strong></span> <span class='ocrx_word' id='word_1_128' title='bbox 711 1539 855 1621; x_wconf 87' lang='lat' dir='ltr'><strong>aliquam</strong></span> <span class='ocrx_word' id='word_1_129' title='bbox 886 1561 929 1605; x_wconf 88' lang='lat' dir='ltr'><strong>ex</strong></span> <span class='ocrx_word' id='word_1_130' title='bbox 965 1540 1005 1605; x_wconf 91' lang='lat' dir='ltr'><strong>iis</strong></span> <span class='ocrx_word' id='word_1_131' title='bbox 1037 1540 1164 1606; x_wconf 85' lang='lat' dir='ltr'><strong>efficaci</strong></span> <span class='ocrx_word' id='word_1_132' title='bbox 1195 1548 1394 1625; x_wconf 84' lang='lat' dir='ltr'><strong>argumento</strong></span> <span class='ocrx_word' id='word_1_133' title='bbox 1425 1545 1480 1610; x_wconf 93' lang='lat' dir='ltr'><strong>im·</strong></span> 
     </span>
     <span class='ocr_line' id='line_1_15' title="bbox 154 1632 331 1716; baseline -0.006 -21"><span class='ocrx_word' id='word_1_134' title='bbox 154 1632 331 1716; x_wconf 84' lang='lat' dir='ltr'><strong>pugnare.“</strong></span> 
     </span>
    </p>

    <p class='ocr_par' dir='ltr' id='par_1_5' title="bbox 152 1734 1481 2715">
     <span class='ocr_line' id='line_1_16' title="bbox 242 1734 1479 1818; baseline 0.004 -17"><span class='ocrx_word' id='word_1_135' title='bbox 242 1737 282 1802; x_wconf 87' lang='lat' dir='ltr'><strong>R.</strong></span> <span class='ocrx_word' id='word_1_136' title='bbox 308 1739 337 1801; x_wconf 82' lang='lat'><strong>2.</strong></span> <span class='ocrx_word' id='word_1_137' title='bbox 384 1734 595 1800; x_wconf 89' lang='lat' dir='ltr'><strong>Ballerini</strong></span> <span class='ocrx_word' id='word_1_138' title='bbox 619 1734 748 1817; x_wconf 86' lang='lat' dir='ltr'><strong>quidem</strong></span> <span class='ocrx_word' id='word_1_139' title='bbox 771 1736 792 1801; x_wconf 94' lang='lat' dir='ltr'><strong>l.</strong></span> <span class='ocrx_word' id='word_1_140' title='bbox 818 1756 845 1801; x_wconf 90' lang='lat' dir='ltr'><strong>c.</strong></span> <span class='ocrx_word' id='word_1_141' title='bbox 870 1758 901 1801; x_wconf 94' lang='lat' dir='ltr'><strong>n.</strong></span> <span class='ocrx_word' id='word_1_142' title='bbox 930 1738 991 1802; x_wconf 83' lang='lat'><strong>149</strong></span> <span class='ocrx_word' id='word_1_143' title='bbox 1015 1757 1086 1818; x_wconf 87' lang='lat' dir='ltr'><strong>sqq.</strong></span> <span class='ocrx_word' id='word_1_144' title='bbox 1111 1736 1196 1802; x_wconf 88' lang='lat' dir='ltr'><strong>hanc</strong></span> <span class='ocrx_word' id='word_1_145' title='bbox 1227 1737 1379 1805; x_wconf 89' lang='lat' dir='ltr'><strong>ultimam</strong></span> <span class='ocrx_word' id='word_1_146' title='bbox 1410 1763 1479 1807; x_wconf 91' lang='lat' dir='ltr'><strong>sen·</strong></span> 
     </span>
     <span class='ocr_line' id='line_1_17' title="bbox 153 1823 1478 1911; baseline 0.001 -17"><span class='ocrx_word' id='word_1_147' title='bbox 153 1827 292 1894; x_wconf 91' lang='lat' dir='ltr'><strong>tentiam</strong></span> <span class='ocrx_word' id='word_1_148' title='bbox 323 1824 458 1906; x_wconf 91' lang='lat' dir='ltr'><strong>eiusque</strong></span> <span class='ocrx_word' id='word_1_149' title='bbox 492 1823 758 1908; x_wconf 87' lang='lat' dir='ltr'><strong>probabilitatem</strong></span> <span class='ocrx_word' id='word_1_150' title='bbox 793 1824 915 1890; x_wconf 87' lang='lat' dir='ltr'><strong>acriter</strong></span> <span class='ocrx_word' id='word_1_151' title='bbox 948 1824 1137 1910; x_wconf 83' lang='lat' dir='ltr'><strong>impugnat,</strong></span> <span class='ocrx_word' id='word_1_152' title='bbox 1173 1830 1274 1911; x_wconf 88' lang='lat' dir='ltr'><strong>atque</strong></span> <span class='ocrx_word' id='word_1_153' title='bbox 1309 1833 1478 1895; x_wconf 85' lang='lat' dir='ltr'><strong>externam</strong></span> 
     </span>
     <span class='ocr_line' id='line_1_18' title="bbox 152 1913 1479 2002; baseline 0.002 -21"><span class='ocrx_word' id='word_1_154' title='bbox 152 1914 418 2002; x_wconf 87' lang='lat' dir='ltr'><strong>probabilitatem</strong></span> <span class='ocrx_word' id='word_1_155' title='bbox 446 1913 521 1978; x_wconf 89' lang='lat' dir='ltr'><strong>huic</strong></span> <span class='ocrx_word' id='word_1_156' title='bbox 551 1914 916 1997; x_wconf 87' lang='lat' dir='ltr'><strong>0p1n10n1v1ndrcatam</strong></span> <span class='ocrx_word' id='word_1_157' title='bbox 947 1914 1009 1980; x_wconf 91' lang='lat' dir='ltr'><strong>niti</strong></span> <span class='ocrx_word' id='word_1_158' title='bbox 1038 1914 1072 1979; x_wconf 91' lang='lat' dir='ltr'><strong>in</strong></span> <span class='ocrx_word' id='word_1_159' title='bbox 1095 1915 1207 1981; x_wconf 89' lang='lat' dir='ltr'><strong>multis</strong></span> <span class='ocrx_word' id='word_1_160' title='bbox 1238 1916 1333 1983; x_wconf 85' lang='lat' dir='ltr'><strong>falsis</strong></span> <span class='ocrx_word' id='word_1_161' title='bbox 1357 1919 1479 2002; x_wconf 87' lang='lat' dir='ltr'><strong>allega·</strong></span> 
     </span>
     <span class='ocr_line' id='line_1_19' title="bbox 152 2002 1479 2090; baseline 0 -18"><span class='ocrx_word' id='word_1_162' title='bbox 152 2005 312 2082; x_wconf 88' lang='lat' dir='ltr'><strong>tionibus,</strong></span> <span class='ocrx_word' id='word_1_163' title='bbox 343 2002 469 2085; x_wconf 85' lang='lat' dir='ltr'><strong>talique</strong></span> <span class='ocrx_word' id='word_1_164' title='bbox 492 2002 579 2067; x_wconf 87' lang='lat' dir='ltr'><strong>falsa</strong></span> <span class='ocrx_word' id='word_1_165' title='bbox 601 2003 801 2086; x_wconf 85' lang='lat' dir='ltr'><strong>allegatione</strong></span> <span class='ocrx_word' id='word_1_166' title='bbox 825 2007 859 2068; x_wconf 92' lang='lat' dir='ltr'><strong>et</strong></span> <span class='ocrx_word' id='word_1_167' title='bbox 881 2003 1050 2085; x_wconf 89' lang='lat' dir='ltr'><strong>Lugonem</strong></span> <span class='ocrx_word' id='word_1_168' title='bbox 1081 2008 1115 2069; x_wconf 91' lang='lat' dir='ltr'><strong>et</strong></span> <span class='ocrx_word' id='word_1_169' title='bbox 1138 2004 1170 2070; x_wconf 79' lang='lat' dir='ltr'><strong>S.</strong></span> <span class='ocrx_word' id='word_1_170' title='bbox 1184 2005 1404 2090; x_wconf 34' lang='lat' dir='ltr'><strong>&#39;Alphonsum</strong></span> <span class='ocrx_word' id='word_1_171' title='bbox 1428 2009 1479 2074; x_wconf 91' lang='lat' dir='ltr'><strong>de·</strong></span> 
     </span>
     <span class='ocr_line' id='line_1_20' title="bbox 153 2091 1478 2180; baseline 0.002 -18"><span class='ocrx_word' id='word_1_172' title='bbox 153 2099 266 2180; x_wconf 89' lang='lat' dir='ltr'><strong>ceptos</strong></span> <span class='ocrx_word' id='word_1_173' title='bbox 289 2112 371 2158; x_wconf 90' lang='lat' dir='ltr'><strong>esse.</strong></span> <span class='ocrx_word' id='word_1_174' title='bbox 403 2091 502 2158; x_wconf 87' lang='lat' dir='ltr'><strong>Ratio</strong></span> <span class='ocrx_word' id='word_1_175' title='bbox 527 2096 635 2158; x_wconf 88' lang='lat' dir='ltr'><strong>autem</strong></span> <span class='ocrx_word' id='word_1_176' title='bbox 661 2112 745 2175; x_wconf 91' lang='lat' dir='ltr'><strong>qnae</strong></span> <span class='ocrx_word' id='word_1_177' title='bbox 768 2095 919 2175; x_wconf 88' lang='lat' dir='ltr'><strong>putatam</strong></span> <span class='ocrx_word' id='word_1_178' title='bbox 942 2092 1033 2157; x_wconf 92' lang='lat' dir='ltr'><strong>illam</strong></span> <span class='ocrx_word' id='word_1_179' title='bbox 1049 2092 1316 2176; x_wconf 89' lang='lat' dir='ltr'><strong>probabilitatem</strong></span> <span class='ocrx_word' id='word_1_180' title='bbox 1341 2102 1478 2175; x_wconf 85' lang='lat' dir='ltr'><strong>evertat,</strong></span> 
     </span>
     <span class='ocr_line' id='line_1_21' title="bbox 154 2180 1479 2265; baseline 0 -14"><span class='ocrx_word' id='word_1_181' title='bbox 154 2206 193 2251; x_wconf 90' lang='lat' dir='ltr'><strong>ea</strong></span> <span class='ocrx_word' id='word_1_182' title='bbox 217 2188 268 2249; x_wconf 90' lang='lat' dir='ltr'><strong>est</strong></span> <span class='ocrx_word' id='word_1_183' title='bbox 291 2182 378 2264; x_wconf 93' lang='lat' dir='ltr'><strong>quod</strong></span> <span class='ocrx_word' id='word_1_184' title='bbox 401 2180 567 2265; x_wconf 90' lang='lat' dir='ltr'><strong>sponsalia</strong></span> <span class='ocrx_word' id='word_1_185' title='bbox 591 2180 670 2247; x_wconf 91' lang='lat' dir='ltr'><strong>dent</strong></span> <span class='ocrx_word' id='word_1_186' title='bbox 700 2202 765 2246; x_wconf 92' lang='lat' dir='ltr'><strong>non</strong></span> <span class='ocrx_word' id='word_1_187' title='bbox 795 2180 845 2246; x_wconf 92' lang='lat' dir='ltr'><strong>ius</strong></span> <span class='ocrx_word' id='word_1_188' title='bbox 869 2181 998 2263; x_wconf 86' lang='lat' dir='ltr'><strong>quidem</strong></span> <span class='ocrx_word' id='word_1_189' title='bbox 1023 2182 1055 2246; x_wconf 96' lang='lat' dir='ltr'><strong>in</strong></span> <span class='ocrx_word' id='word_1_190' title='bbox 1080 2203 1132 2260; x_wconf 88' lang='lat' dir='ltr'><strong>re,</strong></span> <span class='ocrx_word' id='word_1_191' title='bbox 1163 2183 1223 2249; x_wconf 93' lang='lat' dir='ltr'><strong>sed</strong></span> <span class='ocrx_word' id='word_1_192' title='bbox 1252 2183 1303 2249; x_wconf 87' lang='lat' dir='ltr'><strong>ius</strong></span> <span class='ocrx_word' id='word_1_193' title='bbox 1335 2185 1378 2250; x_wconf 89' lang='lat' dir='ltr'><strong>ad</strong></span> <span class='ocrx_word' id='word_1_194' title='bbox 1402 2207 1479 2260; x_wconf 86' lang='lat' dir='ltr'><strong>rem,</strong></span> 
     </span>
     <span class='ocr_line' id='line_1_22' title="bbox 153 2269 1480 2355; baseline 0.001 -16"><span class='ocrx_word' id='word_1_195' title='bbox 153 2278 253 2355; x_wconf 89' lang='lat' dir='ltr'><strong>atque</strong></span> <span class='ocrx_word' id='word_1_196' title='bbox 277 2272 347 2336; x_wconf 89' lang='lat' dir='ltr'><strong>sine</strong></span> <span class='ocrx_word' id='word_1_197' title='bbox 371 2271 457 2335; x_wconf 93' lang='lat' dir='ltr'><strong>omni</strong></span> <span class='ocrx_word' id='word_1_198' title='bbox 481 2269 577 2334; x_wconf 93' lang='lat' dir='ltr'><strong>dubio</strong></span> <span class='ocrx_word' id='word_1_199' title='bbox 607 2271 725 2336; x_wconf 88' lang='lat' dir='ltr'><strong>saltem</strong></span> <span class='ocrx_word' id='word_1_200' title='bbox 755 2291 910 2353; x_wconf 88' lang='lat' dir='ltr'><strong>sponsam</strong></span> <span class='ocrx_word' id='word_1_201' title='bbox 940 2276 1127 2354; x_wconf 86' lang='lat' dir='ltr'><strong>corruptam</strong></span> <span class='ocrx_word' id='word_1_202' title='bbox 1157 2272 1255 2355; x_wconf 86' lang='lat' dir='ltr'><strong>longe</strong></span> <span class='ocrx_word' id='word_1_203' title='bbox 1286 2273 1480 2341; x_wconf 85' lang='lat' dir='ltr'><strong>deteriorem</strong></span> 
     </span>
     <span class='ocr_line' id='line_1_23' title="bbox 153 2359 1481 2443; baseline 0.001 -15"><span class='ocrx_word' id='word_1_204' title='bbox 153 2367 187 2428; x_wconf 91' lang='lat' dir='ltr'><strong>et</strong></span> <span class='ocrx_word' id='word_1_205' title='bbox 210 2361 358 2426; x_wconf 88' lang='lat' dir='ltr'><strong>viliorem</strong></span> <span class='ocrx_word' id='word_1_206' title='bbox 381 2359 504 2425; x_wconf 83' lang='lat' dir='ltr'><strong>iactam</strong></span> <span class='ocrx_word' id='word_1_207' title='bbox 529 2380 601 2424; x_wconf 88' lang='lat' dir='ltr'><strong>esse</strong></span> <span class='ocrx_word' id='word_1_208' title='bbox 624 2381 683 2443; x_wconf 93' lang='lat' dir='ltr'><strong>pro</strong></span> <span class='ocrx_word' id='word_1_209' title='bbox 707 2380 827 2443; x_wconf 89' lang='lat' dir='ltr'><strong>sponso</strong></span> <span class='ocrx_word' id='word_1_210' title='bbox 851 2380 948 2442; x_wconf 90' lang='lat' dir='ltr'><strong>quam</strong></span> <span class='ocrx_word' id='word_1_211' title='bbox 971 2380 1126 2443; x_wconf 86' lang='lat' dir='ltr'><strong>sponsam</strong></span> <span class='ocrx_word' id='word_1_212' title='bbox 1149 2360 1326 2436; x_wconf 67' lang='lat' dir='ltr'><strong>intactam</strong></span> <span class='ocrx_word' id='word_1_213' title='bbox 1351 2365 1481 2430; x_wconf 86' lang='lat' dir='ltr'><strong>efficere</strong></span> 
     </span>
     <span class='ocr_line' id='line_1_24' title="bbox 153 2447 1479 2534; baseline 0.002 -17"><span class='ocrx_word' id='word_1_214' title='bbox 153 2455 264 2518; x_wconf 91' lang='lat' dir='ltr'><strong>autem</strong></span> <span class='ocrx_word' id='word_1_215' title='bbox 288 2471 357 2515; x_wconf 91' lang='lat' dir='ltr'><strong>rem</strong></span> <span class='ocrx_word' id='word_1_216' title='bbox 382 2450 543 2533; x_wconf 82' lang='lat' dir='ltr'><strong>adquam</strong></span> <span class='ocrx_word' id='word_1_217' title='bbox 567 2449 652 2513; x_wconf 90' lang='lat' dir='ltr'><strong>alter</strong></span> <span class='ocrx_word' id='word_1_218' title='bbox 675 2447 797 2514; x_wconf 89' lang='lat' dir='ltr'><strong>habeat</strong></span> <span class='ocrx_word' id='word_1_219' title='bbox 820 2447 872 2513; x_wconf 87' lang='lat' dir='ltr'><strong>ius</strong></span> <span class='ocrx_word' id='word_1_220' title='bbox 894 2448 992 2530; x_wconf 86' lang='lat' dir='ltr'><strong>longe</strong></span> <span class='ocrx_word' id='word_1_221' title='bbox 1016 2449 1221 2528; x_wconf 85' lang='lat' dir='ltr'><strong>deteriorem,</strong></span> <span class='ocrx_word' id='word_1_222' title='bbox 1246 2472 1321 2517; x_wconf 86' lang='lat' dir='ltr'><strong>esse</strong></span> <span class='ocrx_word' id='word_1_223' title='bbox 1344 2473 1479 2534; x_wconf 87' lang='lat' dir='ltr'><strong>gravem</strong></span> 
     </span>
     <span class='ocr_line' id='line_1_25' title="bbox 152 2535 1480 2626; baseline 0.003 -20"><span class='ocrx_word' id='word_1_224' title='bbox 152 2540 362 2615; x_wconf 83' lang='lat' dir='ltr'><strong>iniustitiam3</strong></span> <span class='ocrx_word' id='word_1_225' title='bbox 394 2538 540 2619; x_wconf 91' lang='lat' dir='ltr'><strong>adeoque</strong></span> <span class='ocrx_word' id='word_1_226' title='bbox 570 2537 689 2602; x_wconf 88' lang='lat' dir='ltr'><strong>saltem</strong></span> <span class='ocrx_word' id='word_1_227' title='bbox 713 2558 734 2603; x_wconf 89' lang='lat' dir='ltr'><strong>a</strong></span> <span class='ocrx_word' id='word_1_228' title='bbox 756 2558 877 2621; x_wconf 90' lang='lat' dir='ltr'><strong>sponsa</strong></span> <span class='ocrx_word' id='word_1_229' title='bbox 902 2535 952 2621; x_wconf 91' lang='lat' dir='ltr'><strong>[et</strong></span> <span class='ocrx_word' id='word_1_230' title='bbox 975 2539 1017 2603; x_wconf 91' lang='lat' dir='ltr'><strong>ab</strong></span> <span class='ocrx_word' id='word_1_231' title='bbox 1041 2558 1080 2603; x_wconf 91' lang='lat' dir='ltr'><strong>eo</strong></span> <span class='ocrx_word' id='word_1_232' title='bbox 1105 2539 1158 2620; x_wconf 93' lang='lat' dir='ltr'><strong>qui</strong></span> <span class='ocrx_word' id='word_1_233' title='bbox 1190 2561 1263 2604; x_wconf 91' lang='lat' dir='ltr'><strong>cum</strong></span> <span class='ocrx_word' id='word_1_234' title='bbox 1286 2561 1327 2607; x_wconf 91' lang='lat' dir='ltr'><strong>ea</strong></span> <span class='ocrx_word' id='word_1_235' title='bbox 1350 2541 1480 2626; x_wconf 85' lang='lat' dir='ltr'><strong>peccet]</strong></span> 
     </span>
     <span class='ocr_line' id='line_1_26' title="bbox 153 2625 1479 2715; baseline 0.002 -20"><span class='ocrx_word' id='word_1_236' title='bbox 153 2651 291 2712; x_wconf 87' lang='lat' dir='ltr'><strong>gravem</strong></span> <span class='ocrx_word' id='word_1_237' title='bbox 314 2626 474 2693; x_wconf 87' lang='lat' dir='ltr'><strong>committi</strong></span> <span class='ocrx_word' id='word_1_238' title='bbox 497 2647 561 2691; x_wconf 92' lang='lat' dir='ltr'><strong>non</strong></span> <span class='ocrx_word' id='word_1_239' title='bbox 585 2626 689 2691; x_wconf 92' lang='lat' dir='ltr'><strong>solum</strong></span> <span class='ocrx_word' id='word_1_240' title='bbox 713 2625 864 2691; x_wconf 86' lang='lat' dir='ltr'><strong>luxuriae</strong></span> <span class='ocrx_word' id='word_1_241' title='bbox 888 2628 945 2692; x_wconf 86' lang='lat' dir='ltr'><strong>sed</strong></span> <span class='ocrx_word' id='word_1_242' title='bbox 971 2627 1071 2694; x_wconf 89' lang='lat' dir='ltr'><strong>etiam</strong></span> <span class='ocrx_word' id='word_1_243' title='bbox 1094 2627 1275 2694; x_wconf 89' lang='lat' dir='ltr'><strong>iniustitiae</strong></span> <span class='ocrx_word' id='word_1_244' title='bbox 1297 2638 1479 2715; x_wconf 89' lang='lat' dir='ltr'><strong>peccatum.</strong></span> 
     </span>
    </p>
   </div>
   <div class='ocr_carea' id='block_1_4' title="bbox 89 2733 1483 4609">
    <p class='ocr_par' dir='ltr' id='par_1_6' title="bbox 89 2733 1481 3444">
     <span class='ocr_line' id='line_1_27' title="bbox 89 2733 1480 2815; baseline 0.001 -15"><span class='ocrx_word' id='word_1_245' title='bbox 89 2745 140 2801; x_wconf 81' lang='lat'><strong>851</strong></span> <span class='ocrx_word' id='word_1_246' title='bbox 240 2737 279 2802; x_wconf 86' lang='lat' dir='ltr'><strong>R.</strong></span> <span class='ocrx_word' id='word_1_247' title='bbox 304 2738 334 2800; x_wconf 89' lang='lat'><strong>3.</strong></span> <span class='ocrx_word' id='word_1_248' title='bbox 383 2733 473 2798; x_wconf 89' lang='lat' dir='ltr'><strong>Haec</strong></span> <span class='ocrx_word' id='word_1_249' title='bbox 503 2733 632 2815; x_wconf 88' lang='lat' dir='ltr'><strong>quidem</strong></span> <span class='ocrx_word' id='word_1_250' title='bbox 663 2733 749 2799; x_wconf 86' lang='lat' dir='ltr'><strong>ratio</strong></span> <span class='ocrx_word' id='word_1_251' title='bbox 779 2733 976 2814; x_wconf 85' lang='lat' dir='ltr'><strong>gravissima</strong></span> <span class='ocrx_word' id='word_1_252' title='bbox 1006 2738 1073 2811; x_wconf 88' lang='lat' dir='ltr'><strong>est,</strong></span> <span class='ocrx_word' id='word_1_253' title='bbox 1106 2739 1205 2815; x_wconf 89' lang='lat' dir='ltr'><strong>atque</strong></span> <span class='ocrx_word' id='word_1_254' title='bbox 1236 2740 1327 2802; x_wconf 89' lang='lat' dir='ltr'><strong>certo</strong></span> <span class='ocrx_word' id='word_1_255' title='bbox 1360 2738 1480 2802; x_wconf 85' lang='lat' dir='ltr'><strong>evincit</strong></span> 
     </span>
     <span class='ocr_line' id='line_1_28' title="bbox 152 2822 1479 2910; baseline 0 -18"><span class='ocrx_word' id='word_1_256' title='bbox 152 2848 224 2893; x_wconf 88' lang='lat' dir='ltr'><strong>eum</strong></span> <span class='ocrx_word' id='word_1_257' title='bbox 255 2825 309 2908; x_wconf 93' lang='lat' dir='ltr'><strong>qui</strong></span> <span class='ocrx_word' id='word_1_258' title='bbox 332 2843 487 2907; x_wconf 88' lang='lat' dir='ltr'><strong>sponsam</strong></span> <span class='ocrx_word' id='word_1_259' title='bbox 517 2822 658 2887; x_wconf 88' lang='lat' dir='ltr'><strong>alienam</strong></span> <span class='ocrx_word' id='word_1_260' title='bbox 681 2822 715 2886; x_wconf 92' lang='lat' dir='ltr'><strong>vi</strong></span> <span class='ocrx_word' id='word_1_261' title='bbox 745 2826 933 2906; x_wconf 90' lang='lat' dir='ltr'><strong>corrumpat</strong></span> <span class='ocrx_word' id='word_1_262' title='bbox 956 2845 1019 2887; x_wconf 90' lang='lat' dir='ltr'><strong>non</strong></span> <span class='ocrx_word' id='word_1_263' title='bbox 1051 2824 1154 2887; x_wconf 91' lang='lat' dir='ltr'><strong>solum</strong></span> <span class='ocrx_word' id='word_1_264' title='bbox 1181 2830 1296 2891; x_wconf 87' lang='lat' dir='ltr'><strong>contra</strong></span> <span class='ocrx_word' id='word_1_265' title='bbox 1327 2828 1479 2910; x_wconf 85' lang='lat' dir='ltr'><strong>puellam,</strong></span> 
     </span>
     <span class='ocr_line' id='line_1_29' title="bbox 151 2911 1478 2996; baseline 0.001 -15"><span class='ocrx_word' id='word_1_266' title='bbox 151 2916 209 2982; x_wconf 90' lang='lat' dir='ltr'><strong>sed</strong></span> <span class='ocrx_word' id='word_1_267' title='bbox 240 2915 339 2981; x_wconf 86' lang='lat' dir='ltr'><strong>etiam</strong></span> <span class='ocrx_word' id='word_1_268' title='bbox 371 2916 487 2977; x_wconf 88' lang='lat' dir='ltr'><strong>contra</strong></span> <span class='ocrx_word' id='word_1_269' title='bbox 519 2911 588 2976; x_wconf 91' lang='lat' dir='ltr'><strong>eius</strong></span> <span class='ocrx_word' id='word_1_270' title='bbox 618 2931 772 2996; x_wconf 89' lang='lat' dir='ltr'><strong>sponsum</strong></span> <span class='ocrx_word' id='word_1_271' title='bbox 803 2932 939 2992; x_wconf 87' lang='lat' dir='ltr'><strong>gravem</strong></span> <span class='ocrx_word' id='word_1_272' title='bbox 971 2911 1175 2979; x_wconf 89' lang='lat' dir='ltr'><strong>committere</strong></span> <span class='ocrx_word' id='word_1_273' title='bbox 1204 2913 1375 2992; x_wconf 89' lang='lat' dir='ltr'><strong>iniuriam,</strong></span> <span class='ocrx_word' id='word_1_274' title='bbox 1409 2937 1478 2981; x_wconf 91' lang='lat' dir='ltr'><strong>cum</strong></span> 
     </span>
     <span class='ocr_line' id='line_1_30' title="bbox 151 3000 1481 3089; baseline -0.001 -18"><span class='ocrx_word' id='word_1_275' title='bbox 151 3027 215 3071; x_wconf 93' lang='lat' dir='ltr'><strong>non</strong></span> <span class='ocrx_word' id='word_1_276' title='bbox 239 3003 343 3069; x_wconf 90' lang='lat' dir='ltr'><strong>solum</strong></span> <span class='ocrx_word' id='word_1_277' title='bbox 360 3022 498 3086; x_wconf 87' lang='lat' dir='ltr'><strong>sponsus</strong></span> <span class='ocrx_word' id='word_1_278' title='bbox 520 3000 571 3065; x_wconf 89' lang='lat' dir='ltr'><strong>ius</strong></span> <span class='ocrx_word' id='word_1_279' title='bbox 593 3000 715 3066; x_wconf 91' lang='lat' dir='ltr'><strong>habeat</strong></span> <span class='ocrx_word' id='word_1_280' title='bbox 731 3000 773 3065; x_wconf 90' lang='lat' dir='ltr'><strong>ad</strong></span> <span class='ocrx_word' id='word_1_281' title='bbox 788 3022 943 3084; x_wconf 87' lang='lat' dir='ltr'><strong>sponsam</strong></span> <span class='ocrx_word' id='word_1_282' title='bbox 966 3001 1136 3079; x_wconf 89' lang='lat' dir='ltr'><strong>intactam,</strong></span> <span class='ocrx_word' id='word_1_283' title='bbox 1162 3002 1219 3066; x_wconf 92' lang='lat' dir='ltr'><strong>sed</strong></span> <span class='ocrx_word' id='word_1_284' title='bbox 1242 3004 1344 3069; x_wconf 89' lang='lat' dir='ltr'><strong>etiam</strong></span> <span class='ocrx_word' id='word_1_285' title='bbox 1361 3026 1481 3089; x_wconf 90' lang='lat' dir='ltr'><strong>sponsa</strong></span> 
     </span>
     <span class='ocr_line' id='line_1_31' title="bbox 151 3090 1478 3174; baseline 0 -15"><span class='ocrx_word' id='word_1_286' title='bbox 151 3096 201 3160; x_wconf 91' lang='lat' dir='ltr'><strong>ius</strong></span> <span class='ocrx_word' id='word_1_287' title='bbox 224 3093 346 3158; x_wconf 89' lang='lat' dir='ltr'><strong>habeat</strong></span> <span class='ocrx_word' id='word_1_288' title='bbox 370 3111 412 3156; x_wconf 83' lang='lat' dir='ltr'><strong>ex</strong></span> <span class='ocrx_word' id='word_1_289' title='bbox 435 3111 547 3155; x_wconf 88' lang='lat' dir='ltr'><strong>amore</strong></span> <span class='ocrx_word' id='word_1_290' title='bbox 571 3093 605 3155; x_wconf 89' lang='lat' dir='ltr'><strong>et</strong></span> <span class='ocrx_word' id='word_1_291' title='bbox 634 3090 795 3156; x_wconf 89' lang='lat' dir='ltr'><strong>fidelitate</strong></span> <span class='ocrx_word' id='word_1_292' title='bbox 825 3110 907 3171; x_wconf 86' lang='lat' dir='ltr'><strong>erga</strong></span> <span class='ocrx_word' id='word_1_293' title='bbox 929 3112 1085 3174; x_wconf 89' lang='lat' dir='ltr'><strong>sponsum</strong></span> <span class='ocrx_word' id='word_1_294' title='bbox 1110 3112 1237 3155; x_wconf 88' lang='lat' dir='ltr'><strong>omnem</strong></span> <span class='ocrx_word' id='word_1_295' title='bbox 1263 3093 1478 3159; x_wconf 87' lang='lat' dir='ltr'><strong>violationem</strong></span> 
     </span>
     <span class='ocr_line' id='line_1_32' title="bbox 151 3178 1478 3265; baseline -0.002 -16"><span class='ocrx_word' id='word_1_296' title='bbox 151 3205 230 3248; x_wconf 90' lang='lat' dir='ltr'><strong>ase</strong></span> <span class='ocrx_word' id='word_1_297' title='bbox 254 3178 442 3265; x_wconf 90' lang='lat' dir='ltr'><strong>repellendi.</strong></span> <span class='ocrx_word' id='word_1_298' title='bbox 467 3178 624 3243; x_wconf 91' lang='lat' dir='ltr'><strong>—Idem</strong></span> <span class='ocrx_word' id='word_1_299' title='bbox 648 3178 699 3243; x_wconf 93' lang='lat' dir='ltr'><strong>dic</strong></span> <span class='ocrx_word' id='word_1_300' title='bbox 723 3199 764 3243; x_wconf 86' lang='lat' dir='ltr'><strong>ox</strong></span> <span class='ocrx_word' id='word_1_301' title='bbox 787 3200 888 3262; x_wconf 89' lang='lat' dir='ltr'><strong>supra</strong></span> <span class='ocrx_word' id='word_1_302' title='bbox 911 3179 1007 3244; x_wconf 91' lang='lat' dir='ltr'><strong>dictis</strong></span> <span class='ocrx_word' id='word_1_303' title='bbox 1031 3202 1061 3245; x_wconf 92' lang='lat' dir='ltr'><strong>n.</strong></span> <span class='ocrx_word' id='word_1_304' title='bbox 1087 3181 1161 3257; x_wconf 88' lang='lat'>823,</span> <span class='ocrx_word' id='word_1_305' title='bbox 1186 3179 1214 3244; x_wconf 90' lang='lat' dir='ltr'><strong>si</strong></span> <span class='ocrx_word' id='word_1_306' title='bbox 1230 3182 1416 3249; x_wconf 89' lang='lat' dir='ltr'><strong>attenditur</strong></span> <span class='ocrx_word' id='word_1_307' title='bbox 1439 3185 1478 3248; x_wconf 91' lang='lat' dir='ltr'><strong>ad</strong></span> 
     </span>
     <span class='ocr_line' id='line_1_33' title="bbox 151 3267 1478 3356; baseline 0 -20"><span class='ocrx_word' id='word_1_308' title='bbox 151 3271 331 3356; x_wconf 90' lang='lat' dir='ltr'><strong>periculum</strong></span> <span class='ocrx_word' id='word_1_309' title='bbox 362 3268 592 3352; x_wconf 88' lang='lat' dir='ltr'><strong>concipiendae</strong></span> <span class='ocrx_word' id='word_1_310' title='bbox 622 3267 733 3351; x_wconf 90' lang='lat' dir='ltr'><strong>prolis.</strong></span> <span class='ocrx_word' id='word_1_311' title='bbox 780 3269 817 3332; x_wconf 92' lang='lat' dir='ltr'><strong>In</strong></span> <span class='ocrx_word' id='word_1_312' title='bbox 842 3289 905 3349; x_wconf 92' lang='lat' dir='ltr'><strong>quo</strong></span> <span class='ocrx_word' id='word_1_313' title='bbox 933 3290 1012 3333; x_wconf 88' lang='lat' dir='ltr'><strong>casu</strong></span> <span class='ocrx_word' id='word_1_314' title='bbox 1036 3290 1056 3334; x_wconf 88' lang='lat' dir='ltr'><strong>a</strong></span> <span class='ocrx_word' id='word_1_315' title='bbox 1079 3269 1291 3352; x_wconf 88' lang='lat' dir='ltr'><strong>peccantibus</strong></span> <span class='ocrx_word' id='word_1_316' title='bbox 1315 3270 1478 3339; x_wconf 90' lang='lat' dir='ltr'><strong>iustitiam</strong></span> 
     </span>
     <span class='ocr_line' id='line_1_34' title="bbox 152 3356 878 3444; baseline -0.006 -17"><span class='ocrx_word' id='word_1_317' title='bbox 152 3367 268 3427; x_wconf 91' lang='lat' dir='ltr'><strong>contra</strong></span> <span class='ocrx_word' id='word_1_318' title='bbox 292 3380 447 3444; x_wconf 87' lang='lat' dir='ltr'><strong>sponsum</strong></span> <span class='ocrx_word' id='word_1_319' title='bbox 470 3356 619 3440; x_wconf 88' lang='lat' dir='ltr'><strong>graviter</strong></span> <span class='ocrx_word' id='word_1_320' title='bbox 641 3356 727 3422; x_wconf 90' lang='lat' dir='ltr'><strong>laedi</strong></span> <span class='ocrx_word' id='word_1_321' title='bbox 752 3378 878 3423; x_wconf 89' lang='lat' dir='ltr'><strong>censeo.</strong></span> 
     </span>
    </p>

    <p class='ocr_par' dir='ltr' id='par_1_7' title="bbox 150 3446 1483 4245">
     <span class='ocr_line' id='line_1_35' title="bbox 242 3446 1479 3533; baseline 0 -19"><span class='ocrx_word' id='word_1_322' title='bbox 242 3450 363 3514; x_wconf 87' lang='lat' dir='ltr'><strong>Verum</strong></span> <span class='ocrx_word' id='word_1_323' title='bbox 386 3448 414 3512; x_wconf 90' lang='lat' dir='ltr'><strong>si</strong></span> <span class='ocrx_word' id='word_1_324' title='bbox 431 3451 527 3512; x_wconf 83' lang='lat' dir='ltr'><strong>extra</strong></span> <span class='ocrx_word' id='word_1_325' title='bbox 544 3447 628 3510; x_wconf 89' lang='lat' dir='ltr'><strong>huno</strong></span> <span class='ocrx_word' id='word_1_326' title='bbox 646 3468 758 3511; x_wconf 90' lang='lat' dir='ltr'><strong>casum</strong></span> <span class='ocrx_word' id='word_1_327' title='bbox 774 3446 814 3510; x_wconf 91' lang='lat' dir='ltr'><strong>de</strong></span> <span class='ocrx_word' id='word_1_328' title='bbox 837 3468 958 3530; x_wconf 85' lang='lat' dir='ltr'><strong>sponsa</strong></span> <span class='ocrx_word' id='word_1_329' title='bbox 973 3446 1075 3511; x_wconf 88' lang='lat' dir='ltr'><strong>libere</strong></span> <span class='ocrx_word' id='word_1_330' title='bbox 1091 3452 1250 3531; x_wconf 89' lang='lat' dir='ltr'><strong>peccante</strong></span> <span class='ocrx_word' id='word_1_331' title='bbox 1267 3448 1389 3530; x_wconf 87' lang='lat' dir='ltr'><strong>agitur,</strong></span> <span class='ocrx_word' id='word_1_332' title='bbox 1415 3451 1479 3533; x_wconf 92' lang='lat' dir='ltr'><strong>pri-</strong></span> 
     </span>
     <span class='ocr_line' id='line_1_36' title="bbox 152 3534 1481 3619; baseline 0.001 -16"><span class='ocrx_word' id='word_1_333' title='bbox 152 3560 240 3603; x_wconf 90' lang='lat' dir='ltr'><strong>mum</strong></span> <span class='ocrx_word' id='word_1_334' title='bbox 260 3539 375 3602; x_wconf 92' lang='lat' dir='ltr'><strong>durum</strong></span> <span class='ocrx_word' id='word_1_335' title='bbox 390 3537 491 3601; x_wconf 88' lang='lat' dir='ltr'><strong>fuerit</strong></span> <span class='ocrx_word' id='word_1_336' title='bbox 514 3536 568 3601; x_wconf 90' lang='lat' dir='ltr'><strong>vel</strong></span> <span class='ocrx_word' id='word_1_337' title='bbox 591 3534 751 3619; x_wconf 90' lang='lat' dir='ltr'><strong>suspicari</strong></span> <span class='ocrx_word' id='word_1_338' title='bbox 773 3540 886 3602; x_wconf 89' lang='lat' dir='ltr'><strong>tantos</strong></span> <span class='ocrx_word' id='word_1_339' title='bbox 909 3535 1090 3617; x_wconf 88' lang='lat' dir='ltr'><strong>theologos,</strong></span> <span class='ocrx_word' id='word_1_340' title='bbox 1116 3541 1152 3602; x_wconf 91' lang='lat' dir='ltr'><strong>ut</strong></span> <span class='ocrx_word' id='word_1_341' title='bbox 1169 3536 1200 3602; x_wconf 85' lang='lat' dir='ltr'><strong>S.</strong></span> <span class='ocrx_word' id='word_1_342' title='bbox 1218 3537 1424 3619; x_wconf 85' lang='lat' dir='ltr'><strong>Alphonsum</strong></span> <span class='ocrx_word' id='word_1_343' title='bbox 1449 3544 1481 3604; x_wconf 88' lang='lat' dir='ltr'><strong>et</strong></span> 
     </span>
     <span class='ocr_line' id='line_1_37' title="bbox 152 3624 1481 3708; baseline 0.001 -17"><span class='ocrx_word' id='word_1_344' title='bbox 152 3628 330 3708; x_wconf 87' lang='lat' dir='ltr'><strong>Lugonem,</strong></span> <span class='ocrx_word' id='word_1_345' title='bbox 355 3646 398 3689; x_wconf 83' lang='lat' dir='ltr'><strong>ex</strong></span> <span class='ocrx_word' id='word_1_346' title='bbox 421 3625 492 3689; x_wconf 88' lang='lat' dir='ltr'><strong>sola</strong></span> <span class='ocrx_word' id='word_1_347' title='bbox 516 3628 654 3690; x_wconf 88' lang='lat' dir='ltr'><strong>externa</strong></span> <span class='ocrx_word' id='word_1_348' title='bbox 671 3624 870 3691; x_wconf 87' lang='lat' dir='ltr'><strong>auctoritate</strong></span> <span class='ocrx_word' id='word_1_349' title='bbox 886 3624 971 3689; x_wconf 86' lang='lat' dir='ltr'><strong>falso</strong></span> <span class='ocrx_word' id='word_1_350' title='bbox 988 3630 1159 3708; x_wconf 88' lang='lat' dir='ltr'><strong>assumpta</strong></span> <span class='ocrx_word' id='word_1_351' title='bbox 1175 3625 1325 3692; x_wconf 87' lang='lat' dir='ltr'><strong>inductos</strong></span> <span class='ocrx_word' id='word_1_352' title='bbox 1350 3648 1425 3692; x_wconf 91' lang='lat' dir='ltr'><strong>esse</strong></span> <span class='ocrx_word' id='word_1_353' title='bbox 1441 3629 1481 3692; x_wconf 92' lang='lat' dir='ltr'><strong>ad</strong></span> 
     </span>
     <span class='ocr_line' id='line_1_38' title="bbox 152 3713 1481 3800; baseline 0.001 -20"><span class='ocrx_word' id='word_1_354' title='bbox 152 3715 362 3781; x_wconf 88' lang='lat' dir='ltr'><strong>asserendam</strong></span> <span class='ocrx_word' id='word_1_355' title='bbox 387 3714 573 3779; x_wconf 89' lang='lat' dir='ltr'><strong>contrariae</strong></span> <span class='ocrx_word' id='word_1_356' title='bbox 597 3713 757 3797; x_wconf 88' lang='lat' dir='ltr'><strong>opinionis</strong></span> <span class='ocrx_word' id='word_1_357' title='bbox 781 3714 1062 3796; x_wconf 89' lang='lat' dir='ltr'><strong>probabilitatem,</strong></span> <span class='ocrx_word' id='word_1_358' title='bbox 1094 3714 1145 3778; x_wconf 91' lang='lat' dir='ltr'><strong>vel</strong></span> <span class='ocrx_word' id='word_1_359' title='bbox 1170 3714 1268 3779; x_wconf 90' lang='lat' dir='ltr'><strong>immo</strong></span> <span class='ocrx_word' id='word_1_360' title='bbox 1293 3716 1336 3780; x_wconf 91' lang='lat' dir='ltr'><strong>ad</strong></span> <span class='ocrx_word' id='word_1_361' title='bbox 1360 3737 1481 3800; x_wconf 91' lang='lat' dir='ltr'><strong>appro-</strong></span> 
     </span>
     <span class='ocr_line' id='line_1_39' title="bbox 152 3802 1481 3885; baseline 0.002 -16"><span class='ocrx_word' id='word_1_362' title='bbox 152 3805 278 3870; x_wconf 86' lang='lat' dir='ltr'><strong>bandas</strong></span> <span class='ocrx_word' id='word_1_363' title='bbox 300 3805 446 3869; x_wconf 88' lang='lat' dir='ltr'><strong>rationes</strong></span> <span class='ocrx_word' id='word_1_364' title='bbox 470 3803 503 3868; x_wconf 95' lang='lat' dir='ltr'><strong>in</strong></span> <span class='ocrx_word' id='word_1_365' title='bbox 534 3824 569 3867; x_wconf 91' lang='lat' dir='ltr'><strong>se</strong></span> <span class='ocrx_word' id='word_1_366' title='bbox 593 3802 705 3867; x_wconf 88' lang='lat' dir='ltr'><strong>futiles</strong></span> <span class='ocrx_word' id='word_1_367' title='bbox 736 3806 770 3867; x_wconf 90' lang='lat' dir='ltr'><strong>et</strong></span> <span class='ocrx_word' id='word_1_368' title='bbox 792 3803 905 3869; x_wconf 79' lang='lat' dir='ltr'><strong>falsas,</strong></span> <span class='ocrx_word' id='word_1_369' title='bbox 952 3803 1116 3867; x_wconf 84' lang='lat' dir='ltr'><strong>Videntur</strong></span> <span class='ocrx_word' id='word_1_370' title='bbox 1144 3802 1247 3885; x_wconf 87' lang='lat' dir='ltr'><strong>igitur</strong></span> <span class='ocrx_word' id='word_1_371' title='bbox 1269 3803 1394 3870; x_wconf 88' lang='lat' dir='ltr'><strong>vidisse</strong></span> <span class='ocrx_word' id='word_1_372' title='bbox 1427 3828 1481 3871; x_wconf 89' lang='lat' dir='ltr'><strong>ra-</strong></span> 
     </span>
     <span class='ocr_line' id='line_1_40' title="bbox 151 3890 1483 3976; baseline 0 -17"><span class='ocrx_word' id='word_1_373' title='bbox 151 3894 284 3970; x_wconf 88' lang='lat' dir='ltr'><strong>tionem,</strong></span> <span class='ocrx_word' id='word_1_374' title='bbox 310 3914 374 3957; x_wconf 90' lang='lat' dir='ltr'><strong>non</strong></span> <span class='ocrx_word' id='word_1_375' title='bbox 398 3914 482 3974; x_wconf 90' lang='lat' dir='ltr'><strong>quae</strong></span> <span class='ocrx_word' id='word_1_376' title='bbox 506 3915 628 3957; x_wconf 72' lang='lat' dir='ltr'><strong>cutonem</strong></span> <span class='ocrx_word' id='word_1_377' title='bbox 651 3890 845 3957; x_wconf 90' lang='lat' dir='ltr'><strong>iniustitiam</strong></span> <span class='ocrx_word' id='word_1_378' title='bbox 863 3893 904 3957; x_wconf 90' lang='lat' dir='ltr'><strong>ab</strong></span> <span class='ocrx_word' id='word_1_379' title='bbox 922 3891 977 3955; x_wconf 91' lang='lat' dir='ltr'><strong>illo</strong></span> <span class='ocrx_word' id='word_1_380' title='bbox 994 3896 1131 3974; x_wconf 88' lang='lat' dir='ltr'><strong>peccato</strong></span> <span class='ocrx_word' id='word_1_381' title='bbox 1148 3892 1289 3970; x_wconf 86' lang='lat' dir='ltr'><strong>auferat,</strong></span> <span class='ocrx_word' id='word_1_382' title='bbox 1315 3895 1374 3960; x_wconf 89' lang='lat' dir='ltr'><strong>sed</strong></span> <span class='ocrx_word' id='word_1_383' title='bbox 1400 3916 1483 3976; x_wconf 87' lang='lat' dir='ltr'><strong>quae</strong></span> 
     </span>
     <span class='ocr_line' id='line_1_41' title="bbox 152 3980 1483 4067; baseline 0.002 -19"><span class='ocrx_word' id='word_1_384' title='bbox 152 3982 269 4048; x_wconf 86' lang='lat' dir='ltr'><strong>reddat</strong></span> <span class='ocrx_word' id='word_1_385' title='bbox 300 3983 432 4047; x_wconf 80' lang='lat' dir='ltr'><strong>dubiam</strong></span> <span class='ocrx_word' id='word_1_386' title='bbox 461 3980 642 4046; x_wconf 85' lang='lat' dir='ltr'><strong>iniustitiae</strong></span> <span class='ocrx_word' id='word_1_387' title='bbox 671 3983 857 4067; x_wconf 75' lang='lat' dir='ltr'><strong>pravitatem</strong></span> <span class='ocrx_word' id='word_1_388' title='bbox 886 3984 1065 4063; x_wconf 82' lang='lat' dir='ltr'><strong>mortalem,</strong></span> <span class='ocrx_word' id='word_1_389' title='bbox 1096 3985 1196 4062; x_wconf 88' lang='lat' dir='ltr'><strong>atque</strong></span> <span class='ocrx_word' id='word_1_390' title='bbox 1223 3982 1318 4064; x_wconf 89' lang='lat' dir='ltr'><strong>proin</strong></span> <span class='ocrx_word' id='word_1_391' title='bbox 1349 3984 1483 4051; x_wconf 86' lang='lat' dir='ltr'><strong>auferet</strong></span> 
     </span>
     <span class='ocr_line' id='line_1_42' title="bbox 151 4068 1483 4154; baseline 0.001 -17"><span class='ocrx_word' id='word_1_392' title='bbox 151 4072 395 4154; x_wconf 86' lang='lat' dir='ltr'><strong>obligationem,</strong></span> <span class='ocrx_word' id='word_1_393' title='bbox 419 4070 504 4136; x_wconf 91' lang='lat' dir='ltr'><strong>hanc</strong></span> <span class='ocrx_word' id='word_1_394' title='bbox 527 4069 670 4153; x_wconf 90' lang='lat' dir='ltr'><strong>speciem</strong></span> <span class='ocrx_word' id='word_1_395' title='bbox 694 4069 840 4135; x_wconf 88' lang='lat' dir='ltr'><strong>malitiae</strong></span> <span class='ocrx_word' id='word_1_396' title='bbox 863 4068 1108 4153; x_wconf 89' lang='lat' dir='ltr'><strong>superadditam</strong></span> <span class='ocrx_word' id='word_1_397' title='bbox 1132 4069 1167 4135; x_wconf 91' lang='lat' dir='ltr'><strong>in</strong></span> <span class='ocrx_word' id='word_1_398' title='bbox 1190 4070 1400 4138; x_wconf 82' lang='lat' dir='ltr'><strong>confessione</strong></span> <span class='ocrx_word' id='word_1_399' title='bbox 1423 4095 1483 4138; x_wconf 83' lang='lat' dir='ltr'><strong>ex·</strong></span> 
     </span>
     <span class='ocr_line' id='line_1_43' title="bbox 150 4159 319 4245; baseline 0.024 -19"><span class='ocrx_word' id='word_1_400' title='bbox 150 4159 319 4245; x_wconf 73' lang='lat' dir='ltr'><strong>primendi</strong></span> 
     </span>
    </p>

    <p class='ocr_par' dir='ltr' id='par_1_8' title="bbox 152 4255 1482 4609">
     <span class='ocr_line' id='line_1_44' title="bbox 241 4255 1480 4341; baseline 0.002 -18"><span class='ocrx_word' id='word_1_401' title='bbox 241 4259 332 4323; x_wconf 89' lang='lat' dir='ltr'><strong>Haec</strong></span> <span class='ocrx_word' id='word_1_402' title='bbox 363 4262 473 4323; x_wconf 89' lang='lat' dir='ltr'><strong>autem</strong></span> <span class='ocrx_word' id='word_1_403' title='bbox 501 4257 586 4322; x_wconf 89' lang='lat' dir='ltr'><strong>ratio</strong></span> <span class='ocrx_word' id='word_1_404' title='bbox 618 4256 805 4338; x_wconf 88' lang='lat' dir='ltr'><strong>quaerenda</strong></span> <span class='ocrx_word' id='word_1_405' title='bbox 829 4255 936 4322; x_wconf 89' lang='lat' dir='ltr'><strong>estin</strong></span> <span class='ocrx_word' id='word_1_406' title='bbox 960 4256 1070 4321; x_wconf 86' lang='lat' dir='ltr'><strong>verbis</strong></span> <span class='ocrx_word' id='word_1_407' title='bbox 1094 4255 1125 4323; x_wconf 79' lang='lat' dir='ltr'><strong>S.</strong></span> <span class='ocrx_word' id='word_1_408' title='bbox 1151 4256 1363 4341; x_wconf 79' lang='lat' dir='ltr'><strong>Alphonsi</strong></span> <span class='ocrx_word' id='word_1_409' title='bbox 1389 4260 1410 4326; x_wconf 90' lang='lat' dir='ltr'><strong>l.</strong></span> <span class='ocrx_word' id='word_1_410' title='bbox 1436 4282 1480 4326; x_wconf 91' lang='lat' dir='ltr'><strong>c.:</strong></span> 
     </span>
     <span class='ocr_line' id='line_1_45' title="bbox 155 4341 1481 4430; baseline 0.002 -17"><span class='ocrx_word' id='word_1_411' title='bbox 155 4346 207 4425; x_wconf 86' lang='lat' dir='ltr'><strong>,Si</strong></span> <span class='ocrx_word' id='word_1_412' title='bbox 232 4347 317 4412; x_wconf 88' lang='lat' dir='ltr'><strong>enim</strong></span> <span class='ocrx_word' id='word_1_413' title='bbox 333 4347 414 4412; x_wconf 84' lang='lat' dir='ltr'><strong>haec</strong></span> <span class='ocrx_word' id='word_1_414' title='bbox 432 4341 583 4430; x_wconf 89' lang='lat' dir='ltr'><strong>[sponsa]</strong></span> <span class='ocrx_word' id='word_1_415' title='bbox 602 4345 823 4411; x_wconf 86' lang='lat' dir='ltr'><strong>committeret</strong></span> <span class='ocrx_word' id='word_1_416' title='bbox 837 4345 1032 4410; x_wconf 90' lang='lat' dir='ltr'><strong>iniustitiam</strong></span> <span class='ocrx_word' id='word_1_417' title='bbox 1053 4342 1257 4429; x_wconf 88' lang='lat' dir='ltr'><strong>[mortalem]</strong></span> <span class='ocrx_word' id='word_1_418' title='bbox 1276 4346 1481 4427; x_wconf 79' lang='lat' dir='ltr'><strong>fornicando,</strong></span> 
     </span>
     <span class='ocr_line' id='line_1_46' title="bbox 152 4434 1482 4519; baseline 0.002 -19"><span class='ocrx_word' id='word_1_419' title='bbox 152 4457 215 4501; x_wconf 93' lang='lat' dir='ltr'><strong>non</strong></span> <span class='ocrx_word' id='word_1_420' title='bbox 239 4440 352 4519; x_wconf 89' lang='lat' dir='ltr'><strong>posset</strong></span> <span class='ocrx_word' id='word_1_421' title='bbox 375 4436 491 4500; x_wconf 89' lang='lat' dir='ltr'><strong>deinde</strong></span> <span class='ocrx_word' id='word_1_422' title='bbox 515 4435 757 4501; x_wconf 89' lang='lat' dir='ltr'><strong>matrimonium</strong></span> <span class='ocrx_word' id='word_1_423' title='bbox 782 4435 992 4511; x_wconf 87' lang='lat' dir='ltr'><strong>contrahere,</strong></span> <span class='ocrx_word' id='word_1_424' title='bbox 1023 4434 1086 4498; x_wconf 90' lang='lat' dir='ltr'><strong>nisi</strong></span> <span class='ocrx_word' id='word_1_425' title='bbox 1110 4435 1341 4503; x_wconf 86' lang='lat' dir='ltr'><strong>manifestaret</strong></span> <span class='ocrx_word' id='word_1_426' title='bbox 1365 4439 1482 4505; x_wconf 87' lang='lat' dir='ltr'><strong>vitium</strong></span> 
     </span>
     <span class='ocr_line' id='line_1_47' title="bbox 152 4524 1482 4609; baseline 0.004 -20"><span class='ocrx_word' id='word_1_427' title='bbox 152 4526 312 4591; x_wconf 88' lang='lat' dir='ltr'><strong>oecultum</strong></span> <span class='ocrx_word' id='word_1_428' title='bbox 346 4525 396 4590; x_wconf 90' lang='lat' dir='ltr'><strong>sui</strong></span> <span class='ocrx_word' id='word_1_429' title='bbox 429 4525 573 4609; x_wconf 90' lang='lat' dir='ltr'><strong>corporis</strong></span> <span class='ocrx_word' id='word_1_430' title='bbox 591 4578 597 4589; x_wconf 94' lang='lat'><strong>.</strong></span> <span class='ocrx_word' id='word_1_431' title='bbox 618 4579 624 4590; x_wconf 90' lang='lat'><strong>.</strong></span> <span class='ocrx_word' id='word_1_432' title='bbox 644 4550 667 4600; x_wconf 87' lang='lat'><strong>.;</strong></span> <span class='ocrx_word' id='word_1_433' title='bbox 701 4524 758 4588; x_wconf 90' lang='lat' dir='ltr'><strong>sed</strong></span> <span class='ocrx_word' id='word_1_434' title='bbox 790 4524 832 4589; x_wconf 90' lang='lat' dir='ltr'><strong>ad</strong></span> <span class='ocrx_word' id='word_1_435' title='bbox 864 4525 926 4588; x_wconf 92' lang='lat' dir='ltr'><strong>hoc</strong></span> <span class='ocrx_word' id='word_1_436' title='bbox 960 4545 1023 4587; x_wconf 92' lang='lat' dir='ltr'><strong>non</strong></span> <span class='ocrx_word' id='word_1_437' title='bbox 1055 4528 1189 4589; x_wconf 90' lang='lat' dir='ltr'><strong>tenetur</strong></span> <span class='ocrx_word' id='word_1_438' title='bbox 1220 4525 1311 4605; x_wconf 80' lang='lat' dir='ltr'><strong>(vide</strong></span> <span class='ocrx_word' id='word_1_439' title='bbox 1345 4526 1482 4594; x_wconf 87' lang='lat' dir='ltr'><strong>dicenda</strong></span> 
     </span>
    </p>
   </div>
   <div class='ocr_carea' id='block_1_5' title="bbox 152 4613 316 4694">
    <p class='ocr_par' dir='ltr' id='par_1_9' title="bbox 152 4613 316 4694">
     <span class='ocr_line' id='line_1_48' title="bbox 152 4613 316 4694; baseline 0.012 -17"><span class='ocrx_word' id='word_1_440' title='bbox 152 4635 184 4679; x_wconf 92' lang='lat' dir='ltr'><strong>n.</strong></span> <span class='ocrx_word' id='word_1_441' title='bbox 209 4613 316 4694; x_wconf 82' lang='lat'><strong>865).“</strong></span> 
     </span>
    </p>
   </div>
   <div class='ocr_carea' id='block_1_6' title="bbox 0 0 1526 5174">
    <p class='ocr_par' dir='ltr' id='par_1_10' title="bbox 0 0 1526 5174">
     <span class='ocr_line' id='line_1_49' title="bbox 0 0 1526 5174; baseline 0 0"><span class='ocrx_word' id='word_1_442' title='bbox 0 0 1526 5174; x_wconf 95' lang='lat' dir='ltr'><strong> </strong></span> 
     </span>
    </p>
   </div>
  </div>
 </body>
</html>
