3044 5174
327 305 444 359 Materia
462 305 629 374 integritatis
647 323 697 360 seu
715 304 867 360 satisfactio
886 303 1102 359 sacramentalis.
1313 307 1383 372 229

139 481 179 547 R.
198 484 230 548 2.
262 481 421 548 Poterant
444 482 544 548 etiam
568 481 715 565 recipere
739 480 988 559 absolutionem,
1013 481 1143 563 quando
1159 482 1384 565 acceptabant

46 570 291 654 paenitentiam
323 591 400 636 cum⁴
428 571 627 655 obligatione
658 570 873 655 hypothetica
903 575 937 635 et
965 569 1178 654 hypothetica
1206 571 1386 638 voluntate«

47 659 227 762 implendi,
256 659 384 726 scilicet
404 661 473 761 ’sub
503 659 693 744 hypothesi,
723 659 810 761 ,nisi
840 658 1380 762 acciperent.commutationemf‘·

48 748 263 915 ttthlti
282 749 1225 920 ttthlthlttltttltitlttttltllttt
1238 749 1384 920 *thid

49 931 83 992 in
108 934 198 993 certo
221 949 276 1013 epe
299 931 382 1005 erat,
407 927 554 992 sednon
578 927 611 992 in
635 932 776 1012 ipsorum
801 931 978 1010 potestate.

138 1033 180 1099 R.
205 1035 236 1099 3.
283 1032 544 1100 Determinatam
577 1040 611 1100 et
641 1033 826 1100 absolutam
856 1054 971 1115 gerere
995 1033 1199 1099 voluntatem
1229 1054 1295 1099 non
1318 1033 1383 1098 im.-

46 1121 191 1205 plendae
213 1121 438 1206 paenitentiae
461 1123 635 1207 impositae
659 1143 698 1188 ac
728 1123 825 1210 simul
855 1122 1002 1206 recipere
1032 1122 1271 1188 absolutionem
1301 1127 1388 1188 sunt.

47 1231 117 1366 {a
125 1211 276 1367 iqqqqeqq
296 1217 499 1295 pugnantes,
532 1232 605 1277 oum
636 1216 807 1295 peecatum
837 1212 881 1279 sit
909 1211 958 1278 ita
987 1212 1223 1296 paenitentiam
1246 1212 1387 1296 imposi-

139 1405 180 1474 R.
204 1410 235 1473 4.
274 1406 352 1473 Sive
374 1412 484 1473 antem
508 1407 714 1490 paenitentes
738 1407 779 1472 ab
803 1406 895 1474 initio
920 1406 1077 1474 nolebant
1099 1406 1336 1491 paenitentiam
1359 1428 1388 1472 a.

48 1495 202 1561 Iansenio
230 1496 415 1580 impositam
446 1496 582 1580 implere
611 1517 717 1578 neque
748 1496 817 1561 eius
847 1495 1080 1578 obligationem
1110 1497 1144 1561 in
1174 1517 1210 1561 se
1240 1517 1386 1574 sumere,

49 1585 120 1649 eive
143 1587 261 1670 postea
285 1585 414 1650 demum
438 1606 511 1650 eam
541 1585 755 1651 difficiliorem
786 1585 968 1651 habebant:
999 1589 1154 1669 poterant
1184 1606 1313 1669 semper
1337 1586 1379 1651 ad

49 1675 149 1740 alium
174 1673 411 1740 confessarium
436 1674 590 1740 accedere
613 1674 763 1757 rogaturi
786 1679 823 1740 ut
846 1674 1083 1758 paenitentiam
1107 1678 1252 1741 mutaret
1275 1680 1309 1740 et
1332 1675 1385 1740 di·-

47 1763 221 1830 minueret.
269 1763 370 1846 quue
394 1763 426 1827 in
448 1763 631 1847 posteriore
655 1763 829 1847 hypothesi
852 1768 1007 1847 poterant
1029 1765 1155 1844 facere,
1180 1770 1316 1849 peracta
1340 1784 1386 1828 ea¹

48 1851 256 1918 confessione
272 1873 356 1934 quae
372 1852 467 1918 daret
482 1853 651 1918 confusam
667 1852 785 1937 prioris
804 1852 1018 1918 confessionis
1036 1854 1204 1927 notitiam,
1222 1852 1254 1916 in
1272 1853 1385 1937 priore-

46 1940 242 2026 hypothesi,
273 1941 306 2006 in
329 1962 394 2022 qua
418 1941 580 2008 confessio
605 1941 694 2026 prior
716 1947 789 2008 erat
811 1942 973 2021 invalida,
1003 1949 1080 2026 post
1103 1943 1277 2027 repetitam
1302 1963 1384 2007 con·

46 2030 224 2102 sessionem
248 2029 422 2113 integram.

334 2221 639 2288 ΡΑΕΝΙΤΕΝΤΙΑ
663 2221 1097 2288 IMPROPORTIONATA.

613 2371 722 2436 Casus.
742 2378 818 2445 (113)

138 2511 301 2571 Severinus
323 2511 525 2571 confessarius
545 2511 691 2586 regularis
713 2510 808 2569 sodali
822 2530 876 2570 suo
892 2510 1043 2570 confitenti
1059 2511 1206 2570 curiosam
1220 2512 1381 2572 lectionem

49 2593 149 2652 minus
170 2593 326 2652 honestam
348 2611 401 2669 pro
423 2592 607 2669 paenitentia
628 2592 752 2669 imponit
779 2597 812 2650 ut
840 2610 873 2650 ae
900 2592 1033 2667 flagellet
1061 2591 1158 2668 spatio
1187 2612 1244 2669 quo
1272 2593 1379 2652 recitet

48 2674 198 2751 psalmum
218 2673 358 2732 Miserere
386 2676 416 2731 et
437 2674 528 2731 semel
556 2673 682 2742 ieiunet·;
711 2671 797 2730 militi
818 2671 926 2730 fatenti
954 2690 986 2730 se
1016 2672 1171 2748 quinquies
1199 2672 1379 2732 fornicatum

48 2773 116 2813 esse
138 2758 170 2812 et
191 2752 368 2829 compluries
389 2752 613 2829 blasphemasse
640 2752 766 2829 imponit
793 2756 826 2809 ut
853 2770 907 2827 per
927 2751 1140 2811 hebdomadam
1170 2753 1277 2812 cotidie
1299 2754 1382 2813 dicat

47 2840 94 2893 ter
115 2833 221 2893 Gloria
240 2833 326 2892 Patri
346 2841 395 2893 etc.
437 2832 567 2908 Uterque
588 2832 697 2891 omittit
717 2832 949 2908 paenitentiam,
979 2832 1095 2909 utrique
1124 2834 1161 2891 ab
1183 2834 1241 2892 alio
1264 2835 1379 2894 coufes-

50 2914 131 2973 sario
152 2917 276 2991 propter
305 2912 473 2988 neglectam
494 2912 708 2989 paenitentiam
730 2911 857 2990 priorem
878 2912 1040 2989 imponitur
1067 2917 1099 2973 ut
1122 2913 1201 2972 dicat
1223 2914 1269 2971 5¹²·
1289 2915 1381 2975 Potor

10 2996 13 3019 ¹
48 3002 77 3053 et
98 2996 168 3052 Ace.

49 3090 229 3160 Quanarrua
260 3095 379 3150 rectene
409 3089 504 3166 egerit
532 3089 691 3150 Severinus
724 3091 859 3167 alterque
891 3091 1092 3151 confessarius
1124 3091 1154 3149 in
1185 3091 1378 3167 poenitentiis

259 3169 458 3247 imponendis;
482 3177 511 3230 et
533 3171 676 3248 quomodo
698 3171 888 3248 paenitentes
910 3173 1069 3231 omissione
1090 3170 1288 3247 peccaverint.

645 3354 780 3422 Salutio.

137 3497 178 3563 R.
205 3499 234 3563 1.
282 3496 505 3574 Paenitentia,
536 3517 620 3578 quae
650 3518 709 3581 pro
739 3496 885 3581 peccatis
908 3495 1090 3562 venialibus
1113 3494 1308 3579 imponitur,
1339 3501 1439 3568 ut395

10 3586 15 3613 ³
48 3584 113 3651 iam
136 3586 172 3650 in
195 3607 274 3652 casu
297 3587 514 3670 praecedente
539 3585 662 3652 dictum
686 3589 746 3662 est,
771 3586 842 3650 sive
865 3592 917 3653 est
933 3585 1016 3651 levis
1039 3585 1109 3651 sive
1131 3584 1246 3667 gravis
1269 3586 1376 3667 quoad

10 3726 12 3731 ,
48 3675 233 3753 obiectum,
257 3696 322 3740 non
345 3675 503 3758 importat
526 3694 637 3739 secum
661 3673 894 3756 obligationem
919 3675 981 3739 nisi
1004 3674 1120 3740 levem.
1167 3674 1377 3740 Paenitentia

10 3754 12 3811 Ὺ
48 3769 179 3841 autem,
210 3785 294 3847 quae
316 3785 376 3848 pro
399 3762 556 3845 gravibus
580 3763 724 3846 peccatis
747 3763 902 3847 imposita
925 3767 992 3840 est,
1024 3782 1135 3827 secum
1158 3767 1271 3848 portat
1294 3763 1377 3828 obli·

10 3912 12 3923 .
46 3853 217 3936 gationem
239 3874 392 3935 gravem,
423 3852 451 3917 si
475 3852 587 3935 gravis
611 3858 663 3918 cst
686 3852 792 3934 quoad
817 3851 995 3929 obiectum,
1027 3871 1133 3934 neque
1157 3852 1377 3917 confessarius

48 3945 203 4028 expressit
232 3963 268 4007 se
291 3942 377 4007 velle
407 3942 467 4007 sub
490 3942 554 4006 levi
585 3945 716 4007 tantum
747 3940 910 4023 obligare;
942 3940 968 4005 si
999 3940 1082 4005 levis
1113 3948 1164 4007 est
1187 3941 1294 4023 quoad
1319 3942 1376 4006 ob-

47 4032 180 4108 iectum,
205 4030 350 4113 obligare
373 4052 437 4095 non
461 4036 572 4114 potest
595 4030 657 4095 nisi
680 4031 740 4094 sub
763 4030 838 4096 levi.

10 4189 17 4217 ,
136 4129 176 4196 R.
203 4132 232 4195 2.
266 4129 441 4195 Severinus
463 4128 698 4213 paenitentiam
723 4127 805 4193 adeo
829 4148 966 4210 gravem
990 4148 1054 4193 non
1077 4127 1185 4211 potuit
1208 4127 1375 4210 imponere

10 4246 12 4251 ·
47 4217 231 4302 paenitenti
253 4239 312 4283 suo
335 4217 441 4283 sodali
463 4221 530 4284 arisi
552 4220 700 4298 nolentis
718 4216 813 4281 militi
838 4221 948 4283 autem
973 4217 1054 4282 adeo
1079 4217 1185 4281 levem
1209 4217 1376 4301 imponere

47 4330 110 4374 non
135 4306 245 4385 licuit,
277 4307 339 4372 nisi
363 4306 645 4373 extraordinariae
670 4306 936 4372 circumstantiae
960 4305 1192 4382 occurrebant,
1226 4310 1262 4371 ut
1286 4327 1316 4372 v,
1341 4327 1373 4388 g.

47 4397 78 4463 in
95 4399 128 4464 S.
145 4396 281 4463 Xaverii
297 4397 447 4480 exemplo
463 4396 687 4474 occurrebant,
705 4394 769 4478 qui,
786 4396 939 4479 imposita
955 4394 1182 4460 satisfactione
1198 4393 1373 4468 levissima,

48 4487 215 4570 cumipse
239 4506 311 4551 eam
336 4506 438 4551 saeva
461 4490 496 4552 et
525 4491 660 4552 cruenta
683 4484 906 4565 flagellatione
936 4485 1119 4568 suppleret,
1151 4482 1372 4568 paenitentem

48 4577 87 4641 ad
104 4576 310 4641 voluntarias
327 4575 545 4658 paenitentias
562 4576 644 4640 adeo
659 4574 823 4658 permovit
840 4579 876 4640 ut
891 4574 988 4656 longe
1005 4573 1203 4640 excederent
1219 4592 1275 4637 cas
1291 4592 1374 4653 quas

10 4712 13 4717 -
48 4665 213 4750 imponere
236 4668 390 4748 potuerat
413 4664 542 4730 audere.
