3044 5174
137 288 201 351 526
614 287 819 341 Sacramentum
838 288 1010 341 matrimonii.

137 461 333 528 christianos
349 463 477 528 demum
502 463 601 530 liceat
616 464 891 547 proclamationes
910 465 1029 540 facere,
1054 465 1228 531 afortiorc
1242 486 1302 549 pro
1327 465 1463 532 circum·

137 551 269 617 stantiis
291 553 536 618 occurrentibus
559 552 591 618 id
615 553 727 620 licebit
748 553 781 617 in
806 553 1021 619 matrimoniis
1044 553 1158 620 mixtis
1179 554 1269 620 inter
1284 554 1463 622 catholicos

137 644 170 706 et
193 641 394 707 acatholicos
419 642 611 726 baptizatos.

591 832 801 897 'PEMPORA
824 831 1003 898 CLAUSA.

692 981 803 1048 Casus.
821 988 898 1056 (264)

226 1123 366 1193 adolfus,
390 1140 464 1192 cum,
487 1127 644 1197 antequam
666 1120 888 1199 proficiscatur,
911 1141 975 1180 cnm
998 1121 1135 1182 carolina
1155 1123 1377 1184 matrimonium
1398 1143 1462 1184 con·

135 1203 254 1262 trahere
275 1203 391 1279 cupiat.
413 1203 467 1261 fer.
489 1201 519 1260 11
540 1201 696 1261 Paschatis
718 1202 790 1260 illud
812 1203 963 1261 celebrare
985 1203 1106 1272 volens,
1127 1203 1158 1262 in
1180 1202 1418 1280 Quadragesima
1431 1210 1463 1263 ut

135 1283 383 1361 proclamationes
410 1282 484 1341 fiant
511 1302 529 1340 a
556 1283 686 1360 parocho
714 1282 797 1358 petit.
839 1280 895 1351 Qui
925 1283 955 1341 id
982 1283 1046 1342 sine
1076 1283 1209 1360 episcopi
1238 1284 1463 1361 dispensatione

135 1365 234 1422 facere
255 1383 314 1422 non
335 1363 432 1423 audet.
474 1363 517 1421 Re
538 1362 657 1421 tandem
679 1362 859 1439 composita,
889 1363 1014 1422 Adolfus
1036 1368 1149 1423 statuto
1171 1364 1235 1435 die,
1256 1372 1362 1441 utpote
1383 1365 1463 1424 festi·

135 1443 274 1514 vissimo,
303 1463 368 1502 cum
395 1462 510 1502 summa
537 1461 659 1519 pompa,
688 1442 822 1503 sollemni
844 1442 995 1511 convivio,
1024 1443 1140 1505 choreis
1161 1444 1344 1521 vespertinis
1365 1446 1463 1505 matri·

136 1524 263 1582 monium
284 1525 423 1583 celebrat.

135 1630 312 1701 Qunamrua
334 1634 361 1687 1⁰
383 1648 458 1705 quae
479 1628 541 1688 sint
560 1635 695 1705 tempora
715 1629 825 1688 clausa.

336 1721 365 1776 2⁰
386 1718 453 1794 quid
476 1717 535 1776 illis
555 1717 736 1796 temporibus
757 1719 821 1777 iure
841 1716 1045 1777 interdicatur.

336 1810 365 1866 3ο
386 1827 455 1867 num
477 1807 602 1867 Adolfus
623 1807 802 1883 peccaverit.

731 1989 865 2057 Salutio.

73 2145 125 2197 915
223 2132 276 2196 An
300 2152 490 2208 ouansmun
519 2134 554 2196 lm
579 2131 616 2195 n.
637 2135 664 2196 l.
704 2130 847 2214 Tempus
871 2131 1017 2197 clausum
1041 2139 1118 2200 sunt
1134 2139 1285 2218 tempora
1300 2138 1461 2218 quaedam

135 2221 343 2288 sollemniora
366 2222 408 2286 ad
431 2219 605 2286 recolenda
628 2220 798 2304 potissima
817 2219 984 2303 religionis
1008 2221 1206 2290 christianae
1230 2225 1392 2309 mysteria
1414 2226 1461 2292 in-

135 2310 253 2377 stituta
276 2315 376 2393 atque
406 2308 619 2392 frequentiori
650 2309 789 2376 orationi
813 2311 866 2375 vel
896 2311 1119 2394 paenitentiae
1143 2312 1311 2391 dedicata,
1347 2314 1462 2397 quibus

135 2405 245 2467 certae
274 2420 327 2465 res
357 2398 515 2483 profanae
545 2397 768 2464 ecclesiastica
798 2398 871 2480 lege
900 2399 1123 2483 prohibentur.
1170 2403 1254 2468 Sunt
1282 2402 1387 2486 igitur
1417 2404 1460 2470 illi

135 2489 204 2554 dies
228 2488 297 2554 Deo
327 2487 502 2570 divinoque
532 2488 633 2553 cultui
664 2487 851 2572 specialiter
879 2490 1039 2556 reservati
1070 2496 1169 2573 atque
1198 2513 1258 2575 pro
1281 2513 1321 2557 eo
1347 2493 1460 2571 clausi,

135 2600 207 2642 cum
232 2582 324 2644 certa
346 2577 480 2659 negotia
504 2576 642 2660 profana
665 2576 891 2645 excludantur.

224 2676 261 2742 lt.
288 2678 317 2741 2.
357 2674 524 2740 Eiusmodi
555 2679 703 2756 tempora
729 2696 829 2752 nunc,
861 2676 882 2742 i.
906 2697 933 2742 e.
959 2698 980 2741 a
1002 2675 1193 2742 Tridentino
1216 2678 1371 2755 concilio,
1403 2700 1460 2744 ex·

135 2765 257 2833 sistunt
286 2765 384 2830 hacc:
419 2764 450 2845 l)
482 2765 522 2829 ab
549 2765 704 2830 Adventu
734 2786 836 2847 usque
867 2765 907 2831 ad
938 2764 1058 2831 festum
1084 2765 1288 2850 Epiphaniae
1317 2766 1352 2848 (6
1377 2768 1462 2847 Ian.)

134 2855 225 2927 incl..
261 2853 294 2937 2)
325 2876 345 2920 a
375 2853 427 2920 die
451 2853 601 2918 Cinerum
631 2874 733 2935 usque
756 2854 797 2919 ad
824 2853 1025 2918 Dominicam
1058 2854 1091 2918 in
1117 2854 1209 2920 albis
1240 2855 1331 2921 incl:
1369 2859 1460 2922 Trid.

135 2966 213 3009 sess,
241 2947 292 3021 24,
318 2964 344 3009 c.
373 2945 412 3009 10
437 2944 476 3008 de
499 2941 559 3025 ref.
584 2951 677 3008 tumr.

223 3069 276 3131 Aa
307 3086 497 3142 ouansrrun
530 3068 567 3128 2¹¹¹
598 3065 636 3129 R.
673 3068 699 3129 l.
755 3065 830 3129 Iure
863 3065 1022 3129 communi
1056 3087 1113 3131 sen
1148 3066 1325 3132 universali
1359 3069 1460 3136 inter·

134 3156 252 3222 dicitur
281 3177 344 3221 non
375 3156 479 3239 ipsum
510 3154 751 3219 matrimonium
783 3174 892 3218 coram
925 3155 1066 3237 parocho
1099 3160 1255 3222 consueto
1286 3156 1352 3224 ritu
1384 3180 1460 3223 con·

135 3246 345 3320 trahendum,
377 3245 434 3310 sed
462 3245 493 3321 1)
517 3243 683 3308 sollemnis
712 3242 770 3306 illa
800 3242 982 3309 benedictio
1014 3265 1098 3326 qnae
1120 3244 1208 3311 intra
1232 3245 1365 3310 missam
1391 3248 1460 3313 dari

134 3335 228 3409 solet,
253 3337 287 3415 3)
304 3340 442 3400 externa
464 3354 584 3416 pompa
607 3337 706 3414 atque
729 3331 869 3414 profana
893 3332 1056 3400 festivitas
1080 3335 1250 3400 occasione
1270 3336 1459 3418 nuptiarum

135 3423 273 3504 agenda.

110 3548 113 3553 ·
223 3521 261 3585 R.
288 3523 317 3585 2.
365 3520 438 3584 lure
462 3519 651 3603 particulari
676 3519 709 3583 in
733 3520 952 3603 compluribus
975 3520 1163 3601 regionibus
1178 3521 1242 3585 illis
1259 3525 1461 3606 temporibus

135 3609 252 3675 clausis
276 3609 374 3676 etiam
400 3608 470 3691 ipsa
494 3609 692 3674 matrimonii
716 3608 892 3676 celebratio
916 3608 1137 3675 interdicitur:
1169 3631 1189 3674 a
1220 3632 1284 3692 qua
1314 3612 1389 3696 lege
1420 3615 1459 3679 ob

133 3700 238 3765 iustas
262 3719 379 3763 causas
403 3697 585 3763 ordinarius
609 3702 720 3781 potest
743 3698 941 3783 dispensare.

73 3840 124 3892 916
223 3826 275 3888 An
299 3841 489 3898 enhaemon
520 3823 559 3883 3²²⁰
590 3821 628 3888 R..
663 3824 691 3885 1.
738 3820 915 3897 Quominus
937 3820 970 3885 in
994 3820 1252 3904 Quadragesima
1275 3826 1460 3906 proclama·

134 3913 239 3978 tiones
263 3910 461 3978 matrimonii
484 3912 575 3987 fiant,
600 3910 690 3975 nulla
706 3910 779 3991 lege
795 3910 994 3992 prohibetur.
1027 3911 1127 3993 quue
1143 3933 1208 3976 non
1224 3913 1327 3978 solum
1346 3936 1459 3980 verum

134 4008 186 4067 est
209 4003 249 4066 de
272 4002 345 4082 lege
361 3999 527 4064 Ecclesiae
544 3998 731 4075 universali,
756 4003 868 4081 utpote
892 4019 977 4080 quae
1000 4020 1040 4064 ne
1064 4000 1305 4066 matrimonium
1329 4004 1459 4085 quidem

134 4090 325 4174 simpliciter
347 4089 604 4154 contrahendum
628 4088 815 4172 prohibeat,
843 4089 900 4152 sed
924 4088 1024 4155 etiam
1049 4090 1088 4153 de
1111 4089 1151 4154 iis
1175 4091 1264 4167 locis,
1289 4091 1344 4156 ubi
1368 4093 1460 4176 viget

135 4179 342 4264 particularis
365 4179 420 4243 lex
443 4199 526 4261 quae
550 4178 729 4259 quamlibet
752 4177 948 4243 matrimonii
980 4177 1230 4245 celebrationem
1257 4182 1458 4264 temporibus

134 4269 253 4335 clausis
276 4267 460 4334 interdicat.
501 4267 586 4332 Nam
611 4288 682 4331 cum
707 4266 779 4349 quis
802 4266 845 4330 ibi
870 4267 974 4350 primo
999 4267 1049 4331 die
1073 4273 1148 4350 post
1166 4269 1312 4351 elapsum
1328 4274 1458 4354 tempus

134 4359 278 4424 clausum
303 4357 544 4422 matrimonium
569 4356 651 4423 velit
674 4356 855 4432 celebrare,
887 4356 944 4421 vix
974 4377 1037 4420 non
1066 4357 1162 4423 debet
1185 4358 1459 4440 proclamationes

134 4449 220 4513 circa
244 4449 340 4511 finem
365 4446 657 4528 quadragesimalis
680 4445 837 4528 temporis
860 4445 1011 4528 incipere.
1462 4452 1468 4495 l

223 4555 260 4620 R.
288 4556 318 4618 2.
365 4554 411 4617 At
441 4554 522 4617 feria
552 4554 584 4617 ΙΙ
614 4552 785 4618 Paschatis
816 4573 874 4634 pro
906 4551 1112 4618 matrimonio
1143 4554 1346 4621 sollemniter
1377 4558 1457 4623 cele·

133 4644 257 4707 brando
289 4642 338 4705 vel
373 4641 405 4705 in
439 4642 576 4705 diversis
606 4641 685 4706 locis
718 4662 776 4724 pro
813 4641 1019 4707 matrimonio
1055 4646 1230 4724 utcumque
1265 4645 1459 4712 celebrando
1505 4650 1506 4656 ’
