3044 5174
155 249 219 314 370
498 243 703 299 Sacramentum
724 244 914 315 paenitentiae.
933 275 969 285 -
988 246 1142 318 Αρῃεηὰίι

154 425 289 505 propter
318 419 424 504 ipsum
448 441 508 504 pro
532 419 708 499 defunctis,
738 422 875 488 totalem
904 443 1030 506 poenae
1060 423 1283 491 remissionem
1314 427 1481 496 concedat.

154 509 241 574 Nam
263 509 322 575 illa
345 508 511 575 Commodi
534 509 659 575 desidia
683 532 815 576 oausam
839 511 982 593 alioquin
1005 511 1126 579 iustam
1149 513 1281 580 inficere
1304 519 1429 600 potest.

242 616 281 683 R.
308 619 337 681 2.
369 616 473 680 Immo
495 614 528 680 in
552 638 638 681 anno
660 625 768 682 sancto
792 622 1034 683 consueverunt
1056 619 1233 702 pleraeque
1255 619 1481 705 indulgentiae

153 709 287 789 praeter
309 703 440 770 iubilaei
463 703 699 787 indulgentiam
730 706 772 770 ab
801 706 881 790 ipsis
905 706 1060 772 Romanis
1085 708 1297 775 Pontificibus
1327 713 1479 794 suspendi

153 815 212 878 pro
236 794 337 858 vivis:
371 814 568 875 quamquam
592 793 691 860 etiam
714 795 848 861 concedi
871 795 956 860 solet
978 796 1120 863 facultas
1143 797 1218 863 illas
1248 800 1398 865 lucrandi
1425 822 1480 884 pro

152 883 326 956 defunctis,
350 882 447 964 idque
471 883 571 948 etiam
593 882 678 960 illas,
703 904 787 966 quae
805 884 888 949 alias
905 884 1067 950 defunctis
1083 886 1297 970 applicabiles
1311 909 1378 954 non
1394 895 1478 956 sunt.

153 973 206 1036 Ex
229 993 292 1054 quo
316 972 422 1036 denuo
446 975 540 1055 patet
562 972 789 1050 Commodum,
821 972 905 1037 siin
930 995 1015 1039 anno
1040 979 1154 1040 sancto
1178 982 1347 1056 versetur,
1382 979 1480 1044 vehe-

152 1066 282 1127 menter
303 1061 337 1125 in
361 1082 454 1126 suum
478 1061 712 1126 detrimentum
735 1082 855 1127 errare.

90 1184 142 1238 652
241 1167 281 1234 R.
298 1171 328 1233 3.
361 1166 495 1232 Flaviae
518 1168 672 1232 voluntas
688 1167 758 1232 sine
775 1167 871 1232 dubio
887 1168 993 1250 magis
1009 1168 1064 1252 pia
1080 1173 1132 1236 est
1148 1170 1324 1239 laudanda,
1356 1172 1477 1238 Verum

152 1255 257 1320 videri
290 1255 387 1321 debet
416 1277 457 1321 an
487 1277 551 1320 non
585 1256 654 1320 eius
684 1256 773 1321 zelus
802 1256 890 1321 vires
915 1262 1057 1340 superet.
1104 1257 1191 1324 Nam
1214 1259 1291 1325 sciri
1316 1261 1417 1328 debet
1439 1285 1478 1328 ex

151 1343 224 1429 ipsa
246 1345 343 1410 Bulla
366 1344 583 1410 concessionis
606 1367 683 1409 num
713 1344 818 1429 possit
847 1345 1050 1427 indulgentia
1079 1347 1211 1413 iubilaei
1240 1350 1342 1415 etiam
1374 1351 1477 1435 appli-

152 1433 219 1499 cari
243 1433 416 1500 defunctis.
464 1433 555 1510 Quod
577 1434 638 1498 nisi
663 1454 819 1518 expresse
843 1436 1056 1512 concedatur,
1082 1436 1150 1501 fieri
1174 1439 1391 1505 communiter
1416 1462 1476 1506 non
1516 1438 1518 1479 ³

151 1528 280 1608 potest,
313 1523 371 1588 sed
401 1545 421 1589 a
451 1522 529 1587 solis
560 1522 599 1587 iis
630 1522 745 1604 quibus
776 1523 889 1589 datum
919 1529 971 1590 est
1000 1524 1207 1608 privilegium
1240 1548 1348 1594 omnes
1372 1530 1476 1595 indul-

151 1612 282 1696 gentias
306 1633 390 1694 quae
414 1611 537 1693 acquiri
560 1612 704 1695 possint,
735 1612 898 1678 defunctis
928 1614 1129 1698 applicandi,
1161 1614 1259 1682 sicuti
1289 1617 1405 1684 datum
1429 1624 1476 1685 est

150 1723 211 1789 pro
240 1705 334 1778 ,actu
357 1700 488 1767 heroico
512 1722 593 1783 erga
616 1700 819 1768 defunctos“.

240 1794 321 1860 Dein
354 1794 457 1859 videri
492 1794 590 1859 debet
623 1814 700 1858 num
735 1794 971 1875 indulgentiam
1005 1794 1138 1860 iubilaei
1168 1799 1293 1881 pluries
1328 1799 1472 1864 lucrandi

150 1883 292 1950 facultas
315 1884 523 1948 concedatur.
570 1882 754 1965 Aliquando
784 1883 845 1948 hoc
875 1884 913 1948 fit
941 1883 973 1947 in
1004 1883 1154 1950 iubilaeis
1177 1885 1267 1968 longi
1296 1889 1472 1971 temporis;

150 1973 277 2039 excludi
302 1974 386 2038 solet
410 1972 443 2037 in
466 1972 615 2037 iubilaeis
639 1993 723 2053 quae
745 1992 805 2057 pro
836 1971 960 2053 aliquot
992 1976 1121 2038 tantum
1154 1974 1369 2041 hebdomadis
1401 1998 1472 2043 con·

149 2064 317 2128 ceduntur.
362 2062 418 2127 Tb.
443 2084 482 2127 m.
508 2061 549 2136 Il,
575 2064 649 2127 545.

239 2170 277 2235 R.
295 2171 326 2236 4.
350 2167 470 2244 Quodsi
486 2167 586 2249 igitur
601 2167 733 2233 iubilaei
748 2166 952 2248 indulgentia
966 2169 1088 2253 pluries
1104 2168 1227 2251 acquiri
1243 2170 1358 2254 possit,
1377 2179 1475 2254 atque

150 2258 249 2324 etiam
273 2255 379 2341 possit
402 2258 564 2322 defunctis
588 2255 759 2340 applicari,
790 2261 895 2322 restat
918 2256 1030 2321 videre
1054 2278 1129 2321 num
1160 2279 1220 2342 pro
1243 2259 1360 2324 Flavia
1390 2261 1475 2327 iusta

149 2368 249 2412 causa
273 2346 316 2412 sit
341 2367 440 2429 opera
462 2345 520 2410 illa
544 2345 774 2411 commutandi.
799 2381 842 2389 -
866 2345 957 2411 lusta
981 2366 1080 2411 cansa
1104 2366 1255 2412 essenon
1273 2353 1386 2432 potest
1404 2352 1473 2416 sola

148 2435 292 2500 facilitas
322 2435 427 2499 maior
456 2434 678 2515 indulgentias
708 2455 829 2516 easque
859 2433 990 2518 saepius
1024 2435 1189 2502 lucrandi:
1224 2436 1370 2518 alioquin
1405 2439 1473 2524 ipse

149 2525 299 2591 Summus
316 2523 470 2588 Pontifex
485 2523 610 2588 leviora
631 2544 742 2606 opera,
767 2543 870 2604 eaque
887 2544 970 2605 quae
986 2523 1190 2606 frequentius
1205 2524 1320 2591 iterari
1335 2529 1473 2610 possint,

148 2614 424 2697 praescripsisset.
472 2612 564 2677 Iusta
587 2632 688 2677 causa
710 2613 743 2677 iu
766 2611 931 2696 personali
954 2613 1141 2679 condicione
1165 2613 1234 2679 eius
1265 2615 1320 2697 qui
1352 2616 1474 2682 lucrari

148 2704 220 2768 vult
244 2702 431 2783 quaerenda
455 2705 521 2777 cst,
547 2702 566 2767 i.
592 2722 619 2765 c.
644 2701 677 2764 in
701 2701 814 2765 morali
840 2701 979 2782 quadam
1004 2701 1268 2785 impossibilitate
1291 2724 1349 2768 seu
1374 2705 1475 2771 nimia

149 2791 353 2866 difficultate,
378 2811 443 2854 non
467 2811 550 2872 quae
573 2791 606 2853 in
630 2790 782 2873 operibus
806 2810 846 2854 ex
871 2810 943 2854 sese
966 2790 1142 2868 invenitur,
1167 2792 1223 2856 sed
1249 2793 1383 2873 quaein
1400 2817 1474 2878 per-

146 2888 228 2946 'sona
253 2901 353 2963 opera
376 2879 433 2944 illa
457 2884 625 2961 praestare
650 2879 781 2944 volente
805 2880 975 2962 reperitur.
1016 2879 1049 2944 Si
1073 2880 1174 2962 igitur
1198 2881 1313 2947 Flavia
1337 2882 1476 2949 debilior

148 2976 199 3035 est
222 2991 319 3050 quarn
344 2974 381 3035 ut
404 2968 492 3033 ferat-
514 2968 650 3043 ieiunia;
681 2968 735 3032 vel
766 2968 792 3032 si
824 2967 873 3031 sni
905 2968 985 3033 iuris
1015 2991 1079 3034 non
1110 2969 1282 3052 sitneque
1313 2972 1474 3039 esurialos

147 3059 236 3123 cibos
259 3080 318 3142 pro
342 3058 478 3123 arbitrio
502 3056 563 3122 sibi
592 3057 697 3139 possit
726 3078 918 3139 procurare:
953 3079 1053 3123 causa
1083 3064 1134 3123 est
1164 3080 1222 3124 our
1250 3059 1474 3127 confessarius
1516 3134 1518 3144 ¹

146 3147 281 3214 Flaviae
303 3148 361 3212 illa
384 3168 483 3230 opera
507 3151 703 3222 commutet3
737 3145 889 3210 existimo
921 3150 1032 3211 tamen
1064 3168 1128 3211 non
1153 3169 1225 3213 esse
1249 3169 1384 3215 causam
1408 3152 1474 3218 fre-
1515 3170 1518 3249 l

146 3238 299 3320 quentius
322 3235 551 3312 commutandi,
577 3256 673 3316 quam
698 3254 797 3316 opera
821 3254 879 3316 per
901 3256 936 3298 se
953 3236 1156 3319 praescripta
1172 3238 1317 3303 exerceri
1333 3239 1472 3322 possint,

144 3326 243 3391 immo
268 3324 608 3390 convenientissimum
633 3328 685 3388 est
708 3344 766 3406 pro
790 3322 869 3407 ipsis
892 3322 1007 3389 iisdem
1031 3324 1144 3389 diebus
1168 3325 1283 3407 quibus
1314 3326 1472 3395 ieiunium

145 3415 380 3499 praescribitur
403 3414 490 3478 aliud
515 3435 597 3497 opus
620 3412 799 3494 iniungere,

235 3521 272 3586 R.
299 3524 328 3585 5.
369 3520 487 3586 Utrum
510 3520 568 3584 illa
592 3519 802 3585 commutatio
826 3518 896 3583 fieri
919 3519 1023 3602 possit
1047 3521 1147 3585 semel
1171 3541 1230 3604 pro
1254 3541 1405 3605 semper;
1430 3545 1472 3589 an

146 3609 178 3674 in
202 3609 340 3691 singulis
364 3608 636 3686 confessionibuS,
670 3629 751 3689 quas
782 3629 839 3690 pro
871 3607 1008 3688 singulis
1038 3608 1163 3674 vicibus
1193 3610 1309 3692 quibus
1339 3610 1472 3678 iubilaei

144 3698 380 3780 indulgentiam
405 3697 523 3762 lucrari
547 3698 619 3762 vult
642 3696 758 3761 Flavia
779 3697 889 3761 facere
913 3697 1023 3774 debet,
1048 3702 1161 3781 petere
1185 3703 1219 3764 et
1241 3700 1394 3783 accipere
1417 3703 1472 3768 de·

144 3789 223 3853 beat
255 3786 558 3853 commutationem:
592 3786 702 3852 stabili
731 3786 805 3867 lege
835 3787 975 3850 nondum
1008 3790 1169 3853 statutum
1194 3792 1254 3855 est.
1301 3789 1470 3856 Communi

145 3877 260 3959 regula
283 3877 364 3941 haec
388 3896 520 3959 operum
545 3875 757 3940 commutatio
780 3874 850 3939 fieri
870 3874 976 3950 debet,
1001 3876 1085 3941 sicut
1101 3876 1196 3954 aliae,
1220 3898 1251 3943 v.
1269 3899 1300 3960 g.
1318 3885 1471 3946 votorum

144 3966 429 4041 commutationes,
455 3966 488 4028 in
512 3964 741 4030 sacramentali
766 3963 977 4029 confessione.
1025 3964 1062 4028 In
1085 3963 1224 4031 iubilaeo
1248 3970 1361 4032 tamen
1386 3990 1471 4035 anno

146 4057 231 4120 1865
256 4076 276 4119 a
300 4055 356 4119 Pio
380 4054 426 4118 IX
450 4075 602 4118 concesso
627 4053 751 4134 largior
774 4052 915 4117 facultas
946 4053 1025 4119 data
1048 4058 1100 4119 est
1130 4053 1229 4120 etiam
1262 4059 1361 4122 extra
1393 4079 1469 4124 cou-

144 4144 319 4210 fessionem
344 4163 444 4226 opera
467 4143 611 4209 iniuncta
635 4141 866 4208 commutandi.

233 4242 296 4305 Pro
321 4241 459 4306 iubilaeo
484 4241 560 4305 anni
583 4241 687 4306 sancti
715 4242 815 4316 1900,
841 4240 925 4320 quod
950 4244 1025 4322 post
1047 4240 1186 4324 primam
1210 4241 1469 4324 acquisitionem,

143 4336 179 4397 ut
204 4331 320 4396 deinde
343 4330 465 4413 pluries
489 4331 612 4411 acquiri
636 4331 740 4412 possit
762 4351 821 4412 pro
852 4329 1031 4406 defunctis,
1062 4350 1252 4395 concessum
1282 4338 1351 4409 ost,
1384 4334 1470 4399 circa

144 4419 430 4485 commutationem
456 4440 588 4502 operum
617 4440 675 4500 per
699 4419 731 4484 S.
756 4417 1045 4483 Paenitentiariam
1071 4419 1099 4484 d.
1128 4421 1169 4483 10
1192 4418 1270 4484 Maii
1298 4424 1385 4487 1900
1417 4445 1469 4488 res

142 4508 190 4573 ita
215 4510 348 4575 delinita
367 4512 428 4585 est,
455 4513 491 4573 ut
506 4508 570 4584 ille,
595 4507 648 4588 qui
673 4507 959 4572 commutationem
985 4508 1158 4591 acceperit,
1183 4529 1246 4572 non
1270 4511 1377 4593 possit
1401 4512 1469 4594 qui·

144 4599 215 4662 dem
240 4599 380 4663 secundo
404 4599 458 4663 vel
481 4597 580 4664 tertio
603 4618 721 4661 novam
739 4597 1026 4663 commutationem
1043 4597 1201 4681 accipere,
1225 4599 1332 4683 possit
1347 4605 1468 4679 autem,
