3044 5174
420 112 511 169 Onera
529 131 650 170 annexa:
671 145 702 154 -
723 116 807 170 officii
825 115 911 170 divini
929 115 1061 170 recitatio.
1342 120 1405 184 461

76 340 327 411 Excusaulo
342 342 401 411 AB
417 344 549 413 HORIS
565 345 663 412 CAN.
681 344 945 411 RECITANDIS
961 344 1014 426 (I).
1038 384 1076 393 —
1094 344 1346 412 DUBITATIO.
1364 383 1407 390 —

590 468 897 535 Druncianus.

642 635 752 702 Casus.
771 642 847 711 (234)

168 772 321 845 Marinus,
350 793 416 834 cum
443 781 513 853 post
539 775 660 852 longum
688 776 747 835 iter
774 776 912 853 pedestre
938 777 1036 835 fessus
1058 796 1181 853 vespere
1208 776 1405 845 decubuisset,

77 851 197 912 dubitat
217 872 287 912 num
308 854 481 915 recitaverit
495 856 646 933 Vesperas
669 861 699 915 et
720 856 956 932 completorium.
987 855 1182 924 Quantumvis
1205 863 1328 916 conetur
1350 857 1406 915 sibi

75 931 176 991 omnia
196 952 274 1009 quae
293 953 347 1011 per
367 934 443 994 diem
465 936 657 1009 occurrerint,
679 936 710 994 in
731 936 901 995 memoriam
922 956 1080 1007 revocare,
1110 938 1196 1012 plene
1216 937 1291 996 nihil
1311 957 1406 997 recor·

76 1012 181 1083 datur,
204 1013 259 1072 sed
278 1013 335 1073 hoc
356 1015 451 1074 solum
472 1015 529 1075 sibi
551 1016 641 1075 dicit:
670 1016 695 1075 si
717 1036 776 1075 non
797 1016 988 1085 recitassem,
1011 1021 1044 1074 ut
1065 1017 1141 1076 alias
1163 1016 1241 1075 domi
1262 1018 1343 1077 soleo
1364 1018 1406 1076 fa·

76 1111 153 1165 cere,
174 1092 207 1152 id
228 1099 318 1153 antea
338 1094 411 1155 mihi
431 1094 462 1154 in
482 1102 611 1156 mentem
632 1097 734 1156 venire
756 1097 890 1157 debebat.
920 1095 1018 1166 Quare
1039 1101 1178 1173 putatae
1200 1116 1259 1156 non
1281 1098 1406 1175 amplius

76 1173 216 1249 obligari,
236 1174 364 1234 maxime
387 1195 461 1247 cum,
483 1176 510 1236 si
532 1181 683 1252 surgeret,
705 1177 794 1237 ctiam
816 1177 866 1235 alii
888 1178 1061 1252 quibuscum
1083 1178 1113 1235 in
1135 1177 1281 1237 communi
1303 1178 1406 1236 dormi·

75 1253 154 1313 torio
175 1255 332 1326 recumbit,
352 1256 551 1317 turbarentur.
592 1257 662 1316 Alia
683 1258 749 1316 viee
770 1257 800 1315 in
822 1257 912 1316 simili
933 1276 1005 1316 casu
1026 1257 1079 1316 vix
1104 1277 1163 1316 uon
1186 1263 1284 1316 certus
1306 1263 1406 1317 estse

75 1333 266 1394 condixisse
280 1335 458 1395 Matutinum
474 1356 540 1395 cum
554 1337 715 1409 Laudibus,
738 1343 770 1396 at
783 1338 861 1396 hunc
876 1337 966 1396 officii
981 1343 1095 1414 partem
1116 1337 1227 1396 omittit
1246 1357 1406 1409 resumere,

76 1414 146 1490 quia
167 1414 247 1475 solet
267 1414 448 1493 anticipare;
470 1418 667 1493 praecedente
688 1437 761 1477 vero
782 1417 829 1477 die
850 1423 915 1476 toto
937 1423 1068 1495 tempore
1090 1417 1292 1494 pomeridiano
1314 1438 1367 1495 per
1387 1420 1405 1478 8

77 1494 198 1555 circiter
218 1495 309 1555 boras
329 1495 485 1556 audiendis
506 1498 742 1558 confessionibus
764 1503 927 1575 occupatus
949 1505 1028 1557 erat:
1058 1498 1134 1574 quod
1162 1498 1300 1557 sulficere
1320 1504 1406 1575 putat

77 1574 115 1634 ad
135 1575 362 1635 excusationem
383 1577 574 1637 crocitando
595 1577 759 1649 breviario;
780 1578 867 1654 idque
883 1598 917 1638 eo
931 1579 1036 1653 magis,
1059 1578 1127 1654 quia
1141 1578 1299 1655 parochus,
1321 1599 1406 1654 quem

9 1728 11 1735 ¹
78 1654 257 1726 adiuvabat,
286 1656 403 1733 accepit
422 1657 692 1734 dispensationem,
721 1659 838 1734 quando
865 1679 918 1735 per
939 1678 994 1717 sex
1014 1659 1104 1717 horas
1132 1658 1337 1718 confessiones
1359 1659 1405 1718 de·

77 1737 161 1795 beret
182 1735 340 1813 excipere:
363 1737 410 1796 cui
432 1757 465 1796 se
486 1738 664 1798 conformari
686 1758 775 1815 posse
796 1739 931 1798 Marinus
952 1743 1047 1816 putat.

77 1850 258 1922 Quaeramus
286 1855 316 1910 1ο
336 1851 405 1928 quid
426 1851 456 1911 in
478 1852 566 1913 dubio
588 1853 624 1912 do
645 1853 743 1913 officio
765 1853 865 1913 divino
886 1854 1037 1931 persoluto
1059 1853 1225 1912 faciendum
1247 1853 1294 1911 sit.

280 1950 311 2008 2⁰
331 1969 406 2026 quae
427 1949 489 2009 sint
509 1969 618 2010 causae
639 1954 677 2011 ab
699 1951 797 2012 officio
819 1951 919 2010 divino
941 1951 1093 2011 recitando
1116 1955 1304 2011 excusantes.

279 2048 310 2106 3⁰
330 2046 399 2124 quid
421 2047 456 2106 de
477 2049 708 2110 resolutionibus
729 2049 838 2109 Marini
859 2049 1022 2108 dicendum.

674 2233 809 2301 Solutio.

164 2373 221 2438 Au
244 2393 436 2450 onassrrou
463 2378 499 2440 1¹²
522 2375 561 2442 R.
589 2378 617 2442 1.
671 2375 706 2440 ln
739 2375 835 2441 dubio
867 2375 1038 2457 negativo,
1071 2374 1091 2441 i.
1121 2396 1149 2440 e.
1182 2375 1310 2456 quando
1340 2390 1463 2445 nonsul

74 2462 219 2528 habetur
241 2463 327 2529 ratio
349 2467 484 2550 positivo
514 2464 692 2548 probabilis
722 2485 805 2547 quae
829 2464 967 2530 suadeat
990 2464 1215 2530 recitationem
1241 2485 1312 2529 esse
1336 2464 1405 2529 fac·

74 2557 161 2629 tam,
194 2571 276 2617 sane
305 2556 403 2635 urget
433 2552 590 2636 obligatio
614 2553 784 2619 recitandi.
831 2554 918 2619 Nam
943 2554 975 2618 in
999 2552 1145 2636 qualibet
1168 2575 1204 2618 re
1227 2558 1405 2637 praecepta

74 2639 224 2725 impletio
253 2641 336 2723 legis
366 2663 431 2707 uon
461 2642 670 2727 supponitur,
704 2643 761 2707 sed
794 2642 924 2726 probari
955 2642 1069 2720 debet,
1102 2641 1189 2707 sicut
1216 2643 1314 2707 etiam
1340 2665 1402 2707 non

74 2729 248 2796 creditoris
271 2735 325 2796 est
346 2732 485 2814 probaro
508 2732 702 2798 solutionem
726 2733 869 2797 nondum
893 2753 965 2797 esse
989 2731 1129 2808 factam,
1160 2732 1218 2795 sed
1247 2731 1403 2796 debitoris

74 2823 127 2885 est
150 2818 292 2903 probare
314 2839 351 2884 se
374 2821 568 2888 solutionem
592 2821 721 2887 fecisse.

164 2925 204 2992 R.
229 2927 260 2992 2.
313 2926 436 2992 Verum
468 2927 501 2992 iu
534 2926 684 2993 humanis
717 2927 839 2994 sufficit
872 2926 1050 3012 probabilis
1082 2926 1250 3011 probatio,
1284 2927 1402 2993 saltem

74 3015 206 3097 quando
236 3036 302 3081 non
332 3015 373 3080 de
403 3015 529 3083 iustitia
557 3017 792 3083 commutativa
823 3017 941 3100 agitur.
988 3015 1110 3081 Durius
1140 3016 1225 3080 enim
1256 3020 1344 3082 esset
1370 3018 1401 3081 in

74 3103 163 3170 omni
186 3123 223 3169 re
246 3103 445 3170 evidentiam
461 3107 514 3171 vel
536 3106 716 3189 perfectam
734 3106 960 3172 certitudinem
977 3105 1155 3189 postulare,
1181 3127 1284 3186 noque
1307 3105 1402 3170 suavi

75 3191 280 3278 dispositioni
303 3193 502 3276 legislatoris
526 3196 679 3263 convenit
701 3195 848 3262 strictius
871 3195 1036 3278 imponere
1059 3195 1113 3259 vel
1136 3215 1253 3276 urgere
1277 3194 1403 3277 obliga·

73 3281 208 3349 tionem.
235 3281 288 3349 Ita
304 3283 403 3349 etiam
420 3284 452 3350 S.
468 3284 705 3368 Alphonsus
729 3285 815 3350 circa
835 3285 1060 3351 recitationem
1080 3283 1233 3349 horarum
1257 3284 1403 3350 declarat

74 3371 131 3449 IV,
163 3373 246 3436 150:
283 3371 334 3449 ,Si
357 3392 436 3438 vero
460 3373 591 3438 dubium
616 3378 666 3440 est
695 3375 888 3458 positivum,
919 3374 967 3439 ito
988 3377 1025 3439 ut
1047 3373 1259 3457 probabiliter
1281 3373 1403 3439 iudices

74 3459 216 3538 dixisse,
247 3481 312 3526 non
341 3460 464 3527 teneris
494 3468 660 3546 repetere,
691 3467 789 3546 prout
820 3465 937 3529 docent
968 3462 1256 3528 communissime.“
1310 3462 1402 3539 Quod

75 3549 219 3616 maxime
235 3550 326 3615 valet
342 3550 381 3615 de
397 3555 492 3634 parte
508 3553 605 3618 borae
628 3574 725 3635 quem
749 3552 820 3634 quis
845 3553 1036 3618 recordatur
1052 3572 1087 3616 se
1104 3551 1279 3635 incepisse;
1304 3552 1402 3616 immo

74 3639 185 3722 quoad
207 3638 269 3704 hoc
292 3638 325 3707 S.
346 3639 385 3705 D.
410 3642 573 3725 approbat
596 3641 716 3707 dictum
741 3663 852 3706 eorum
877 3643 932 3725 qui
955 3641 1066 3707 dicunt
1089 3641 1175 3706 male
1198 3641 1307 3706 facere
1328 3662 1401 3706 eum

74 3728 140 3811 qui,
164 3728 289 3794 habens
304 3727 524 3795 coniecturam
541 3751 577 3795 se
593 3735 722 3813 partem
738 3731 838 3796 horae
862 3731 994 3806 dixisse,
1019 3752 1090 3796 eam
1109 3736 1236 3813 partem
1260 3735 1400 3814 repetat,

74 3837 114 3884 eo
138 3818 225 3900 quod
248 3817 336 3883 viam
360 3818 488 3902 aperiet
510 3820 683 3904 scrupulis.
730 3820 777 3885 cf.
803 3820 902 3886 etiam
926 3819 1001 3884 ibid.
1027 3842 1058 3886 n.
1086 3823 1157 3885 175.

164 3940 218 4006 An
249 3962 441 4018 ouaasrruu
472 3945 511 4006 2¹¹
542 3943 581 4010 R.
614 3945 642 4009 l.
696 3943 748 4008 Ab
783 3943 889 4009 officio
925 3943 1034 4008 divino
1065 3942 1232 4008 recitando
1264 3948 1461 4009 excusat802

73 4029 161 4098 sicut
184 4029 226 4096 ab
249 4030 323 4097 aliie
345 4030 472 4114 legibus
496 4032 645 4097 humanis
668 4054 733 4098 non
757 4034 860 4098 solum
890 4033 1026 4117 physica
1051 4031 1312 4115 impossibilitas,
1343 4032 1401 4096 sed

74 4118 176 4186 etiam
199 4118 445 4204 impossibilitas
467 4121 600 4186 moralis
623 4124 692 4188 late
715 4126 846 4206 sumpta
869 4144 927 4187 seu
950 4121 1062 4204 gravis
1086 4120 1275 4196 difficultas,
1300 4120 1400 4185 etiam

73 4208 271 4294 respectiva.
321 4209 479 4276 Attamen
511 4231 584 4275 curn
614 4211 695 4277 boec
725 4211 825 4276 divini
856 4211 952 4276 oflicii
984 4209 1160 4294 persolutio
1190 4230 1320 4292 semper
1348 4231 1400 4275 re·

73 4297 202 4365 censita
231 4297 276 4364 sit
304 4298 392 4366 inter
423 4298 639 4382 obligationes
672 4300 862 4365 clericorum
896 4299 1090 4383 principales
1122 4303 1221 4380 atque
1255 4298 1399 4363 divinum

73 4388 200 4455 cultum
229 4386 344 4454 intime
373 4393 579 4472 spectantes,
611 4411 711 4455 causa
735 4391 865 4454 omnino
889 4388 1022 4470 gravior
1052 4408 1124 4452 esse
1154 4388 1267 4466 debet,
1298 4394 1400 4453 ulex

71 4498 146 4546 sese
168 4477 257 4544 adsit
272 4477 450 4544 excusatio.
483 4478 682 4556 Generatim,
706 4478 769 4544 nisi
785 4478 954 4562 physicum
971 4476 1237 4562 impedimentum
1252 4476 1398 4555 accedat,
