3044 5174
247 285 374 340 Minister
392 285 492 356 pacnit.
513 316 545 324 -·
566 285 686 352 sigillum
706 288 868 340 sacrament.
886 313 922 322 -
941 283 1000 338 eius
1018 284 1139 338 violatio.
1295 288 1358 352 319

628 495 764 562 Salutio.

119 640 175 704 Aa
199 659 391 715 qusssrruu
417 641 453 702 1¹¹¹
477 638 515 704 R.
558 639 725 715 Quatenus
748 638 818 721 ipse
841 637 1013 721 paenitens
1036 638 1170 721 eiusque
1193 638 1282 703 fama
1305 638 1422 703 velato

35 728 271 793 incommodum
304 727 493 811 respicitur,
525 727 554 792 ie
585 727 648 792 iuri
680 748 738 792 suo
771 730 888 810 sponte
918 727 1034 792 cedere
1065 727 1182 811 potuit.
1237 727 1358 793 Verum

35 823 196 899 quatenus
226 817 295 882 eiue
325 816 414 882 fama
444 816 627 882 conectitur
650 837 723 881 curn
749 815 840 881 fama
863 814 1017 893 aliorum,
1048 817 1068 884 i.
1094 837 1121 883 e.
1146 816 1248 881 totius
1271 837 1359 881 com·

34 905 219 984 munitatu,
250 927 330 971 sane
353 927 417 971 non
441 905 534 970 licuit
557 927 615 988 pro
639 905 733 972 libitu
757 905 980 971 communitati
1009 905 1070 971 hoc
1093 906 1214 970 malum
1237 904 1359 971 inferre

33 1016 86 1060 seu
110 995 209 1060 simul
233 994 294 1059 iuri
318 994 455 1060 aliorum
480 995 603 1079 cedere
644 993 751 1070 Quare
774 994 941 1060 licentiam
963 993 1161 1060 illimitatam
1186 994 1264 1059 dare
1280 1014 1359 1078 pac·

33 1084 141 1151 nitens
171 1105 237 1149 non
267 1084 389 1167 potuit,
423 1084 545 1167 potuit,
578 1087 735 1165 quantum
765 1083 984 1148 necessarium
1016 1088 1088 1149 erat
1118 1085 1160 1148 ad
1190 1082 1359 1148 consilium

33 1172 242 1257 capiendum,
273 1177 426 1238 manente
454 1176 565 1239 tamen
589 1171 788 1256 obligatione
811 1171 929 1236 secreti
951 1171 984 1236 in
1008 1171 1048 1236 iis
1071 1172 1187 1254 quibus
1211 1177 1360 1239 reserat

33 1262 281 1328 communicata.

121 1383 175 1450 An
199 1405 390 1461 concernunt
410 1386 449 1448 2²
472 1385 511 1450 a.
532 1388 559 1449 1.
598 1384 668 1449 Lex
691 1383 789 1466 sigilli
814 1384 907 1449 unice
930 1386 1061 1466 spectat
1082 1383 1133 1448 iue
1156 1384 1359 1461 confitentis;

32 1495 106 1541 nam
138 1474 214 1540 finis
243 1477 310 1552 est,
341 1479 379 1539 ut
408 1473 541 1539 cuilibet
571 1473 737 1538 confitenti
765 1472 983 1557 prospiciatur
1006 1473 1046 1537 de
1068 1473 1263 1550 securitate,
1294 1495 1360 1556 qua

32 1564 155 1629 nullum
186 1584 259 1628 esee
289 1562 466 1646 periculum
494 1562 553 1627 sibi
584 1562 688 1646 possit
717 1561 931 1646 persuadere,
962 1561 1149 1644 quominus,
1180 1583 1265 1644 quae
1289 1562 1359 1647 ipse

33 1652 203 1718 confessus
233 1652 277 1717 sit
307 1652 359 1716 vel
390 1651 505 1730 fuerit,
536 1651 567 1715 in
599 1652 698 1716 ullum
729 1672 823 1716 suum
853 1651 1109 1728 incommodum,
1140 1649 1210 1715 sive
1235 1651 1359 1717 directe

32 1743 101 1807 eive
126 1741 295 1818 indirecte,
320 1740 390 1805 usui
416 1762 488 1806 esse
510 1741 646 1825 possint.
686 1740 821 1817 Quando
844 1740 946 1823 igitur
965 1740 1036 1823 ipse
1052 1739 1222 1823 paenitens
1238 1741 1359 1825 plenis-

32 1832 112 1896 sime
137 1852 196 1896 suo
219 1830 281 1895 iuri
305 1829 482 1907 renuntiat,
507 1830 547 1895 de
563 1830 661 1912 sigilli
685 1830 828 1895 laesione
847 1828 937 1912 queri
955 1829 1093 1912 amplius
1108 1829 1238 1911 nequit;
1262 1830 1359 1911 idque

32 1941 147 1985 verum
172 1923 233 1996 eet,
258 1918 320 1984 etei
343 1919 539 1999 gravissima
563 1919 700 1984 aliorum
723 1918 797 1983 iura
812 1918 993 1983 laedantur.
1033 1917 1120 1983 Nam
1137 1939 1359 2001 quaecumque
1406 1979 1409 1988 .

31 2009 62 2074 in
88 2008 293 2074 confessione
317 2008 478 2073 detentio
503 2009 641 2089 quodam
667 2008 833 2083 dicuntur,
860 2007 888 2071 ei
911 2007 952 2071 ad
976 2006 1138 2073 obiectum
1161 2007 1260 2089 sigilli
1283 2029 1358 2092 per·

31 2099 156 2175 tinent,
187 2096 353 2182 pertinent
382 2097 583 2161 solummodo
614 2097 836 2179 dependenter
859 2118 879 2161 a
901 2096 991 2161 lacto
1014 2097 1066 2160 vel
1098 2095 1217 2161 delicto
1244 2097 1358 2180 paeni·

31 2188 135 2252 tentis
165 2192 199 2252 et
229 2186 450 2270 dependenter
479 2187 521 2251 ab
552 2187 620 2250 eius
649 2185 729 2251 iure.
776 2184 910 2262 Quando
940 2185 1041 2266 igitur
1064 2185 1159 2250 huius
1182 2185 1232 2250 ius
1255 2185 1359 2251 libera

31 2274 275 2341 renuntiatione
305 2275 502 2342 exstinctum
534 2280 601 2352 est,
631 2275 688 2339 illa
715 2274 843 2341 obiecta
867 2274 974 2339 aliena
996 2275 1227 2341 sacramentali
1251 2274 1358 2357 sigillo

31 2370 110 2431 sunt
133 2364 313 2430 subtracta.

122 2470 161 2536 R.
186 2472 215 2539 2.
255 2469 335 2535 Inde
359 2475 468 2536 autem
493 2491 556 2534 non
580 2470 737 2552 sequitur,
762 2474 799 2537 ut
821 2490 886 2533 non
908 2469 1099 2536 subiaceant
1115 2470 1222 2552 sigillo
1239 2471 1357 2537 secreti
1368 2491 1419 2544 561

32 2559 204 2636 naturalis,
230 2563 329 2642 atque
353 2559 422 2624 sine
446 2559 564 2623 iniuria
588 2559 728 2624 revelari
752 2559 888 2641 possint.
928 2559 1012 2624 Huic
1028 2560 1172 2625 naturali
1195 2560 1257 2625 iuri
1280 2581 1358 2644 pse·

32 2650 140 2714 nitens
170 2648 359 2714 renuntiare
389 2669 453 2712 non
482 2652 609 2732 potest,
641 2648 717 2731 quia
747 2648 787 2712 de
817 2647 923 2712 alieno
946 2648 1017 2713 iure
1040 2649 1153 2731 nequit
1176 2649 1357 2732 disponere.

31 2737 149 2820 Neque
172 2737 301 2819 singula
324 2736 566 2803 communitatis
590 2738 735 2802 membra
758 2736 875 2801 cedere
898 2742 1035 2821 possunt
1057 2737 1135 2815 iuri,
1160 2739 1246 2820 quod
1270 2759 1358 2803 com·

31 2827 176 2893 munitae
199 2848 264 2909 qua
286 2826 363 2892 talis
387 2827 428 2891 ad
452 2825 573 2891 famam
598 2825 706 2892 habet.
753 2825 860 2902 Quare
883 2825 916 2890 in
939 2831 1052 2891 nostro
1076 2848 1164 2904 casu,
1194 2827 1255 2892 etsi
1279 2848 1357 2911 pae-

31 2917 141 2983 nitens
162 2915 246 2983 dixit
267 2937 361 2981 suum
377 2915 455 2979 nihil
472 2915 642 2993 interesse,
667 2920 778 2981 tamen
793 2915 954 2980 intererat
969 2916 1211 2981 communitatis
1235 2916 1356 2981 cmmen

31 3027 95 3071 non
120 3004 299 3087 divulgari:
325 3005 471 3086 adeoque
495 3004 714 3070 confessarius
737 3004 856 3069 iniuste
873 3003 950 3085 egit,
975 3025 1048 3069 cum
1064 3004 1232 3088 dispendio
1248 3005 1357 3070 famae

31 3093 276 3160 communitatis
299 3115 367 3159 rem
391 3094 564 3158 narrando.

121 3201 161 3267 R.
186 3202 216 3266 3.
258 3200 371 3265 Potuit
394 3220 472 3264 vero
495 3221 564 3263 rem
588 3200 835 3276 communicare,
860 3203 1017 3280 quantum
1041 3199 1259 3264 necessarium
1284 3204 1357 3264 erat

32 3290 273 3371 adpetendum
298 3288 475 3354 consilium.
523 3289 617 3354 Etsi
642 3288 785 3370 quaene,
811 3309 907 3370 quam
931 3288 1079 3369 graviter·
1102 3288 1256 3354 ulteriore
1280 3309 1356 3353 nar·

32 3379 160 3444 ratione
183 3382 354 3460 peccatum
378 3378 421 3445 sit
444 3399 464 3442 a
481 3378 689 3456 confessario,
715 3377 747 3442 id
764 3377 893 3442 decerni
909 3376 1006 3442 debet
1021 3377 1164 3442 maxime
1180 3377 1356 3443 secundum

32 3468 225 3550 qualitatem
250 3471 285 3531 et
308 3467 512 3551 prudentiam
545 3488 673 3544 eorum,
705 3466 820 3549 quibus
842 3487 895 3531 res
918 3471 1054 3532 narrata
1077 3467 1137 3545 eit,
1168 3489 1244 3532 num
1269 3468 1356 3551 peri·

32 3558 138 3623 culum
170 3556 215 3637 eit
244 3556 408 3621 ulterioris
439 3556 688 3637 divulgationis,
720 3577 795 3621 num
827 3555 912 3638 apud
943 3555 1113 3622 audientes
1141 3556 1356 3622 communitas

32 3646 177 3712 notabile
200 3644 308 3711 famae
332 3645 561 3711 detrimentum
578 3645 622 3710 sit
638 3666 746 3728 passa.
787 3644 870 3709 Hinc
886 3665 984 3728 saepe
1001 3644 1158 3711 eiusmodi
1173 3646 1356 3728 loquacitas

32 3736 160 3801 veniale
185 3740 354 3817 peccatum
377 3756 443 3799 non
467 3733 613 3800 excedet.

298 3943 552 4010 ANGUSTIAE
578 3943 778 4008 PROPTER
802 3943 1008 4010 SIGILLUM
1032 3942 1084 4026 (Ι).

591 4107 701 4173 Casus.
721 4115 797 4184 (161)

121 4248 302 4318 Maxentius,
325 4268 389 4306 cum
411 4248 497 4307 simul
519 4269 583 4307 cum
599 4268 692 4306 uxore
707 4250 745 4307 ad
764 4249 979 4307 confessionem
995 4248 1159 4317 accederet,
1181 4268 1251 4307 casu
1273 4248 1355 4308 audit

32 4351 67 4390 ex
97 4350 171 4391 suae
199 4329 300 4388 uxoris
330 4329 516 4387 confessione
544 4328 678 4387 illicitum
709 4329 913 4388 commercium
943 4349 1008 4387 cum
1036 4328 1129 4404 ipsius
1157 4335 1264 4404 nepote
1292 4334 1353 4386 tum

31 4418 100 4471 ante
121 4409 340 4470 matrimonium
362 4409 494 4467 habiturn
522 4414 581 4467 tum
604 4415 709 4484 postea
737 4410 910 4484 productum
939 4415 1027 4484 atque
1048 4409 1294 4468 machinationem
1317 4409 1353 4466 ad

31 4494 85 4552 eibi
108 4491 266 4551 struendas
282 4489 405 4547 insidias
421 4509 487 4547 esse
503 4491 540 4547 ab
555 4489 698 4547 adulteris
714 4496 893 4565 conceptam.
923 4489 995 4547 Post
1016 4489 1117 4547 uxoris
1138 4490 1352 4548 confessionem

30 4574 121 4649 igitur
143 4569 360 4630 confessionale
382 4569 533 4643 ingressus
562 4569 592 4626 in
620 4570 755 4643 querelas
784 4571 961 4645 prorumpit:
991 4570 1039 4627 Me
1067 4569 1230 4639 infelicem,
1259 4571 1354 4627 liabeo

30 4673 153 4713 uxorem
177 4652 357 4719 adulteram,
378 4650 481 4719 immo,
504 4656 537 4707 ut
557 4649 674 4724 percepi
697 4669 765 4707 mox
787 4668 824 4707 ex
846 4649 910 4709 eius
932 4648 1130 4721 accusatione,
1153 4669 1210 4708 non
1233 4669 1353 4709 uxorem
