3044 5174
139 255 205 319 200
593 248 798 303 Sacramentum
816 248 1008 318 paenitentiae.

133 426 383 514 comprehendit
414 446 587 510 personam
620 446 757 508 quacum
788 427 842 492 vel
873 425 960 492 circa
990 447 1087 508 quarn
1115 426 1344 510 peccaminosa
1377 427 1466 494 actio

137 522 319 583 exercetur.
365 515 487 598 Igitur:

75 637 125 692 341
227 624 265 690 R.
291 626 335 689 3.·
353 621 626 689 Circumstantiae
646 644 802 708 personae
825 625 947 707 operas
970 622 1144 704 specialem
1168 627 1203 688 et
1226 644 1346 688 novam
1369 623 1465 689 mali·

138 713 218 780 tiam
249 712 395 778 inferunt
417 711 471 776 vel
496 711 595 778 etiam
626 710 730 795 ipsam
761 711 920 778 malitiam
951 711 1154 778 constituunt
1184 712 1254 778 eius
1284 717 1379 778 actus
1409 712 1463 794 qui

138 803 222 868 alias
244 800 414 866 moraliter
442 800 548 865 malus
579 821 643 866 nen
666 805 734 867 est:
769 799 800 877 1)
824 800 851 865 si
882 799 1015 883 speciali
1044 800 1141 866 titulo
1171 801 1337 884 personali
1367 802 1464 866 alicui

140 891 305 976 prohibita
322 895 373 956 est
389 892 480 955 certa
496 888 592 967 actio,
610 911 640 956 v.
658 911 691 972 g.
707 888 836 954 ratione
851 889 931 967 voti,
956 888 1222 968 consecrationis,
1246 889 1465 966 matrimonia

141 980 175 1062 2)
199 979 228 1044 si
250 978 385 1063 speciali
408 978 522 1055 titulo,
553 999 618 1043 non
641 978 804 1043 communi
827 999 884 1043 seu
908 978 1069 1061 generali,
1101 979 1188 1044 actio
1212 979 1340 1061 aliqua,
1365 1001 1464 1062 quam

138 1068 211 1151 quis
235 1068 368 1147 omittit,
394 1067 424 1133 ei
447 1070 520 1132 erat
542 1071 730 1151 praecepta,
753 1088 785 1131 u.
803 1088 835 1151 g.
852 1067 880 1132 si
896 1068 1024 1133 ratione
1047 1067 1288 1151 superioritatis
1312 1068 1466 1154 specialis

138 1157 275 1225 alicuius
299 1177 378 1223 cura
400 1155 608 1241 praecipitur.

227 1264 266 1329 R.
292 1266 322 1330 4.
362 1262 617 1329 Circumstantia
639 1283 799 1346 personae
822 1265 908 1328 circe
931 1285 1028 1348 queem
1043 1264 1097 1328 vel
1120 1286 1190 1328 conr
1214 1285 1278 1350 quo
1301 1265 1465 1348 peccami-

139 1375 221 1420 nosa
244 1352 330 1418 actio
355 1357 528 1418 exercetur
550 1350 726 1436 specialem
751 1355 784 1417 et
800 1372 919 1416 novam
935 1351 1059 1417 inducit
1083 1352 1253 1431 malitiam,
1278 1352 1306 1417 si
1330 1353 1467 1437 speciali

139 1442 237 1509 titulo
261 1441 291 1506 ei
322 1442 460 1507 debetur
489 1440 574 1506 actio
606 1461 689 1523 quae
718 1441 944 1524 peccaminoso
975 1440 1156 1517 omittitur,
1187 1442 1241 1508 vel
1270 1442 1298 1507 ei
1329 1442 1464 1526 speciali

139 1532 236 1599 titulo
260 1529 305 1611 (v,
330 1552 361 1613 g.
385 1529 514 1596 ratione
538 1529 806 1611 consecrationis)
837 1535 929 1595 certa
959 1529 1119 1612 quaedam
1149 1530 1236 1596 actio
1269 1551 1354 1612 quae
1377 1533 1465 1597 circa

140 1643 212 1687 eam
235 1620 290 1684 vel
313 1639 385 1684 cum
410 1639 450 1685 ea
473 1625 647 1685 exercetur
670 1618 699 1684 ei
722 1623 895 1703 repugnat.

78 1756 131 1811 342
229 1743 282 1808 An
306 1764 497 1819 enarsrrurr
521 1745 560 1807 2¹²
582 1743 621 1811 R.
649 1744 676 1808 1.
719 1742 923 1809 Xenocrates
946 1741 978 1807 in
1003 1741 1115 1808 multia
1138 1742 1259 1810 defecit
1283 1744 1392 1825 quoad
1415 1743 1464 1808 in·

140 1832 332 1916 tegritatem
363 1831 586 1898 confessionis.
639 1832 684 1898 Et
714 1832 818 1915 primo
850 1832 978 1913 quidem
1008 1831 1042 1896 in
1071 1836 1208 1916 peccato
1237 1832 1406 1910 luxuriae,
1438 1832 1464 1896 si

140 1922 227 1988 forte
250 1923 320 2006 ipse
343 1921 551 1988 matrimonio
574 1922 705 1987 iunctus
721 1925 782 1999 est,
806 1920 891 1986 hanc
908 1921 1187 1987 circumstantiam
1204 1940 1365 2005 personae
1388 1942 1465 2005 pec·

141 2011 247 2079 cantis
270 2011 382 2077 debuit
404 2010 565 2088 indicare,
597 2010 673 2092 quia
694 2010 784 2075 -haec
811 2011 844 2073 in
875 2009 1019 2093 peccatis
1042 2010 1192 2075 luxuriae
1221 2009 1347 2076 inducit
1370 2011 1465 2076 rueli-

140 2102 226 2186 tiam
245 2099 407 2166 adulterii.
442 2100 525 2164 Dein
549 2100 677 2166 ratione
699 2119 859 2183 personae
883 2120 1020 2181 quacum
1044 2099 1194 2182 peccavit
1217 2099 1466 2166 circumstantia

140 2193 202 2256 cett
225 2188 390 2256 castitatis
413 2188 539 2254 inducit
560 2188 593 2252 in
617 2191 787 2272 peccatum
803 2187 953 2253 luxuriae
969 2187 1128 2254 malitiam
1146 2196 1255 2253 contra
1271 2190 1466 2273 relipionem,

140 2279 293 2344 nimirum
315 2277 480 2359 sacrilegii
504 2276 531 2340 si
555 2276 661 2342 minus
684 2277 800 2342 stricte
824 2281 858 2343 et
880 2276 1011 2361 proprie
1035 2277 1132 2356 dicti,
1156 2277 1324 2343 tamenin
1348 2277 1468 2345 latiore

141 2369 194 2434 vel
218 2367 358 2450 analoga
382 2387 490 2431 sensu.

231 2457 313 2523 Item
338 2455 585 2521 circumstantia
615 2453 818 2535 cognationis
847 2454 972 2520 inducit
995 2454 1154 2520 malitiam
1184 2453 1328 2519 incestus
1351 2454 1386 2520 in
1410 2477 1468 2537 ge-

140 2567 203 2610 nus
226 2543 384 2611 luxuriae.
431 2544 570 2609 Demum
599 2543 684 2609 ratio
715 2543 800 2625 qnod
830 2549 1001 2625 peccatum
1033 2544 1086 2627 eit,
1101 2564 1174 2609 cum
1203 2544 1324 2610 ancilla
1347 2544 1468 2626 (neque

141 2634 203 2699 hoc
227 2634 376 2699 luxuriae
399 2633 565 2717 proprium
596 2636 647 2698 est
671 2633 728 2697 sed
752 2632 920 2714 quibusvis
950 2632 1099 2697 inhaeret
1123 2633 1284 2716 peccatis,
1315 2633 1357 2698 ad
1384 2655 1469 2717 quae

143 2722 262 2789 ancilla
293 2723 469 2788 seducatur
498 2721 551 2787 vel
582 2721 692 2786 seduci
716 2720 941 2804 permittatur)
972 2722 1139 2786 continere
1160 2729 1259 2807 petest
1288 2722 1469 2805 specialem

143 2811 304 2878 malitiam
327 2811 472 2878 violatae
495 2809 750 2894 quasi-pietatis.
783 2810 903 2876 Utrum
925 2810 1049 2875 scilicet
1065 2811 1146 2876 haec
1163 2810 1314 2894 specialis
1331 2815 1366 2877 et
1381 2833 1472 2877 nera

144 2901 271 2968 malitia
293 2901 326 2966 in
350 2898 545 2966 Xenocratis
567 2904 702 2983 peccato
732 2899 811 2964 insit
835 2920 953 2974 necne,
986 2901 1105 2983 pendet
1136 2921 1156 2965 a
1186 2920 1265 2965 cura
1288 2901 1469 2966 Xenocrati

142 3012 224 3074 erga
247 2990 400 3056 ancillam
425 2989 630 3055 demandata.
671 2988 704 3053 Si
729 3009 800 3054 eam
824 2989 968 3071 suscepit
992 3010 1012 3053 a
1035 2989 1226 3072 parentibus
1249 2991 1468 3056 commissam.

143 3084 179 3148 ut
202 3079 347 3164 ipserum
370 3079 476 3144 locum
500 3082 615 3143 teneat
637 3078 839 3160 ancillaeque
863 3077 1088 3144 educationem
1117 3078 1355 3159 quodammode
1380 3101 1471 3144 com·

143 3170 233 3253 pleat
256 3174 371 3253 utpote
394 3167 523 3252 puellae
539 3167 747 3245 minorennis‚
772 3167 961 3233 seductione
976 3189 1040 3231 nen
1058 3167 1160 3232 solum
1178 3188 1349 3233 commune
1372 3189 1469 3233 scan-

143 3259 251 3323 dalum
276 3257 454 3336 commisit,
485 3257 543 3322 sed
567 3255 741 3340 specialem
772 3257 1003 3338 obligationem
1035 3256 1127 3338 quasi
1150 3261 1309 3339 paternae
1333 3256 1472 3341 pietatis

142 3347 291 3428 graviter
312 3346 418 3413 laesit.

234 3452 271 3519 R.
297 3455 327 3518 2.
374 3451 465 3529 Quod
488 3453 692 3516 Xenocrates
721 3443 821 3516 filiam
854 3472 927 3515 cum
959 3450 1082 3516 famulo
1104 3471 1243 3535 peccare
1272 3472 1392 3535 passus
1416 3453 1471 3530 sit,

146 3547 236 3609 certo
259 3563 324 3606 non
348 3545 400 3606 est
422 3541 527 3606 solum
558 3544 672 3606 contra
696 3561 899 3605 communem
928 3540 1078 3606 caritatis
1102 3540 1353 3623 obligationem,
1384 3562 1471 3624 quae

144 3631 256 3697 iubeat
279 3630 420 3696 alienum
443 3633 624 3714 peccatum,
648 3628 676 3694 si
700 3629 770 3694 sine
794 3630 946 3711 graviore
961 3630 1164 3695 incommodo
1181 3629 1251 3694 fieri
1269 3629 1384 3713 possit,
1409 3631 1470 3695 im-

144 3720 256 3805 pedire
272 3718 371 3802 (quae
387 3719 565 3784 communis
582 3718 739 3800 obligatio
755 3722 890 3802 prepter
902 3718 1051 3785 diversas
1065 3717 1314 3786 incertitudines
1331 3723 1473 3786 eventus

144 3832 244 3894 saepe
267 3811 321 3876 vel
351 3829 415 3874 nen
439 3808 565 3890 obligat
595 3808 647 3873 vel
672 3829 736 3872 uon
761 3808 886 3890 obligat
909 3809 969 3873 sub
992 3808 1117 3892 gravi);
1149 3808 1206 3872 sed
1230 3807 1369 3874 violavit
1392 3830 1471 3891 gra·

145 3900 232 3965 viter
263 3900 421 3982 pietatem
451 3919 508 3962 seu
539 3919 649 3963 curam
681 3898 884 3981 spiritualem
913 3896 988 3962 filiis
1018 3897 1170 3963 debitam.
1218 3897 1340 3963 Debuit
1368 3897 1474 3980 igitur

145 3987 230 4052 hauc
254 3987 532 4053 circumstantiam
557 3987 714 4053 confiteri.

234 4075 321 4139 Num
353 4075 487 4157 iusuper
517 4075 735 4160 quasi-pietas
765 4074 856 4139 laesa
890 4075 933 4139 sit
965 4075 1070 4139 relate
1103 4075 1144 4140 ad
1177 4075 1337 4139 famulum
1370 4080 1473 4158 atque

145 4164 227 4230 haec
250 4163 429 4231 famulatus
452 4163 698 4231 circumstantia
721 4163 765 4229 sit
789 4163 988 4240 confitenda,
1022 4165 1150 4229 resolve
1174 4184 1216 4228 ex
1239 4164 1370 4231 ratione
1393 4186 1472 4230 mox

146 4253 180 4319 iu
204 4254 243 4321 R.
271 4257 298 4320 l.
323 4253 411 4319 circa
434 4252 587 4318 ancillam
610 4254 749 4335 prolata.
797 4253 919 4318 Verum
943 4253 1073 4318 etiamsi
1096 4252 1177 4317 haec
1199 4252 1353 4336 specialis
1376 4253 1472 4336 qnasi

146 4349 305 4428 paternae
336 4364 432 4408 curae
463 4343 634 4424 neglectae
666 4341 790 4406 malitia
821 4346 993 4408 contracta
1021 4342 1168 4418 nonsit,
1199 4346 1311 4408 tamen
1335 4364 1375 4408 ee
1399 4344 1472 4427 ipso

147 4435 233 4516 quod
257 4433 368 4514 agitur
391 4432 430 4496 de
454 4432 587 4508 famulo,
613 4431 666 4514 qni
692 4431 815 4495 moneri
839 4437 871 4497 et
896 4431 1014 4514 corripi
1037 4432 1079 4495 ab
1103 4432 1182 4496 hero
1206 4436 1336 4514 potest,
1361 4432 1471 4498 Xeno·

148 4528 257 4588 crates
279 4522 337 4585 vix
362 4521 513 4585 immunis
536 4525 587 4585 est
611 4542 631 4585 a
655 4524 791 4603 peccate
816 4524 930 4584 centra
954 4541 1124 4584 commune
1141 4519 1291 4586 caritatis
1315 4522 1471 4599 efficium,

147 4611 272 4676 scilicet
293 4612 460 4692 fraternae
484 4613 694 4674 correctionis.
733 4608 819 4673 Nam
844 4608 905 4674 etsi
930 4608 1010 4673 haec
1035 4630 1116 4691 erga
1139 4612 1317 4676 extraneos
1340 4611 1472 4694 quidem
