3044 5174
389 297 480 352 Onera
498 316 620 353 annexa:
640 328 673 336 -
692 298 776 352 officii
795 298 880 353 divini
899 299 1033 354 recitatio.
1313 305 1379 368 453

137 477 193 541 An
217 481 471 553 ouans1nun2¹⁰
499 478 539 543 R.
567 480 594 542 1.
634 478 686 543 Ad
710 499 849 562 poenam
872 479 963 543 illam
986 478 1216 543 incurrendam
1240 478 1411 560 requiri-71

58 588 103 632 ur
127 566 262 631 omissio
285 566 433 648 graviter
457 566 644 650 culpabilis3
669 588 746 632 nam
762 568 843 632 haec
859 568 1025 633 fructuum
1041 567 1173 632 amissio
1190 589 1249 650 pro
1273 589 1379 650 poena

58 656 211 722 annuitur
234 676 273 721 ac
296 660 471 738 propterea
495 655 632 737 requirit
655 658 795 740 culpam,
820 657 916 740 culpa
940 661 1050 724 autem
1074 656 1268 740 simpliciter
1291 656 1379 722 dicta

58 766 112 810 ron
145 748 198 810 est
229 744 292 809 nisi
322 745 434 827 gravis
464 750 498 810 et
532 745 627 829 plene
658 746 854 812 voluntaria.
909 746 993 812 Hinc
1023 749 1074 812 est
1104 747 1204 813 etiarn
1234 752 1287 823 ut,
1323 746 1379 828 qui

58 837 197 912 nartem,
228 853 312 915 quae
335 832 475 900 materia
497 854 603 918 parva
626 838 751 912 manet,
777 834 940 911 omiserit,
971 835 1033 901 etsi
1057 836 1119 900 hoc
1143 834 1256 900 diebus
1280 855 1378 916 quam

58 922 200 1004 alurimis
215 921 395 1006 repetierit,
421 922 463 989 ad
479 922 720 989 restitutionem
738 945 802 989 non
819 928 987 991 teneatur:
1012 922 1105 1002 alias,
1122 923 1150 989 si
1168 945 1230 989 uno
1248 924 1379 989 eodem·

58 1034 112 1094 rue
128 1011 183 1077 die
199 1011 231 1076 id
248 1011 364 1089 egerit,
388 1012 437 1077 ita
452 1015 490 1077 ut
506 1016 618 1094 partes
635 1012 776 1078 omissae
792 1013 976 1080 coaluerint
991 1013 1024 1079 in
1040 1013 1215 1080 materiam
1232 1034 1379 1096 gravem.

58 1101 81 1168 3.
104 1100 226 1184 Alph.
250 1099 309 1178 111,
334 1102 398 1166 665
423 1104 457 1167 et
481 1103 545 1166 668
570 1123 643 1166 cum
667 1102 742 1168 aliis
765 1103 887 1169 multia.

139 1206 178 1272 R.
205 1209 235 1273 2.
268 1206 386 1271 Primis
408 1227 469 1271 sex
491 1207 657 1272 mensibus
680 1211 756 1291 post
771 1207 918 1273 beneficii
935 1208 1147 1275 ecclesiastici
1172 1208 1380 1292 adeptionem

58 1296 76 1360 ri
99 1295 329 1361 recitationem
353 1295 451 1361 officii
475 1296 574 1360 divini
598 1296 738 1375 omittit,
764 1301 878 1380 peccat
903 1297 1042 1379 quidem,
1067 1299 1124 1363 sed
1148 1298 1190 1363 ad
1213 1299 1379 1364 fructuum

58 1385 292 1452 restitutionem
323 1406 388 1451 non
417 1389 559 1452 tenetur.
613 1386 666 1451 lta
696 1407 739 1451 ex
769 1385 973 1469 benignitate
1003 1387 1171 1452 Ecclesiae
1201 1387 1380 1452 secundum

58 1474 304 1541 constitutiones
328 1474 369 1540 ad
393 1474 408 1538 Ι
431 1475 593 1540 laudatas.

138 1590 179 1657 R.
205 1594 236 1658 3.
277 1589 337 1667 oui
361 1589 460 1655 habet
483 1589 675 1654 beneficium
699 1593 847 1656 curatum
879 1611 937 1654 seu
960 1594 1093 1672 praeter
1117 1590 1271 1655 breviarii
1295 1591 1379 1656 reci-

58 1679 211 1746 ationem
244 1679 310 1745 alia
341 1700 441 1744 onera
472 1678 579 1743 officio
610 1699 669 1743 suo
700 1700 847 1757 annexa,
877 1699 942 1743 non
973 1683 1105 1744 tenetur
1134 1679 1378 1746 rest'tutionem

58 1768 161 1833 iacere
185 1768 363 1833 secundum
393 1767 596 1834 totalitatem
627 1768 808 1846 ductuum,
839 1769 897 1833 sed
927 1768 1105 1834 secundum
1134 1773 1263 1853 partem
1288 1770 1379 1834 oneri

58 1857 256 1923 recitationis
285 1857 549 1942 respondentem.
602 1857 711 1934 Quare
739 1857 795 1939 qui
825 1857 860 1922 in
892 1878 1027 1922 munere
1060 1858 1241 1942 parochiali
1274 1859 1379 1923 multa

58 1947 116 2013 rlia
132 1968 235 2014 onera
249 1946 359 2024 habet,
375 1968 435 2030 pro
452 1945 621 2011 recitando
637 1946 800 2012 breviario
816 1967 880 2012 non
896 1950 1029 2015 tenetur
1043 1947 1117 2030 plus
1132 1968 1230 2029 quam
1247 1945 1379 2029 lla—m

58 2036 194 2102 ›mnium
218 2035 384 2101 fructuum
408 2039 608 2118 computare,
633 2041 733 2118 atque
756 2056 795 2100 eo
820 2035 978 2100 minorem
992 2040 1120 2119 partem
1146 2041 1289 2118 quotam,
1315 2057 1378 2118 quo

59 2125 157 2208 nagia
180 2130 278 2191 tenue
302 2130 353 2191 est
376 2124 577 2193 beneficium.

139 2240 180 2307 n.
204 2244 235 2306 4.
266 2239 468 2321 Quamquam
485 2260 592 2304 sermo
616 2243 747 2306 tantum
770 2242 822 2305 est
838 2239 878 2305 de
894 2238 1056 2307 fructibus
1079 2240 1236 2317 beneficii,
1261 2239 1379 2304 nihilo-

58 2329 159 2397 ninus
190 2329 304 2394 eodem
334 2327 429 2394 modo
462 2328 704 2394 restitutionem
736 2329 834 2396 debet
864 2329 974 2395 facere
998 2330 1097 2395 etiam
1121 2329 1193 2408 ille,
1228 2329 1281 2412 qui
1307 2330 1377 2395 loco

58 2417 199 2486 ›eneficii
222 2416 436 2484 ecclesiastici
455 2417 573 2502 recipit
595 2417 751 2483 salarium
775 2439 918 2484 annuum
942 2440 962 2484 a
985 2418 1143 2501 gubernio
1167 2418 1378 2484 solvendum:

58 2530 124 2575 zum
148 2508 230 2573 haec
253 2507 375 2572 salaria
397 2507 504 2572 locum
527 2511 642 2574 tenent
665 2507 821 2572 bonorum
847 2508 1143 2573 ecclesiasticorum
1167 2529 1251 2590 quae
1275 2530 1295 2573 a
1317 2529 1379 2590 gu-

58 2596 172 2665 >erniis
195 2596 298 2662 variis
322 2601 483 2679 occupata
505 2601 601 2661 sunt:
627 2595 666 2661 de
690 2616 754 2678 quo
779 2596 820 2662 cf.
844 2617 1003 2680 responsa
1027 2597 1058 2664 S.
1076 2597 1237 2665 Paenit.
1260 2599 1316 2664 Tb.
1336 2620 1377 2664 m.

58 2687 74 2767 ἶ,
99 2690 176 2754 903.
222 2685 343 2760 Aliter,
367 2685 395 2750 si
418 2684 540 2750 salaria
564 2685 649 2749 hunc
672 2685 779 2750 locum
803 2707 868 2751 non
890 2690 1015 2752 tenent.

140 2802 180 2870 R.
209 2804 239 2868 5.
286 2800 464 2866 Restitutio
494 2799 575 2865 baec
606 2799 677 2866 fieri
707 2801 805 2867 debet
835 2805 913 2867 ante
942 2822 1071 2867 omnem
1100 2800 1215 2866 iudicis
1245 2805 1411 2867 senten-72

58 2891 149 2969 iam,
180 2895 218 2956 ut
247 2910 404 2973 expresse
434 2893 596 2955 statutum
627 2893 680 2955 est
708 2911 768 2974 per
790 2890 910 2956 thesim
936 2893 978 2955 20
1008 2891 1050 2955 ab
1074 2890 1190 2955 Alex.
1216 2890 1278 2953 Vll
1302 2911 1378 2973 pro-

58 2980 218 3064 scriptam.
266 2979 311 3044 Et
341 2998 536 3060 quamquam
567 2979 600 3044 id
631 2979 831 3044 contrarium
857 2979 961 3045 videri
991 2984 1102 3062 potest
1132 2979 1294 3044 communi
1325 2999 1377 3042 re·

58 3070 149 3153 gulae
163 3069 254 3146 iuris,
278 3067 455 3133 secundum
480 3088 578 3149 quam
601 3068 642 3133 ad
658 3068 887 3134 incurrendam
912 3088 1050 3152 poenam
1075 3067 1273 3151 privativam
1296 3067 1378 3133 iuris

58 3157 204 3242 acquisiti
227 3156 413 3222 necessaria
436 3155 480 3221 sit
503 3158 668 3223 sententia
692 3157 805 3222 iudicis
829 3158 946 3224 saltem
972 3157 1117 3222 criminis
1141 3156 1376 3222 declaratoria:

58 3270 163 3315 amen
187 3268 252 3312 non
275 3246 322 3312 ita
345 3266 518 3330 possumus
541 3267 610 3311 reru
625 3246 851 3312 considerare.
899 3247 986 3312 Nam
1016 3246 1066 3311 ius
1097 3246 1295 3329 percipiendi
1319 3267 1378 3311 seu

58 3335 226 3420 alligandi
249 3334 375 3401 fructus
398 3333 543 3401 beneficii
568 3340 618 3401 est
635 3338 909 3418 condicionoturn;
932 3336 1039 3419 quoad
1055 3336 1144 3418 ipsos
1160 3334 1287 3401 fructus
1303 3357 1378 3419 per·

58 3432 165 3513 ‘aptos
189 3426 239 3491 ius
263 3445 438 3506 numquam
461 3423 577 3501 adluit,
601 3425 658 3488 sed
682 3425 829 3502 clericus,
854 3425 1068 3507 inquantum
1093 3425 1220 3490 fructus
1243 3445 1379 3509 respon-

58 3518 131 3584 dent
160 3514 248 3599 parti
277 3513 376 3579 officii
407 3512 508 3578 divini
539 3513 669 3591 omissi,
701 3515 848 3597 percepit
878 3535 930 3579 rea
961 3517 1101 3598 alienos,
1133 3535 1171 3580 eo
1203 3515 1289 3596 quod
1318 3515 1378 3580 hos

58 3607 180 3672 t'ructus
208 3623 401 3685 „numquam
425 3602 551 3668 fecorat
574 3602 680 3685 scos“,
710 3625 764 3668 res
787 3623 866 3668 vero
890 3603 1018 3669 alienae
1048 3607 1225 3689 perceptae
1248 3604 1302 3668 vel
1325 3624 1379 3669 re·

58 3701 166 3763 antae
189 3693 318 3759 restitui
344 3692 464 3757 debent
488 3697 565 3757 ante
589 3713 716 3757 omnem
740 3692 856 3758 iudicis
879 3693 1087 3760 sententiam.

139 3799 331 3884 Computari
353 3802 464 3864 autem
488 3803 626 3881 possunt
649 3820 708 3882 pro
732 3798 942 3865 restitutione
959 3801 1188 3884 eleemosynae
1211 3805 1287 3883 post
1310 3800 1379 3865 cul-

58 3890 194 3976 pabilem
218 3887 424 3954 omissionem
450 3887 569 3966 factae,
595 3909 668 3952 cum
691 3889 889 3972 pauperibus
906 3889 960 3954 vel
978 3888 1123 3955 fabricae
1138 3889 1286 3954 beneficii
1303 3910 1379 3972 pro·

58 3981 187 4065 ¹oriaeue
210 3976 368 4044 eeclesiae
392 3976 510 4042 debeat
533 3977 613 4041 fieri.
645 4016 688 4025 —
719 3977 820 4043 Posse
844 3980 944 4045 etiarn
968 3978 1111 4062 impendi
1141 3999 1302 4043 summam
1324 3998 1378 4041 re·

58 4067 237 4137 stitutionis
267 4067 299 4132 in
330 4069 487 4132 consueta
517 4066 680 4148 stipendia
710 4066 883 4132 missarum
913 4067 1116 4150 aliorumque
1147 4067 1378 4148 suffragiorum

58 4181 110 4242 aro
136 4156 300 4223 defunctis
323 4155 487 4221 consentit
511 4155 543 4219 S.
568 4155 684 4238 Alph.
708 4155 766 4234 ΙΙΙ,
793 4159 867 4222 672.
915 4157 962 4222 of.
993 4158 1048 4223 ln.
1075 4181 1113 4222 m.
1139 4158 1179 4235 ll,
1206 4159 1279 4220 oli.

141 4281 195 4347 An
219 4299 410 4357 ouaasmun
434 4282 482 4345 3¹².
530 4278 734 4361 Responsum
758 4284 852 4363 patet
875 4301 916 4344 ex
940 4279 1046 4346 dictis,
1093 4280 1255 4346 Videlicet
1386 4302 1411 4357 ‘lt

141 4389 179 4455 R.
209 4392 236 4454 l.
283 4388 462 4469 Postquam
486 4384 625 4467 primum
650 4386 788 4469 adeptus
819 4390 870 4452 est
893 4384 1083 4462 beneficium
1109 4385 1376 4463 ecclesiasticum,

58 4479 285 4545 Willibrordus
308 4475 460 4560 peccavit
484 4474 612 4555 quidem
643 4475 793 4556 graviter
823 4475 934 4557 (immo
958 4474 1107 4557 graviter
1130 4476 1279 4558 peccavit
1303 4478 1377 4556 post

58 4571 241 4652 susceptum
274 4564 544 4631 subdiaconatum
576 4563 664 4627 nullo
701 4563 800 4629 etiam
836 4585 987 4648 possesso
1022 4563 1212 4641 beneficio),
1249 4562 1377 4646 quotics

58 4665 180 4744 partem
211 4656 390 4722 notabilem
421 4651 519 4717 officii
550 4651 650 4717 divini
674 4652 837 4731 omiserit3
868 4654 896 4717 si
927 4657 1037 4719 autem
1067 4653 1249 4737 complures
1279 4652 1378 4718 horae
