3044 5174
337 266 534 338 Inpedimenta
552 265 718 320 matrimonii
736 265 904 319 dirimentis:
924 294 958 303 -
978 265 1067 330 Error,
1087 271 1184 321 metus.
1358 272 1420 336 537

92 442 226 520 denegat
248 442 387 514 debitum,
409 443 525 502 demum
548 442 774 503 oomminatione
798 441 902 502 mortis
925 442 963 501 ad
987 443 1121 520 copulam
1145 444 1262 519 cogitur
1285 451 1333 514 et,
1357 464 1421 504 oum

93 523 312 601 oppositionem
331 522 466 583 inutilem
484 541 551 582 esse
570 522 680 593 videat,
702 522 810 583 abhino
829 522 894 582 riro
916 523 1113 582 obsecundat:
1135 531 1204 601 post
1224 543 1334 595 annos,
1356 543 1421 584 eum

92 604 154 664 iam
168 608 234 664 tres
247 604 324 663 filios
339 602 432 664 Paulo
445 603 624 681 peperisset,
645 603 765 678 cognito
779 602 988 679 impedimento
1002 608 1107 676 metus,
1129 604 1260 664 instituit
1275 605 1423 665 actionem

93 684 131 743 de
151 683 334 745 matrimonii
353 683 500 745 nullitate.

187 781 288 843 Odilia
307 781 421 859 pariter
440 781 480 841 ad
499 779 719 841 matrimonium
741 786 855 849 coacta,
879 799 945 840 oum
966 780 1044 840 sciat
1056 787 1154 841 metue
1171 781 1421 860 impedimentum,

94 862 161 927 sine
182 861 284 923 multis
304 861 479 938 ambagibus
501 880 679 922 eonsensum
700 860 835 934 simulat3
857 866 965 938 postea
977 880 1049 921 raro
1070 860 1126 932 vir,
1148 881 1213 922 oum
1228 862 1422 923 reluctantem

93 942 184 1002 aliter
205 962 264 1002 non
285 942 380 1020 poenit
408 941 445 1002 ad
473 941 658 1016 coniugalem
679 941 771 1000 vitam
792 941 948 1009 inducere,
976 943 1078 1001 ne'oem
1104 942 1250 1002 minatur:
1281 963 1338 1020 quo
1359 962 1422 1020 per·

94 1023 180 1082 onlsa
203 1021 302 1083 Odilia
321 1021 470 1081 intemnm
492 1021 544 1081 dat
565 1040 742 1081 consensum
764 1026 853 1098 atqua
872 1020 938 1081 viro
960 1022 1152 1099 obtemperat.
1187 1022 1297 1083 Postea
1318 1022 1422 1082 nihilo·

93 1103 195 1162 minus
217 1103 253 1162 de
274 1103 413 1162 nullitate
433 1101 613 1161 matrimonii
633 1101 704 1177 agit.

93 1228 276 1303 Qnssarrnn
297 1229 327 1285 1ο
348 1224 397 1303 qui
418 1224 458 1285 sit
479 1230 576 1285 metus
596 1224 720 1284 irritans
741 1222 967 1285 matrimonium.

299 1324 329 1382 2⁰
350 1322 485 1417 possitne
506 1328 537 1382 et
558 1322 702 1399 quomodo
728 1322 790 1383 tale
812 1321 1028 1384 matrimonium
1055 1329 1162 1401 postea
1183 1325 1351 1385 confirmari
1371 1344 1424 1385 seu

352 1423 460 1464 sanari.

299 1503 329 1561 3⁰
350 1501 419 1579 quid
441 1500 478 1563 ad
499 1521 587 1562 casus
609 1501 649 1560 sit
669 1500 832 1560 dicendum.

696 1702 831 1770 Salutio.

186 1857 239 1923 An
269 1876 461 1933 uusasrruu
494 1859 532 1921 1¹⁰
565 1854 604 1922 R.
643 1857 672 1922 1.
719 1854 864 1921 Iniustas
894 1861 1001 1923 metus
1032 1857 1145 1941 gravis
1176 1858 1218 1923 ad
1249 1857 1423 1924 ineundum
1434 1871 1465 1926 93

93 1942 338 2012 matrimonium
368 1944 518 2011 incussus
541 1945 594 2010 vel
624 1947 813 2029 protractus
836 1944 890 2011 vel
917 1967 1103 2028 quaerere
1133 1945 1197 2012 fuit
1225 1947 1424 2015 matrimonii

95 2055 218 2111 eausa,
256 2034 382 2100 nullum
420 2033 502 2100 iacit
539 2032 802 2110 matrimonium,
842 2034 960 2100 saltem
1000 2056 1042 2100 ex
1080 2035 1150 2102 iure
1189 2036 1423 2114 eeclesiastico,

92 2122 312 2209 probabiliter
335 2144 377 2189 ex
401 2122 471 2207 ipso
494 2122 565 2189 iure
588 2126 737 2190 naturae.
785 2122 840 2187 Ius
863 2128 1002 2189 naturae
1025 2123 1110 2191 enim
1136 2123 1256 2209 exigit,
1288 2131 1325 2193 ut
1347 2148 1423 2192 oon·

94 2234 214 2280 sensus
253 2233 296 2278 ex
332 2211 395 2279 tali
428 2211 550 2278 iniusto
584 2216 675 2280 metu
713 2212 810 2278 datus
848 2211 899 2277 ius
933 2213 1061 2279 firmum
1100 2234 1167 2279 non
1199 2213 1328 2299 pariat,
1367 2217 1423 2281 sed

95 2301 256 2384 obligatio
287 2301 363 2367 inde
393 2305 511 2368 exorta
541 2299 582 2368 ad
613 2300 740 2369 libitum
771 2300 840 2366 eius
870 2301 925 2383 qui
955 2307 1079 2369 metum
1108 2324 1225 2387 passus
1255 2304 1299 2370 sit
1321 2304 1425 2389 possit

96 2390 219 2458 excuti.
266 2389 359 2468 Quod
388 2389 417 2454 si
445 2389 494 2458 ita
517 2394 586 2469 est,
617 2389 816 2456 matrimonii
849 2390 1006 2474 obligatio
1036 2392 1077 2458 ab
1107 2393 1200 2459 initio
1225 2394 1323 2459 debet
1352 2414 1425 2459 esse

96 2483 208 2635 νᾶιᾶιίῑα,
243 2498 470 2634 pilimi35quam
505 2478 643 2562 primurn
679 2478 883 2557 constiterit,
919 2479 1002 2545 solvi
1037 2481 1177 2566 amplius
1211 2503 1276 2549 non
1310 2482 1424 2567 possit.

151 2591 223 2635 .m.
282 2619 289 2646 ‚
380 2616 391 2637 .

188 2675 227 2742 R.
260 2676 291 2743 2.
337 2675 447 2741 Metus
482 2674 579 2742 debet
611 2695 684 2740 esse
716 2679 843 2761 praeis,
878 2677 996 2743 saltam
1031 2677 1191 2744 relative:
1225 2700 1288 2761 quo
1320 2681 1358 2746 fit
1389 2683 1425 2745 ut

94 2769 272 2850 parentum
302 2784 418 2849 preces
448 2763 655 2849 importunae
686 2763 816 2830 facilius
846 2766 953 2847 quoad
977 2766 1119 2850 puellam
1142 2787 1280 2849 gravem
1302 2772 1426 2834 metum

93 2853 242 2920 indicent
265 2874 363 2936 quarn
387 2852 473 2938 apud
488 2852 605 2919 virum.
645 2852 796 2919 Ceterum
812 2854 867 2935 qui
891 2859 999 2923 metus
1014 2860 1189 2922 censeatur
1202 2856 1326 2939 gravia
1350 2857 1425 2922 vide

94 2942 410 3021 mstmLQ

188 3049 227 3116 R.
252 3052 283 3117 3.
322 3049 430 3115 Debet
452 3069 524 3115 esse
548 3052 655 3115 matus
678 3051 797 3115 iniuste
820 3053 977 3116 irzouseus.
1019 3049 1126 3126 Quare
1149 3049 1205 3131 qui
1228 3050 1358 3117 aliunde
1381 3053 1423 3117 ad

95 3145 225 3207 eertum
247 3137 490 3205 matrimonium
514 3141 661 3215 tenetur,
685 3137 759 3220 cogi
782 3159 862 3204 sane
884 3141 1005 3222 potest,
1029 3138 1057 3203 ei
1080 3138 1235 3204 recedere
1258 3139 1349 3218 velit,
1373 3139 1422 3204 in-

95 3226 237 3295 tentatis
269 3228 369 3295 etiam
401 3227 514 3311 poenis
545 3231 580 3293 et
609 3225 721 3305 malis,
752 3226 869 3309 quibus
900 3227 942 3293 ad
968 3227 1168 3312 implendam
1191 3227 1422 3311 obligationem

95 3317 281 3385 inducatur.
317 3316 433 3400 Neque
449 3322 560 3384 tamen
576 3315 641 3394 ille,
665 3317 717 3381 oui
740 3315 825 3382 iusta
848 3315 945 3382 detur
967 3315 1056 3402 optio
1080 3316 1166 3382 inter
1182 3318 1424 3384 matrimonium

96 3408 151 3473 vel
175 3405 276 3472 alium
298 3405 412 3472 illatae
435 3404 573 3470 iniuriae
596 3405 799 3489 reparandae
823 3405 964 3483 modum,
990 3406 1063 3488 cogi
1081 3410 1192 3490 potest
1208 3407 1424 3474 determinate

96 3496 140 3564 ad
170 3494 432 3563 matrimonium:
467 3492 552 3577 quod
582 3493 611 3560 si
640 3496 751 3570 fieret,
784 3498 891 3560 metus
921 3498 1010 3560 esset
1038 3495 1195 3574 iniustus,
1225 3497 1423 3564 matrimonii

93 3584 241 3653 irritans.

188 3709 241 3774 An
270 3729 463 3785 ounssrrnrr
494 3712 533 3772 2¹⁰
562 3708 601 3775 R.
629 3712 656 3774 1.
709 3708 913 3775 Perdurante
946 3714 1053 3787 metu,
1088 3710 1174 3778 siout
1207 3711 1282 3777 iniri
1317 3711 1424 3777 valide
1434 3723 1465 3778 et

97 3797 502 3953 lgilllrcllirlrimonium’
534 3796 582 3862 ita
611 3817 717 3878 neque
746 3798 858 3864 sanari
882 3801 994 3882 potest
1016 3800 1258 3866 matrimonium
1282 3799 1424 3866 invalide

189 3993 228 4061 a.
247 3996 276 4061 2.
316 3993 473 4059 Cessante
496 3996 596 4069 metu,
621 4012 781 4058 consensu
805 3994 907 4060 libere
929 3994 1007 4062 dato
1023 3995 1265 4062 matrimonium
1282 4016 1324 4061 ex
1340 4016 1425 4061 nune

99 4082 193 4148 reddi
222 4087 333 4167 potest
361 4081 515 4148 validum.
563 4082 601 4148 Id
625 4086 735 4149 autern
765 4082 813 4150 ita
835 4083 1092 4167 intellegendum
1116 4089 1167 4151 est
1197 4089 1235 4151 ut
1265 4086 1296 4167 1)
1320 4105 1425 4150 novus

99 4193 278 4239 consensus
301 4171 522 4255 independens
546 4191 566 4236 a
589 4170 698 4255 priore
720 4192 879 4238 consensu
902 4173 1039 4255 ideoque
1055 4196 1125 4239 eom
1141 4176 1314 4259 contritione
1331 4176 1425 4239 nulli·

99 4263 177 4327 lutis
200 4265 325 4347 prioris
354 4283 523 4326 consensus
554 4261 672 4327 saltem
696 4261 738 4325 ab
762 4282 801 4327 eo
823 4260 899 4344 poni
925 4262 1059 4339 debeat,
1084 4262 1139 4345 qui
1162 4266 1285 4328 metum
1309 4283 1425 4347 passus

99 4354 166 4428 est,
198 4351 303 4416 altero
333 4349 428 4415 huius
451 4349 498 4415 rei
523 4350 575 4414 vel
606 4348 767 4417 nullitatis
796 4349 994 4416 matrimonii
1023 4352 1155 4434 ignar03
1191 4352 1224 4432 2)
1256 4357 1292 4418 ut
1322 4372 1426 4417 novus

99 4459 279 4506 consensus
301 4439 371 4505 fieri
395 4439 514 4505 debeat
537 4439 578 4504 ab
603 4443 741 4521 utroque
764 4443 799 4505 et
821 4439 948 4523 publice
971 4461 1028 4505 seu
1051 4439 1084 4505 in
1100 4441 1208 4506 forma
1223 4441 1424 4518 Tridentino,

98 4528 129 4595 si
160 4529 200 4594 de
230 4533 319 4595 metu
350 4527 469 4595 iniuste
501 4528 631 4593 incusso
663 4528 793 4611 publice
824 4533 969 4608 constet,
1003 4529 1055 4593 vel
1088 4530 1136 4596 ita
1166 4534 1296 4597 constet
1325 4534 1363 4596 ut
1392 4529 1424 4595 in

98 4617 264 4703 publicam
288 4617 438 4685 notitiam
463 4617 576 4682 venire
598 4616 711 4700 possit.
763 4619 819 4685 Tb.
844 4639 884 4684 rra
910 4617 951 4695 ΙΙ,
976 4619 1051 4684 737.
