3044 5174
303 109 428 163 Minister
445 109 546 180 paenit.
567 138 600 146 —
619 108 739 178 sigillum
758 111 921 163 sacrament.
942 137 974 147 -
994 107 1139 162 obiectum.
1318 110 1385 174 303

48 287 205 354 ultimum
229 286 313 353 satis
336 291 434 362 essct,
460 286 553 353 utin
577 286 724 368 singulos
748 285 881 351 caderet
904 285 1045 370 suspicio
1068 285 1270 368 singulisque
1293 306 1385 351 crea-

49 382 147 444 retur
169 396 360 459 gravamen.

144 474 262 556 Neque
285 495 327 538 ex
343 494 382 538 eo
399 473 609 539 Constantius
633 477 821 549 excusatur,
847 473 930 554 quod
956 472 1126 537 audientes
1149 472 1207 536 vix
1230 493 1384 554 umquam

52 563 135 629 illud
159 563 312 647 oppidum
338 562 468 639 adituri,
493 562 598 626 minus
622 562 722 627 etiam
746 583 781 626 re
805 562 877 645 ipsa
900 562 1006 626 virum
1030 562 1120 626 illum
1145 560 1288 642 agnituri
1307 561 1384 627 sint.

53 653 142 718 Nam
166 655 397 736 praeterquam
423 652 508 734 quod
531 651 563 716 id
588 652 719 716 dubium
743 656 804 728 est,
829 656 863 715 et
886 651 1033 715 homines
1057 673 1099 716 ex
1122 651 1202 715 locis
1221 673 1285 716 non
1302 651 1386 716 adeo

53 741 180 807 dissitis
209 741 307 807 facile
338 763 378 806 ex
409 740 586 824 improviso
616 741 743 823 possint
772 740 922 822 agnosci:
955 741 1077 806 sufficit
1104 739 1287 820 designatio
1310 761 1386 824 per-

54 852 157 897 sonae
181 830 214 895 in
238 851 275 895 se
298 831 398 908 facta,
424 835 461 897 ut
484 830 580 911 sigilli
606 830 706 894 laesio
731 830 784 895 vel
808 830 878 894 eius
901 829 1080 913 periculum
1103 829 1200 896 adsit.

142 928 269 993 Fateor
288 933 409 1004 tamen,
434 927 461 992 si
478 927 743 993 circumstantiae
760 927 917 991 eiusmodi
932 931 1010 992 sunt
1025 931 1063 991 ut
1078 948 1173 991 omne
1194 926 1386 1010 periculum,

55 1018 227 1083 moraliter
249 1018 426 1100 loquendo,
452 1017 539 1081 absit
562 1038 716 1099 umquam
740 1017 890 1080 veniendi
913 1017 946 1080 in
971 1016 1121 1082 notitiam
1145 1037 1305 1099 personae
1328 1016 1385 1081 de·

55 1107 218 1190 signatae,
244 1127 282 1172 ec
307 1107 393 1189 quod
415 1107 507 1171 nulla
530 1106 574 1170 sit
598 1106 846 1171 communicatio
868 1105 955 1172 inter
971 1106 1141 1172 audientes
1158 1110 1192 1171 et
1212 1105 1275 1170 loci
1289 1105 1388 1171 istius

54 1196 198 1273 incolae,
232 1216 338 1278 neque
370 1195 471 1260 ullum
503 1195 698 1278 periculum,
732 1195 903 1277 quominus
933 1195 966 1259 id
996 1215 1150 1276 umquam
1180 1194 1309 1261 accidat
1332 1195 1386 1260 vel

56 1285 206 1351 narratio
228 1285 316 1350 inter
339 1284 420 1350 alios
444 1290 629 1368 spargatur,
655 1285 832 1351 laesionem
855 1284 954 1366 sigilli
977 1306 1041 1349 non
1065 1284 1197 1360 adesse;
1227 1283 1386 1366 siquidem

56 1373 242 1456 designatio
272 1373 481 1439 individualis
511 1395 671 1457 personae
701 1395 743 1439 ex
774 1395 810 1439 se
839 1374 981 1438 nondum
1012 1378 1064 1440 est
1093 1375 1255 1456 complete
1284 1373 1385 1438 facta.

56 1462 154 1529 Aliud
180 1466 286 1540 esset,
316 1463 344 1527 si
374 1462 582 1528 individualis
613 1463 796 1545 designatio
820 1463 950 1528 omnino
974 1467 1063 1529 esset
1086 1463 1265 1546 completa,
1297 1483 1327 1528 v.
1353 1484 1385 1544 g.

62 1553 205 1636 ,primus
235 1553 451 1634 magistratus
481 1551 576 1616 huius
599 1553 652 1616 vel
683 1552 769 1617 illius
801 1552 928 1616 urbis“:
961 1573 1044 1635 quae
1074 1551 1258 1633 designatio
1288 1553 1387 1635 plane

59 1641 209 1708 continet
241 1641 341 1723 sigilli
372 1640 570 1719 laesionem,
605 1641 666 1707 etsi
699 1641 835 1707 audiens
867 1645 957 1706 certo
989 1662 1165 1723 numquam
1191 1641 1297 1705 virum
1329 1640 1388 1705 de·

57 1731 226 1815 signatum
250 1731 441 1813 cogniturus
465 1730 518 1796 sit.

483 1940 638 2007 suumn
662 1939 886 2005 cornorum
909 1939 962 2020 (1).

618 2106 729 2172 Casus.
749 2113 826 2180 (151)

147 2253 309 2314 Ianuarius
330 2253 442 2329 excipit
464 2253 678 2313 confessionem
700 2253 889 2324 adelheidis,
919 2273 994 2329 quae
1022 2258 1126 2312 narrat
1146 2253 1387 2312 sollicitationem

60 2355 146 2412 quarn
167 2354 262 2412 passa
290 2334 330 2393 sit
351 2334 508 2409 aliquoties
530 2355 547 2393 a
568 2335 739 2404 Bertramo,
767 2354 800 2393 se
828 2335 932 2393 timere
959 2353 997 2392 ne
1024 2333 1140 2393 interne
1167 2353 1227 2391 unc
1255 2334 1389 2393 alterave

60 2417 124 2475 vice
147 2415 351 2483 consenserit,
380 2434 470 2490 seque
497 2415 527 2473 id
549 2415 716 2474 adscribere
737 2414 946 2489 neglegentiae
974 2433 1046 2473 suae
1066 2414 1098 2472 in
1126 2415 1322 2490 persolvendo
1342 2433 1388 2472 ro·

60 2496 149 2567 sario,
172 2496 250 2571 quod
272 2495 379 2554 cotidie
400 2496 527 2554 recitare
549 2495 605 2554 sibi
627 2495 813 2570 proposuerit
831 2496 868 2553 ad
889 2494 1103 2571 protectionem
1118 2493 1301 2568 virginitatis
1315 2513 1390 2553 sune

60 2577 123 2637 Deo
144 2575 310 2654 promissae
332 2576 494 2634 efficaciter
514 2576 738 2650 impetrandam.
766 2576 923 2634 Ianuarius
944 2583 1049 2651 postea
1071 2575 1108 2633 ad
1130 2575 1316 2634 Bertramum
1337 2574 1389 2633 dat

61 2658 180 2717 litteras
201 2675 365 2731 anonymus
387 2656 492 2731 quibus
514 2655 541 2714 ei
563 2659 724 2731 exprobrat
744 2655 954 2730 impudentiam
983 2661 1072 2730 atque
1100 2655 1136 2714 ad
1158 2656 1308 2713 meliorem
1329 2656 1389 2714 fru-

62 2758 128 2813 gem
151 2756 219 2797 eum
240 2738 381 2795 reducere
403 2742 544 2806 conatur;
577 2736 768 2794 Adelheidem
789 2736 820 2794 in
842 2735 988 2812 colloquio
1009 2736 1113 2794 laudat
1133 2754 1151 2794 a
1173 2741 1309 2810 spectata
1329 2735 1387 2811 pie·

62 2825 125 2878 tate
147 2822 236 2893 atque
257 2823 327 2875 voto
349 2815 498 2875 castitatis
520 2816 642 2886 emisso,
672 2836 738 2874 esse
767 2835 831 2874 eam
859 2822 959 2875 tamen
986 2816 1075 2875 nimis
1104 2815 1236 2875 timidam
1267 2814 1338 2874 dicit
1359 2820 1390 2874 et

60 2898 244 2976 aliquantum
265 2897 477 2974 scrupulosam.

62 3020 242 3091 Qunrmrna
263 3024 293 3078 1ο
312 3024 438 3097 peccata
459 3020 557 3078 aliena
577 3020 785 3094 pertineantne
806 3019 843 3077 ed
865 3019 994 3094 sigillum
1016 3019 1223 3079 confessionis.

263 3119 294 3177 2ο
314 3138 383 3176 num
414 3118 595 3194 paenitentis
625 3118 757 3194 scrupuli
786 3117 888 3176 eiusve
909 3137 1000 3193 opera
1020 3119 1098 3176 bone
1125 3123 1213 3193 atque
1234 3137 1283 3176 res
1303 3116 1390 3176 indif-

317 3199 459 3268 ferentes,
481 3218 557 3273 quae
578 3198 674 3274 ipsum
697 3204 843 3275 spectant,
865 3200 926 3257 sint
948 3198 1095 3257 obiectum
1117 3198 1216 3273 sigilli.

261 3297 292 3354 3⁰
313 3295 382 3370 quid
402 3295 587 3353 iudicandum
611 3296 651 3353 sit
672 3297 707 3354 de
729 3295 877 3354 ianuario.

660 3496 795 3563 Salutio.

153 3639 820 3723 Anqurmrrunlrlt.1.1proprium
854 3640 983 3722 quidem
1013 3645 1200 3706 sacrament
1186 3643 1263 3706 talis
1292 3640 1391 3723 srgrllr
1402 3656 1455 3710 134

65 3730 228 3796 obiectum
258 3733 395 3813 peccata
422 3733 499 3794 sunt
529 3729 742 3811 paenitentis,
774 3729 833 3794 scd
863 3735 999 3813 peccata
1029 3730 1063 3795 in
1086 3736 1238 3797 concreto
1261 3734 1393 3814 sumpta

66 3841 138 3885 cum
155 3819 304 3884 omnibus
328 3819 581 3884 circumstantiis
598 3818 885 3894 individuantibus,
910 3840 993 3903 quae
1009 3819 1180 3901 paenitens
1196 3819 1391 3894 narraverit,

66 3909 135 3975 sive
168 3908 210 3974 ad
243 3908 473 3973 declarandum
506 3913 676 3991 peccatum
711 3907 915 3972 commissum
947 3908 1047 3976 fucrit
1079 3909 1140 3974 hoc
1173 3907 1392 3972 necessarium

29 4045 33 4057 .
66 3998 137 4064 sive
161 4018 236 4064 non.

156 4103 196 4168 R.
221 4106 250 4168 2.
290 4105 378 4169 Ante
401 4103 510 4168 omnia
532 4103 633 4184 igitur
656 4108 826 4186 peccatum
850 4105 1025 4187 complicis,
1051 4103 1134 4185 quod
1160 4124 1232 4167 cum
1256 4107 1392 4187 peccato

67 4192 266 4278 paenitentis
289 4193 525 4274 quodammodo
549 4193 582 4256 in
606 4214 703 4256 unum
722 4194 877 4259 coalescit
894 4194 1027 4276 eiusque
1043 4193 1315 4276 complementum
1331 4197 1392 4270 est,

67 4283 207 4351 materia
230 4287 282 4348 est
305 4283 553 4347 sacramentalis
576 4281 683 4363 sigilli.

158 4380 315 4446 Similiter
344 4381 370 4443 si
399 4380 570 4462 paenitens
594 4403 613 4445 a
637 4385 772 4462 peccato
796 4380 902 4445 alieno
927 4401 1039 4445 ansam
1065 4380 1204 4463 sumpsit
1227 4379 1393 4463 peccandi,

68 4470 120 4536 vel
143 4470 172 4535 si
196 4469 394 4553 paenitentis
417 4475 597 4553 peccatum,
623 4469 708 4551 quod
732 4472 914 4545 confitetur,
940 4471 1136 4536 versabatur
1156 4470 1243 4535 circa
1258 4472 1395 4553 peccata
