3044 5174
290 278 295 285 »
406 255 522 310 Μ919119
540 256 677 327 proxima:
697 287 731 295 -
751 258 875 313 contritio
894 262 922 313 et
940 259 1116 330 propositum.
1358 266 1421 330 193

98 436 326 514 peccatorum,
362 434 471 499 omnia
499 433 562 500 1119
596 440 731 519 peracta
766 440 860 515 eunt,
898 435 1026 502 etiamsi
1061 435 1095 501 in
1130 437 1201 503 solo
1237 442 1312 503 actu
1344 459 1422 504 con·

97 521 249 588 fessionis
279 523 413 606 Agatha
443 523 594 607 specialis
623 525 750 608 peccati
779 546 903 591 memor
934 525 996 591 fuit
1025 526 1122 608 idque
1154 526 1187 592 iu
1218 527 1422 593 confessione

97 612 272 694 expressit.

124 822 465 888 PAENITENTIAE
488 822 823 890 SACRAMENTUM
846 823 1050 891 VALIDUM
1073 824 1156 891 SED
1179 825 1390 894 INFORME.

671 989 780 1056 Casus.
799 997 857 1065 (97)

186 1134 294 1206 Gaius,
324 1143 514 1213 peccatorum
534 1137 740 1197 fornicationis
762 1143 793 1197 et
812 1138 978 1198 iniustitiae
1000 1139 1101 1215 gravis
1121 1160 1206 1212 reus,
1234 1141 1267 1200 in
1288 1141 1424 1200 examine

94 1215 302 1274 conscientiae
322 1216 487 1276 iniustitiae
509 1218 684 1277 commissae
706 1218 823 1278 omnino
851 1219 1003 1279 immemor
1025 1225 1086 1291 est,
1114 1220 1240 1280 alterum
1268 1227 1422 1298 peccatum

94 1297 131 1354 ob
152 1295 317 1371 specialem
337 1296 507 1356 foeditatem
528 1297 663 1356 luxuriae
691 1298 870 1371 detestatum
901 1300 942 1358 ita
963 1299 1055 1375 igitur
1084 1301 1257 1372 confitetur,
1286 1300 1425 1378 proponit

95 1395 156 1435 non
177 1394 305 1452 peccare
327 1376 363 1434 19
384 1382 482 1436 cetero
505 1382 535 1436 et
555 1378 729 1437 absolvitur.

94 1499 278 1570 Qusnnrrun
300 1503 329 1560 1⁰
350 1501 427 1639 plitne
449 1502 542 1641 Caiupi
559 1521 684 1641 1911919
706 1504 869 1575 absolutus,
892 1524 930 1563 an
951 1511 1106 1581 peccatum
1121 1504 1256 1565 luxuriae
1278 1526 1344 1566 cum
1366 1507 1424 1567 alio

370 1602 445 1642 enuo
466 1603 520 1642 con
544 1583 599 1642 teri
642 1586 736 1643 ebeat.

302 1681 332 1738 2ο
352 1680 420 1756 quid
443 1681 483 1739 sit
504 1688 720 1740 sacramentum
742 1680 942 1758 paenitentiae
964 1683 1094 1742 validum
1115 1684 1166 1742 991
1188 1683 1322 1745 informe.

697 1882 832 1948 Salutio.

187 2031 243 2096 An
267 2053 458 2107 ouansrruu
477 2036 514 2095 1²¹
537 2033 575 2099 R.
600 2035 626 2100 1.
668 2032 700 2098 Si
725 2035 901 2098 absolutum
926 2055 990 2098 9999
1013 2032 1216 2116 intellegitur
1239 2035 1278 2100 de
1303 2037 1489 2120 9110001330

95 2120 307 2186 absolutione
336 2120 520 2204 recuperati
550 2126 659 2188 status
689 2123 816 2203 gratiae
842 2121 1092 2197 sanctificantis,
1124 2123 1187 2187 dici
1217 2124 1330 2189 debet:
1362 2126 1425 2191 dis-

96 2208 220 2297 positio
253 2210 296 2275 91
327 2207 583 2293 recuperandum
616 2214 739 2277 statum
773 2211 901 2293 gratiae
933 2211 1117 2277 necessaria
1149 2216 1201 2278 est
1233 2213 1404 2280 retractati

98 2299 277 2365 cuiuslibet
299 2299 425 2383 peccati
449 2300 572 2382 gravis,
596 2321 654 2365 seu
678 2300 771 2365 dolor
794 2301 849 2382 qui
872 2300 980 2366 omnia
1004 2306 1139 2384 peccata
1162 2302 1316 2368 mortalia
1338 2323 1426 2369 corn-

97 2387 202 2455 missa
232 2388 495 2472 comprehendat.
550 2388 583 2455 Si
614 2389 716 2471 igitur
746 2394 840 2455 actus
870 2390 939 2454 Caii
971 2390 1054 2455 hanc
1085 2391 1356 2457 retractationem
1385 2413 1427 2458 ne

97 2477 259 2562 implicite
275 2477 404 2560 quidem
422 2477 576 2556 continet,
593 2478 831 2544 absolutionem
847 2499 920 2543 cum
937 2479 1055 2544 effectu
1071 2483 1284 2563 recuperatae
1298 2481 1427 2564 gratiae

96 2567 339 2634 sanctificantis
362 2588 427 2632 non
451 2566 588 2650 accepit.

192 2683 230 2747 R,
249 2686 279 2750 2.
320 2683 354 2748 Si
376 2682 548 2766 respicitur
572 2683 613 2749 ad
638 2691 741 2748 ortum
755 2684 924 2765 formalem
941 2686 1059 2750 doloris
1082 2705 1177 2766 quem
1194 2684 1290 2751 Caius
1309 2686 1429 2753 dicitur
1469 2728 1472 2733 -

97 2773 270 2849 elicuisse,
301 2772 356 2837 ille
385 2793 450 2837 non
474 2772 604 2837 videtur
627 2777 779 2839 versatus
803 2793 892 2848 esse,
920 2794 961 2838 ne
985 2773 1140 2857 implicite
1164 2774 1310 2857 quidem,
1342 2775 1428 2842 circa

99 2865 274 2947 peceatum
307 2860 496 2927 iniustitiae.
549 2861 671 2939 Aliter,
706 2861 733 2926 si
767 2882 809 2926 ex
837 2862 960 2927 motivo
992 2863 1168 2928 universali
1199 2863 1357 2930 doluisset
1388 2866 1429 2930 de

97 2950 242 3017 luxuria.
290 2949 379 3015 Talis
410 2949 497 3015 enim
527 2950 619 3016 dolor
642 2951 829 3019 virtualiter
852 2956 1005 3018 versatur
1035 2952 1123 3016 circa
1152 2952 1261 3019 omnia
1291 2958 1428 3037 peccata

98 3040 266 3117 mortalia,
287 3039 350 3105 etsi
367 3039 553 3104 nullatenus
570 3040 670 3106 menti
687 3042 914 3119 obversantur,
938 3041 995 3106 991
1013 3041 1053 3105 19
1070 3062 1132 3106 000
1149 3046 1278 3109 1901010
1291 3047 1428 3127 peccato

98 3150 261 3213 expresse
284 3128 459 3211 cogitatur.

193 3236 313 3302 Restat
340 3240 376 3300 ut
406 3256 602 3318 quaeramus
632 3258 709 3301 num
730 3239 926 3321 propositum
949 3236 1018 3301 Caii
1046 3236 1203 3321 implicite
1232 3237 1429 3305 continuerit

98 3325 250 3390 dolorem
280 3324 508 3390 universalem.
562 3325 654 3401 Quod
683 3325 837 3408 possibile
867 3325 1013 3407 quidem,
1047 3346 1111 3390 uon
1143 3331 1254 3392 tamen
1284 3347 1326 3392 ex
1357 3348 1429 3393 sese

98 3419 230 3480 certum
263 3418 330 3491 est,
364 3435 469 3496 neque
502 3419 628 3479 certum
661 3417 713 3479 991
742 3415 834 3479 illum
867 3415 1010 3479 dolorem
1044 3414 1235 3498 implicitum
1267 3416 1427 3482 sufficere.

98 3504 191 3570 Nam
221 3502 424 3587 propositum
454 3503 590 3569 cavendi
619 3502 653 3568 in
684 3508 849 3585 posterum
874 3524 894 3569 9
916 3503 1062 3587 peccatis
1085 3525 1150 3569 non
1174 3504 1222 3570 ita
1245 3506 1429 3570 necessario

99 3592 242 3659 includit
264 3592 451 3659 virtualiter
475 3592 630 3668 dolorem,
655 3592 739 3659 sicut
763 3593 854 3658 dolor
877 3592 1014 3658 includit
1038 3593 1256 3677 propositum,
1281 3614 1319 3658 eo
1343 3594 1429 3676 quod

100 3680 307 3766 propositum
325 3703 390 3746 000
414 3681 598 3746 necessario
623 3681 726 3747 oritur
750 3703 791 3747 ex
815 3682 938 3747 efficaci
964 3687 997 3747 91
1020 3684 1170 3749 absoluto
1195 3683 1267 3747 odio
1291 3683 1428 3767 peccati.

98 3770 225 3849 Quodsi
248 3792 291 3836 ex
314 3770 375 3837 tali
397 3770 546 3836 absoluto
571 3770 644 3836 odio
669 3771 809 3848 oriatur,
840 3772 1009 3837 fatendum
1034 3776 1085 3838 991
1114 3772 1147 3836 10
1171 3772 1327 3837 eiusmodi
1355 3795 1430 3856 pro·

100 3860 212 3945 posito
242 3859 420 3926 universali
450 3860 637 3926 virtualiter
666 3860 884 3926 universalem
917 3861 1061 3926 dolorem
1092 3860 1259 3927 contineri.
1307 3863 1430 3927 Verum

99 3949 235 4016 etiamsi
264 3970 337 4014 eum
361 3948 549 4014 virtualiter
578 3948 739 4024 continet,
772 3950 914 4015 nondum
944 3951 1090 4017 continet
1117 3971 1221 4032 neque
1245 3950 1430 4017 necessario

99 4039 213 4123 gignit
233 4038 401 4122 forrnalem
425 4037 585 4112 dolorem;
610 4038 759 4104 doctrina
778 4043 888 4105 autem
905 4039 961 4104 vix
977 4061 1040 4104 000
1058 4045 1151 4106 09119
1166 4040 1310 4105 10101910
1327 4039 1431 4123 exigit

100 4127 286 4205 formalem,
311 4131 348 4193 ut
370 4126 531 4192 habeatur
553 4126 694 4192 materia
717 4127 914 4194 sacramenti
937 4128 1096 4211 proxima.

194 4244 233 4309 R.
271 4247 301 4309 3.
357 4242 535 4315 Attamen,
575 4242 704 4308 etiamsi
744 4244 899 4309 sumimus
937 4244 1049 4309 Gaium
1089 4243 1326 4310 absolutionem
1366 4265 1430 4309 non

100 4334 271 4417 accepisse
304 4353 376 4398 cnm
409 4333 526 4398 effectu
558 4332 687 4415 gratiae
718 4333 968 4410 sanctificantis,
1004 4333 1146 4398 nondum
1177 4333 1325 4414 sequitur
1357 4353 1429 4396 eum

100 4424 223 4490 debere
249 4423 354 4487 19000
378 4442 532 4487 90009919
562 4427 732 4505 peccatum
763 4423 828 4488 iam
858 4427 1063 4496 accusatum:
1094 4421 1152 4486 991
1181 4421 1348 4504 probabile
1379 4426 1431 4486 991

99 4512 256 4580 sufficere
280 4515 316 4576 ut
340 4513 536 4577 confiteatur
565 4516 681 4594 postea
705 4533 745 4577 ea
769 4533 852 4593 quae
876 4511 1116 4595 inculpabiliter
1139 4509 1248 4575 omisit
1272 4509 1429 4576 confiteri.

102 4605 229 4670 Verum
252 4600 284 4666 id
308 4600 397 4667 ducit
421 4601 461 4666 91
485 4621 676 4684 responsum
700 4603 833 4666 9000011
857 4604 1007 4682 Quaerit.

156 4712 327 4758 Lehmknbl,
343 4711 415 4752 Casus
430 4711 588 4752 conscientiae.
609 4712 637 4753 11.
1191 4703 1222 4756 13
