3044 5174
465 269 664 338 Indulgentiae.
685 300 717 309 —
736 268 822 324 Valor
838 272 868 324 et
886 268 1065 324 condiciones.
1363 274 1428 338 359

92 445 204 512 amice
227 449 359 511 narret:
383 445 469 528 quod
491 444 521 510 si
543 446 615 511 fiem'
637 449 758 529 potest,
783 447 905 530 optime
928 467 982 512 ree
1005 447 1218 532 componitur.
1251 447 1284 513 Si
1300 446 1333 512 id
1350 469 1429 513 vero

93 535 171 602 fieri
193 534 324 618 nequit,
356 534 525 613 sacerdos,
558 535 686 601 fervida
716 535 864 601 oratione
888 536 929 601 ad
952 536 1058 602 Deum
1090 538 1210 614 effusa,
1244 537 1429 603 obtestetur

93 627 240 708 semoto
262 644 299 690 se
322 623 481 706 quasdam
506 627 636 690 tantum
659 624 936 707 interrogationes
965 625 1131 691 facturum
1161 646 1235 690 esse
1258 631 1358 708 atque
1381 626 1428 691 le-

96 714 189 781 viter
211 713 341 779 omnino
364 711 436 778 sine
459 713 657 796 fatigatione
680 734 716 779 se
739 714 977 780 confessionem
1001 718 1260 798 procuraturum.

100 844 103 849 ·
189 819 230 885 R.
254 822 286 887 3.
326 818 359 884 Si
381 817 484 901 igitur
506 822 683 901 utcumque
706 819 867 886 confessio
890 820 982 886 facta
1005 820 1115 898 fuerit,
1139 823 1245 886 restat
1261 824 1298 886 ut
1320 820 1354 885 in
1376 842 1428 887 re·

95 909 199 992 liquis
223 908 352 974 actibus
375 908 517 974 iuvetur.
549 907 662 974 Videri
678 908 776 974 debet
799 930 876 974 nnm
900 910 1105 975 necessarias
1127 910 1245 976 saltem
1268 910 1429 976 veritates

97 997 269 1064 revelatas
293 997 445 1063 Getulius
467 1001 598 1069 teneat;
623 997 768 1079 alioquin
791 998 909 1064 dextre
933 998 1020 1065 circa
1044 1019 1100 1064 eas
1124 998 1336 1065 instruendus
1359 1003 1428 1066 est:

94 1087 187 1170 quod
210 1086 281 1152 fieri
305 1090 416 1171 potest
438 1108 498 1170 per
520 1086 650 1152 modum
675 1086 924 1154 adhortationis.
967 1087 1102 1164 Quando
1126 1089 1167 1154 ad
1190 1092 1285 1154 actus
1308 1088 1430 1154 doloris

95 1181 135 1243 et
158 1175 310 1242 caritatis
333 1175 460 1242 elicitos
482 1197 536 1240 res
559 1176 718 1260 perducta
742 1175 851 1252 fuerit,
876 1176 1096 1243 confessarius
1111 1177 1264 1243 absolvat
1279 1181 1313 1242 et
1336 1197 1430 1261 prae·

95 1269 197 1350 paret
220 1268 404 1347 aegrotum,
429 1264 457 1330 si
481 1285 562 1349 opus
585 1264 639 1343 sit,
663 1265 705 1330 ad
728 1264 855 1347 reliqua
878 1270 1088 1332 sacramenta
1110 1266 1306 1351 recipienda.

189 1371 229 1438 R.
254 1374 285 1438 4.
332 1370 454 1448 Quodsi
477 1374 634 1452 aegrotus
657 1391 699 1436 ne
728 1374 799 1437 tum
823 1371 951 1453 quidem
976 1371 1181 1438 necessarias
1211 1371 1429 1456 obligationes

94 1460 237 1563 implere
260 1460 356 1561 vult..
382 1459 482 1562 etiam
506 1460 540 1562 in
570 1459 686 1525 mortis
717 1460 855 1526 articulo
886 1461 956 1525 sine
987 1460 1193 1563 absolutione
1216 1461 1430 1563 dimittendus

95 1549 463 1720 t.dt¹¹‚²⁰.tt⁹t¹.⁰.⁰
464 1571 483 1714 ἷ
483 1548 856 1704 tetstatur:
879 1550 1270 1724 tt...{ttt⁰1.ttlt.²
1281 1572 1430 1705 ..tttt'ff

94 1727 178 1805 ficit,
202 1728 398 1795 absolvatur
419 1728 480 1792 snb
504 1726 700 1793 condicione.

564 1938 623 2003 DE
646 1937 973 2006 INDULGENTIIS.

661 2101 771 2168 dasne.
791 2108 868 2176 (185)

183 2249 376 2328 Disceptatio
398 2256 428 2308 et
450 2249 571 2310 diversa
592 2250 695 2327 praxis
724 2256 771 2309 est
795 2251 874 2310 inter
894 2251 1056 2309 Acbatium
1076 2257 1107 2310 et
1127 2252 1260 2310 Aeneam
1287 2250 1367 2310 circa
1387 2251 1429 2309 in·

96 2331 273 2407 dulgentias
295 2349 454 2406 earumque
474 2331 615 2390 valorem.
656 2331 743 2389 Prior
763 2330 837 2389 nihil
865 2331 1014 2407 antiquius
1035 2332 1141 2402 habet,
1170 2350 1256 2408 quam
1277 2335 1311 2390 ut
1331 2331 1431 2407 paeni·

96 2418 202 2472 tentes
223 2431 296 2471 suos
317 2410 430 2469 excitet
451 2411 489 2469 ad
510 2431 595 2487 quarn
616 2411 760 2487 plurimas
781 2411 982 2486 indulgentias
1003 2412 1161 2470 lucrandas
1183 2418 1214 2470 et
1234 2412 1281 2470 die
1294 2411 1431 2471 Portiun·

96 2493 187 2552 culae
209 2492 245 2551 ad
267 2491 490 2566 ingrediendam
514 2497 544 2550 et
566 2491 773 2566 egrediendam
788 2511 874 2567 quam
889 2492 1059 2567 frequenter
1073 2491 1239 2564 ecclesiam,
1261 2496 1294 2550 ut
1308 2491 1431 2568 quilibet

96 2573 216 2648 aliquot
236 2573 342 2631 saltem
364 2571 490 2630 decades
519 2571 682 2630 animarum
705 2591 720 2629 e
742 2571 914 2647 purgatorio
944 2572 1056 2631 liberet.
1099 2573 1220 2631 Aeneae
1242 2591 1258 2631 e
1280 2571 1430 2632 contrario

99 2654 157 2712 has
178 2671 288 2730 praxea
301 2670 406 2728 parum
428 2651 576 2722 aestimat,
598 2671 665 2710 esse
680 2671 740 2710 rem
757 2652 845 2710 dubio
866 2652 993 2728 plenam,
1015 2671 1084 2710 num
1098 2652 1185 2710 valor
1198 2672 1231 2711 re
1245 2672 1317 2711 vera
1337 2671 1430 2727 usque

96 2734 139 2792 ad
161 2751 275 2809 poenas
296 2731 419 2791 alterius
440 2732 522 2790 vitae
545 2735 766 2809 aratiam-nendos
785 2731 953 2808 pertingat;
982 2731 1112 2808 alioquin
1133 2732 1186 2791 vix
1216 2733 1307 2791 ullum
1330 2733 1430 2791 catho-

98 2814 192 2872 licum
212 2811 386 2890 purgatorio
408 2830 475 2870 esse
503 2812 713 2882 addicendum,
743 2831 807 2870 cum
830 2812 881 2870 vix
909 2812 988 2870 ullus
1017 2812 1072 2884 sit,
1101 2812 1148 2870 cui
1176 2832 1236 2871 non
1264 2812 1431 2889 applicetur

98 2893 238 2971 plenaria
258 2892 444 2967 indulgentia
465 2891 495 2950 in
517 2892 643 2951 articulo
664 2892 785 2964 mortis;
813 2892 900 2950 immo
922 2912 960 2950 ex
981 2891 1069 2950 dictis
1090 2892 1345 2951 sanctissimarum
1366 2912 1430 2968 per·

96 2992 243 3033 sonarum
265 2973 384 3031 dubium
404 2971 477 3031 illud
500 2972 682 3043 confirmari,
712 2991 777 3030 cum
799 2972 827 3030 S.
849 2972 992 3030 Therasia
1022 2973 1166 3048 quondam
1189 2972 1332 3031 divinitus
1354 2991 1431 3031 com·

97 3053 213 3130 pererit
233 3058 354 3130 praeter
381 3072 413 3111 se
441 3072 530 3111 unum
558 3052 705 3112 hominem
733 3057 849 3111 tantum
877 3052 1040 3128 plenariam
1067 3051 1188 3112 iubilaei
1215 3053 1431 3128 indulgentiam

95 3136 248 3193 lucratum
277 3152 361 3203 eese;
392 3133 448 3191 hos
476 3133 550 3192 duos
570 3152 642 3191 vero
669 3139 749 3191 certo
778 3133 830 3190 vix
858 3133 948 3191 ullum
976 3151 1089 3208 poenae
1117 3133 1287 3209 temporalis
1314 3137 1431 3192 reatum

95 3214 251 3274 babuisse.

95 3339 280 3409 Quanamuu
303 3337 332 3395 1⁰
353 3335 422 3412 quid
443 3335 483 3394 sit
503 3335 696 3411 indulgentia.

298 3435 329 3493 2⁰
350 3453 425 3510 quae
446 3435 487 3492 sit
507 3435 572 3494 eius
594 3435 746 3493 efficaciae
768 3433 922 3492 certitudo.

303 3533 335 3592 3ο
356 3532 425 3608 qnid
452 3531 488 3590 de
515 3532 602 3608 praxi
629 3538 659 3591 et
685 3531 824 3608 opinione
849 3529 970 3590 Achatii
998 3534 1029 3589 et
1048 3532 1171 3591 Aeneae
1199 3531 1240 3591 sit
1267 3532 1430 3596 dicendum.

699 3732 834 3799 Salutio.

189 3874 242 3940 An
266 3895 458 3951 ouansrruu
483 3877 520 3939 1¹²
545 3874 584 3940 lt.
612 3877 639 3940 1.
678 3874 887 3959 Indulgentiae
910 3876 1088 3940 secundnm
1111 3875 1289 3958 genuinum
1313 3881 1347 3942 et
1371 3896 1428 3941 ve·
1439 3901 1492 3956 633

96 3988 173 4032 rum
198 3969 391 4048 conceptum
412 3967 464 4029 est
480 3963 628 4028 remissio
644 3985 769 4047 poenae
792 3964 984 4048 temporalis
1007 3972 1082 4048 post
1106 3965 1276 4030 remissam
1300 3966 1429 4049 culpam

95 4075 214 4137 coram
237 4054 307 4119 Deo
331 4052 497 4130 residuae,
531 4074 629 4135 quam
653 4053 802 4119 Ecclesia
832 4057 929 4121 extra
960 4059 1168 4120 sacramenta
1191 4054 1225 4118 vi
1254 4055 1430 4137 potestatis

95 4143 244 4210 clavium
267 4141 460 4224 exstinguit.

192 4258 230 4324 R.
254 4261 284 4324 2.
331 4258 421 4336 Quae
444 4257 650 4340 indulgentia
674 4257 886 4340 distinguitur
917 4259 1066 4341 plenaria
1090 4265 1124 4324 et
1146 4257 1307 4342 partialis.
1355 4257 1430 4322 Ple·

97 4348 212 4426 naria,
238 4368 302 4429 qua
325 4347 430 4412 omnis
453 4368 559 4430 poena
581 4347 773 4430 temporalis
797 4347 1016 4424 condonatum
1051 4346 1216 4429 partialis,
1251 4368 1315 4429 qna
1339 4351 1430 4413 certa

97 4457 227 4522 poenae
249 4435 441 4520 temporalis
464 4457 617 4501 mensura
640 4436 829 4505 remittitur.
877 4436 962 4501 Fieri
985 4436 1086 4519 igitur
1108 4439 1233 4519 potest,
1264 4439 1301 4501 ut
1324 4434 1430 4500 indul·

95 4524 225 4609 gartia,
250 4546 335 4608 quae
351 4525 501 4610 partialis
518 4524 646 4602 dicitnr,
670 4547 705 4590 re
721 4525 793 4608 ipsa
809 4527 869 4589 fiat
885 4526 917 4590 in
934 4530 1023 4592 certo
1040 4526 1168 4589 bomine
1184 4546 1257 4590 eam
1280 4525 1431 4591 lucrante

97 4615 260 4701 plenaria,
284 4615 412 4680 scilicet
434 4615 564 4697 quando
587 4614 643 4678 ille
667 4614 824 4679 maiorem
848 4636 973 4697 poenae
997 4619 1125 4680 reatum
1149 4636 1213 4680 non
1237 4614 1346 4680 habet.
