<?xml version="1.0" encoding="UTF-8"?>
<!DOCTYPE html PUBLIC "-//W3C//DTD XHTML 1.0 Transitional//EN"
    "http://www.w3.org/TR/xhtml1/DTD/xhtml1-transitional.dtd">
<html xmlns="http://www.w3.org/1999/xhtml" xml:lang="en" lang="en">
 <head>
  <title>
</title>
<meta http-equiv="Content-Type" content="text/html;charset=utf-8" />
  <meta name='ocr-system' content='tesseract 3.04.00' />
  <meta name='ocr-capabilities' content='ocr_page ocr_carea ocr_par ocr_line ocrx_word'/>
</head>
<body>
  <div class='ocr_page' id='page_1' title='image "./casusconscienti00lehmgoog_0042.png"; bbox 0 0 3044 5174; ppageno 0'>
   <div class='ocr_carea' id='block_1_1' title="bbox 126 922 160 976">
    <p class='ocr_par' dir='ltr' id='par_1_1' title="bbox 126 922 160 976">
     <span class='ocr_line' id='line_1_1' title="bbox 126 922 160 976; baseline 0.029 -1"><span class='ocrx_word' id='word_1_1' title='bbox 126 922 160 976; x_wconf 82' lang='lat'>25</span> 
     </span>
    </p>
   </div>
   <div class='ocr_carea' id='block_1_2' title="bbox 175 265 1039 334">
    <p class='ocr_par' dir='ltr' id='par_1_2' title="bbox 175 265 1039 334">
     <span class='ocr_line' id='line_1_2' title="bbox 175 265 1039 334; baseline 0.001 -15"><span class='ocrx_word' id='word_1_2' title='bbox 175 269 215 334; x_wconf 83' lang='lat'>18</span> <span class='ocrx_word' id='word_1_3' title='bbox 624 265 664 319; x_wconf 92' lang='lat' dir='ltr'>De</span> <span class='ocrx_word' id='word_1_4' title='bbox 682 265 861 320; x_wconf 73' lang='lat' dir='ltr'><strong>sacramentis</strong></span> <span class='ocrx_word' id='word_1_5' title='bbox 879 266 1039 334; x_wconf 80' lang='lat' dir='ltr'><strong>generatim.</strong></span> 
     </span>
    </p>
   </div>
   <div class='ocr_carea' id='block_1_3' title="bbox 171 442 1493 884">
    <p class='ocr_par' dir='ltr' id='par_1_3' title="bbox 171 442 1493 884">
     <span class='ocr_line' id='line_1_3' title="bbox 173 442 1493 529; baseline 0.001 -20"><span class='ocrx_word' id='word_1_6' title='bbox 173 464 247 509; x_wconf 91' lang='lat' dir='ltr'>cere</span> <span class='ocrx_word' id='word_1_7' title='bbox 271 463 335 508; x_wconf 90' lang='lat' dir='ltr'>non</span> <span class='ocrx_word' id='word_1_8' title='bbox 358 443 444 509; x_wconf 90' lang='lat' dir='ltr'>tanti</span> <span class='ocrx_word' id='word_1_9' title='bbox 475 446 527 508; x_wconf 91' lang='lat' dir='ltr'>est</span> <span class='ocrx_word' id='word_1_10' title='bbox 556 442 680 525; x_wconf 91' lang='lat' dir='ltr'>negotii</span> <span class='ocrx_word' id='word_1_11' title='bbox 710 464 815 525; x_wconf 88' lang='lat' dir='ltr'>neque</span> <span class='ocrx_word' id='word_1_12' title='bbox 838 443 960 509; x_wconf 90' lang='lat' dir='ltr'>homini</span> <span class='ocrx_word' id='word_1_13' title='bbox 983 443 1109 508; x_wconf 88' lang='lat' dir='ltr'>sincere</span> <span class='ocrx_word' id='word_1_14' title='bbox 1139 444 1327 527; x_wconf 83' lang='lat' dir='ltr'>procedenti</span> <span class='ocrx_word' id='word_1_15' title='bbox 1351 465 1413 529; x_wconf 91' lang='lat' dir='ltr'>per</span> <span class='ocrx_word' id='word_1_16' title='bbox 1435 445 1493 511; x_wconf 91' lang='lat' dir='ltr'>Dei</span> 
     </span>
     <span class='ocr_line' id='line_1_4' title="bbox 171 531 1493 616; baseline 0.001 -18"><span class='ocrx_word' id='word_1_17' title='bbox 171 532 315 616; x_wconf 87' lang='lat' dir='ltr'>gratiam</span> <span class='ocrx_word' id='word_1_18' title='bbox 338 532 420 597; x_wconf 91' lang='lat' dir='ltr'>adeo</span> <span class='ocrx_word' id='word_1_19' title='bbox 444 531 585 598; x_wconf 85' lang='lat' dir='ltr'>difficile.</span> <span class='ocrx_word' id='word_1_20' title='bbox 629 532 715 597; x_wconf 91' lang='lat' dir='ltr'>Hinc</span> <span class='ocrx_word' id='word_1_21' title='bbox 737 532 917 599; x_wconf 90' lang='lat' dir='ltr'>timendum</span> <span class='ocrx_word' id='word_1_22' title='bbox 941 536 993 598; x_wconf 91' lang='lat' dir='ltr'>est</span> <span class='ocrx_word' id='word_1_23' title='bbox 1022 553 1063 598; x_wconf 91' lang='lat' dir='ltr'>ne</span> <span class='ocrx_word' id='word_1_24' title='bbox 1085 532 1192 598; x_wconf 83' lang='lat' dir='ltr'>Titius</span> <span class='ocrx_word' id='word_1_25' title='bbox 1215 534 1387 616; x_wconf 81' lang='lat' dir='ltr'>angustias</span> <span class='ocrx_word' id='word_1_26' title='bbox 1411 538 1493 599; x_wconf 90' lang='lat' dir='ltr'>tem·</span> 
     </span>
     <span class='ocr_line' id='line_1_5' title="bbox 171 620 1492 706; baseline 0.002 -20"><span class='ocrx_word' id='word_1_27' title='bbox 171 622 259 706; x_wconf 87' lang='lat' dir='ltr'>poris</span> <span class='ocrx_word' id='word_1_28' title='bbox 291 621 510 705; x_wconf 88' lang='lat' dir='ltr'>praetendens</span> <span class='ocrx_word' id='word_1_29' title='bbox 543 621 652 686; x_wconf 89' lang='lat' dir='ltr'>fucum</span> <span class='ocrx_word' id='word_1_30' title='bbox 684 620 803 694; x_wconf 78' lang='lat' dir='ltr'>faciut3</span> <span class='ocrx_word' id='word_1_31' title='bbox 836 621 933 704; x_wconf 90' lang='lat' dir='ltr'>idque</span> <span class='ocrx_word' id='word_1_32' title='bbox 966 621 1064 687; x_wconf 88' lang='lat' dir='ltr'>etiam</span> <span class='ocrx_word' id='word_1_33' title='bbox 1097 623 1203 687; x_wconf 90' lang='lat' dir='ltr'>relate</span> <span class='ocrx_word' id='word_1_34' title='bbox 1235 623 1277 688; x_wconf 93' lang='lat' dir='ltr'>ad</span> <span class='ocrx_word' id='word_1_35' title='bbox 1310 627 1492 690; x_wconf 89' lang='lat' dir='ltr'>extremam</span> 
     </span>
     <span class='ocr_line' id='line_1_6' title="bbox 171 710 1492 797; baseline 0.002 -21"><span class='ocrx_word' id='word_1_36' title='bbox 171 711 366 778; x_wconf 89' lang='lat' dir='ltr'>unctionem.</span> <span class='ocrx_word' id='word_1_37' title='bbox 398 711 502 776; x_wconf 88' lang='lat' dir='ltr'>Multo</span> <span class='ocrx_word' id='word_1_38' title='bbox 524 710 631 792; x_wconf 87' lang='lat' dir='ltr'>magis</span> <span class='ocrx_word' id='word_1_39' title='bbox 653 711 759 776; x_wconf 89' lang='lat' dir='ltr'>relate</span> <span class='ocrx_word' id='word_1_40' title='bbox 782 710 824 775; x_wconf 89' lang='lat' dir='ltr'>ad</span> <span class='ocrx_word' id='word_1_41' title='bbox 840 711 1019 795; x_wconf 80' lang='lat' dir='ltr'>baptismos</span> <span class='ocrx_word' id='word_1_42' title='bbox 1036 711 1174 777; x_wconf 91' lang='lat' dir='ltr'>collatos</span> <span class='ocrx_word' id='word_1_43' title='bbox 1190 712 1376 796; x_wconf 87' lang='lat' dir='ltr'>putaverim</span> <span class='ocrx_word' id='word_1_44' title='bbox 1399 734 1492 797; x_wconf 88' lang='lat' dir='ltr'>prac-</span> 
     </span>
     <span class='ocr_line' id='line_1_7' title="bbox 171 799 1048 884; baseline 0.001 -19"><span class='ocrx_word' id='word_1_45' title='bbox 171 800 236 866; x_wconf 89' lang='lat' dir='ltr'>tice</span> <span class='ocrx_word' id='word_1_46' title='bbox 260 820 334 864; x_wconf 86' lang='lat' dir='ltr'>eum</span> <span class='ocrx_word' id='word_1_47' title='bbox 358 820 378 864; x_wconf 90' lang='lat' dir='ltr'>a</span> <span class='ocrx_word' id='word_1_48' title='bbox 401 799 497 880; x_wconf 89' lang='lat' dir='ltr'>gravi</span> <span class='ocrx_word' id='word_1_49' title='bbox 520 802 656 883; x_wconf 86' lang='lat' dir='ltr'>peccato</span> <span class='ocrx_word' id='word_1_50' title='bbox 680 799 831 865; x_wconf 89' lang='lat' dir='ltr'>excusari</span> <span class='ocrx_word' id='word_1_51' title='bbox 854 821 919 864; x_wconf 90' lang='lat' dir='ltr'>non</span> <span class='ocrx_word' id='word_1_52' title='bbox 942 820 1048 884; x_wconf 89' lang='lat' dir='ltr'>posse.</span> 
     </span>
    </p>
   </div>
   <div class='ocr_carea' id='block_1_4' title="bbox 167 905 1492 2147">
    <p class='ocr_par' dir='ltr' id='par_1_4' title="bbox 169 905 1492 1150">
     <span class='ocr_line' id='line_1_8' title="bbox 259 905 1490 990; baseline 0.002 -19"><span class='ocrx_word' id='word_1_53' title='bbox 259 907 298 972; x_wconf 88' lang='lat' dir='ltr'>R.</span> <span class='ocrx_word' id='word_1_54' title='bbox 324 909 354 971; x_wconf 87' lang='lat'>3.</span> <span class='ocrx_word' id='word_1_55' title='bbox 387 905 591 989; x_wconf 88' lang='lat' dir='ltr'>Baptismum</span> <span class='ocrx_word' id='word_1_56' title='bbox 622 905 788 990; x_wconf 89' lang='lat' dir='ltr'>privatum</span> <span class='ocrx_word' id='word_1_57' title='bbox 819 906 1026 973; x_wconf 77' lang='lat' dir='ltr'>necessitatis</span> <span class='ocrx_word' id='word_1_58' title='bbox 1058 906 1265 972; x_wconf 88' lang='lat' dir='ltr'>committens</span> <span class='ocrx_word' id='word_1_59' title='bbox 1295 907 1367 972; x_wconf 92' lang='lat' dir='ltr'>viro</span> <span class='ocrx_word' id='word_1_60' title='bbox 1399 908 1490 982; x_wconf 81' lang='lat' dir='ltr'>laico,</span> 
     </span>
     <span class='ocr_line' id='line_1_9' title="bbox 170 994 1492 1082; baseline 0.002 -21"><span class='ocrx_word' id='word_1_61' title='bbox 170 995 264 1077; x_wconf 92' lang='lat' dir='ltr'>eique</span> <span class='ocrx_word' id='word_1_62' title='bbox 287 995 396 1078; x_wconf 92' lang='lat' dir='ltr'>impio,</span> <span class='ocrx_word' id='word_1_63' title='bbox 421 994 602 1061; x_wconf 87' lang='lat' dir='ltr'>evitavitne</span> <span class='ocrx_word' id='word_1_64' title='bbox 625 1015 703 1060; x_wconf 94' lang='lat' dir='ltr'>vere</span> <span class='ocrx_word' id='word_1_65' title='bbox 718 999 888 1080; x_wconf 89' lang='lat' dir='ltr'>peecatum</span> <span class='ocrx_word' id='word_1_66' title='bbox 905 996 1053 1073; x_wconf 78' lang='lat' dir='ltr'>mortale,</span> <span class='ocrx_word' id='word_1_67' title='bbox 1079 996 1165 1077; x_wconf 92' lang='lat' dir='ltr'>quod</span> <span class='ocrx_word' id='word_1_68' title='bbox 1180 995 1396 1061; x_wconf 89' lang='lat' dir='ltr'>ministrando</span> <span class='ocrx_word' id='word_1_69' title='bbox 1414 999 1492 1082; x_wconf 91' lang='lat' dir='ltr'>bap-</span> 
     </span>
     <span class='ocr_line' id='line_1_10' title="bbox 169 1083 565 1150; baseline -0.005 0"><span class='ocrx_word' id='word_1_70' title='bbox 169 1084 302 1150; x_wconf 86' lang='lat' dir='ltr'>tismum</span> <span class='ocrx_word' id='word_1_71' title='bbox 326 1083 565 1149; x_wconf 82' lang='lat' dir='ltr'>commisisset?</span> 
     </span>
    </p>

    <p class='ocr_par' dir='ltr' id='par_1_5' title="bbox 167 1172 1491 2147">
     <span class='ocr_line' id='line_1_11' title="bbox 258 1172 1491 1257; baseline 0.003 -20"><span class='ocrx_word' id='word_1_72' title='bbox 258 1173 394 1250; x_wconf 79' lang='lat' dir='ltr'>Fateor,</span> <span class='ocrx_word' id='word_1_73' title='bbox 426 1172 454 1238; x_wconf 92' lang='lat' dir='ltr'>si</span> <span class='ocrx_word' id='word_1_74' title='bbox 484 1174 646 1254; x_wconf 82' lang='lat' dir='ltr'>agebatur</span> <span class='ocrx_word' id='word_1_75' title='bbox 675 1173 715 1238; x_wconf 93' lang='lat' dir='ltr'>de</span> <span class='ocrx_word' id='word_1_76' title='bbox 745 1172 939 1256; x_wconf 89' lang='lat' dir='ltr'>baptizando</span> <span class='ocrx_word' id='word_1_77' title='bbox 970 1172 1096 1239; x_wconf 87' lang='lat' dir='ltr'>infante</span> <span class='ocrx_word' id='word_1_78' title='bbox 1125 1172 1212 1238; x_wconf 91' lang='lat' dir='ltr'>inter</span> <span class='ocrx_word' id='word_1_79' title='bbox 1240 1172 1345 1257; x_wconf 85' lang='lat' dir='ltr'>ipsam</span> <span class='ocrx_word' id='word_1_80' title='bbox 1375 1175 1491 1241; x_wconf 90' lang='lat' dir='ltr'>matris</span> 
     </span>
     <span class='ocr_line' id='line_1_12' title="bbox 171 1261 1491 1346; baseline 0.002 -19"><span class='ocrx_word' id='word_1_81' title='bbox 171 1263 364 1337; x_wconf 87' lang='lat' dir='ltr'>sectionem,</span> <span class='ocrx_word' id='word_1_82' title='bbox 390 1283 429 1327; x_wconf 91' lang='lat' dir='ltr'>eo</span> <span class='ocrx_word' id='word_1_83' title='bbox 453 1262 539 1344; x_wconf 89' lang='lat' dir='ltr'>quod</span> <span class='ocrx_word' id='word_1_84' title='bbox 562 1262 603 1327; x_wconf 94' lang='lat' dir='ltr'>de</span> <span class='ocrx_word' id='word_1_85' title='bbox 626 1261 696 1328; x_wconf 84' lang='lat' dir='ltr'>vita</span> <span class='ocrx_word' id='word_1_86' title='bbox 719 1261 805 1327; x_wconf 93' lang='lat' dir='ltr'>illico</span> <span class='ocrx_word' id='word_1_87' title='bbox 829 1261 1092 1346; x_wconf 87' lang='lat' dir='ltr'>periclitabatur,</span> <span class='ocrx_word' id='word_1_88' title='bbox 1124 1262 1284 1329; x_wconf 89' lang='lat' dir='ltr'>rationem</span> <span class='ocrx_word' id='word_1_89' title='bbox 1307 1263 1491 1330; x_wconf 90' lang='lat' dir='ltr'>habendam</span> 
     </span>
     <span class='ocr_line' id='line_1_13' title="bbox 170 1350 1491 1435; baseline 0.003 -20"><span class='ocrx_word' id='word_1_90' title='bbox 170 1351 270 1416; x_wconf 89' lang='lat' dir='ltr'>fuisse</span> <span class='ocrx_word' id='word_1_91' title='bbox 294 1350 425 1435; x_wconf 88' lang='lat' dir='ltr'>pudori,</span> <span class='ocrx_word' id='word_1_92' title='bbox 456 1354 491 1417; x_wconf 92' lang='lat' dir='ltr'>et</span> <span class='ocrx_word' id='word_1_93' title='bbox 521 1372 564 1415; x_wconf 91' lang='lat' dir='ltr'>ex</span> <span class='ocrx_word' id='word_1_94' title='bbox 586 1351 648 1416; x_wconf 88' lang='lat' dir='ltr'>hae</span> <span class='ocrx_word' id='word_1_95' title='bbox 672 1372 772 1416; x_wconf 92' lang='lat' dir='ltr'>causa</span> <span class='ocrx_word' id='word_1_96' title='bbox 794 1355 864 1417; x_wconf 89' lang='lat' dir='ltr'>tum</span> <span class='ocrx_word' id='word_1_97' title='bbox 889 1351 997 1435; x_wconf 89' lang='lat' dir='ltr'>potius</span> <span class='ocrx_word' id='word_1_98' title='bbox 1027 1351 1178 1433; x_wconf 86' lang='lat' dir='ltr'>chirurgo</span> <span class='ocrx_word' id='word_1_99' title='bbox 1206 1372 1304 1433; x_wconf 89' lang='lat' dir='ltr'>quam</span> <span class='ocrx_word' id='word_1_100' title='bbox 1327 1353 1491 1419; x_wconf 87' lang='lat' dir='ltr'>sacerdoti</span> 
     </span>
     <span class='ocr_line' id='line_1_14' title="bbox 170 1439 1490 1524; baseline 0.002 -19"><span class='ocrx_word' id='word_1_101' title='bbox 170 1439 435 1507; x_wconf 87' lang='lat' dir='ltr'>committendam</span> <span class='ocrx_word' id='word_1_102' title='bbox 460 1460 532 1505; x_wconf 87' lang='lat' dir='ltr'>esse</span> <span class='ocrx_word' id='word_1_103' title='bbox 556 1439 709 1524; x_wconf 85' lang='lat' dir='ltr'>baptismi</span> <span class='ocrx_word' id='word_1_104' title='bbox 733 1440 950 1507; x_wconf 91' lang='lat' dir='ltr'>collationem.</span> <span class='ocrx_word' id='word_1_105' title='bbox 982 1441 1020 1505; x_wconf 91' lang='lat' dir='ltr'>ld</span> <span class='ocrx_word' id='word_1_106' title='bbox 1036 1461 1192 1524; x_wconf 88' lang='lat' dir='ltr'>expresse</span> <span class='ocrx_word' id='word_1_107' title='bbox 1217 1440 1296 1506; x_wconf 91' lang='lat' dir='ltr'>dicit</span> <span class='ocrx_word' id='word_1_108' title='bbox 1311 1441 1490 1507; x_wconf 86' lang='lat' dir='ltr'>Lacroix</span> 
     </span>
     <span class='ocr_line' id='line_1_15' title="bbox 172 1528 1491 1614; baseline 0.003 -20"><span class='ocrx_word' id='word_1_109' title='bbox 172 1530 192 1596; x_wconf 96' lang='lat' dir='ltr'>l.</span> <span class='ocrx_word' id='word_1_110' title='bbox 219 1533 253 1607; x_wconf 90' lang='lat'>6,</span> <span class='ocrx_word' id='word_1_111' title='bbox 285 1551 315 1614; x_wconf 92' lang='lat' dir='ltr'>p.</span> <span class='ocrx_word' id='word_1_112' title='bbox 347 1529 372 1606; x_wconf 94' lang='lat' dir='ltr'>l,</span> <span class='ocrx_word' id='word_1_113' title='bbox 404 1551 435 1596; x_wconf 90' lang='lat' dir='ltr'>n.</span> <span class='ocrx_word' id='word_1_114' title='bbox 469 1531 532 1594; x_wconf 85' lang='lat'>277</span> <span class='ocrx_word' id='word_1_115' title='bbox 565 1529 604 1594; x_wconf 91' lang='lat' dir='ltr'>de</span> <span class='ocrx_word' id='word_1_116' title='bbox 627 1528 843 1613; x_wconf 90' lang='lat' dir='ltr'>praeferenda</span> <span class='ocrx_word' id='word_1_117' title='bbox 866 1529 1006 1595; x_wconf 90' lang='lat' dir='ltr'>femina:</span> <span class='ocrx_word' id='word_1_118' title='bbox 1042 1529 1207 1611; x_wconf 90' lang='lat' dir='ltr'>,Denique</span> <span class='ocrx_word' id='word_1_119' title='bbox 1231 1529 1259 1593; x_wconf 90' lang='lat' dir='ltr'>si</span> <span class='ocrx_word' id='word_1_120' title='bbox 1281 1530 1392 1595; x_wconf 88' lang='lat' dir='ltr'>infans</span> <span class='ocrx_word' id='word_1_121' title='bbox 1415 1552 1491 1598; x_wconf 91' lang='lat' dir='ltr'>nec·</span> 
     </span>
     <span class='ocr_line' id='line_1_16' title="bbox 170 1617 1490 1702; baseline 0.003 -20"><span class='ocrx_word' id='word_1_122' title='bbox 170 1618 245 1682; x_wconf 92' lang='lat' dir='ltr'>dum</span> <span class='ocrx_word' id='word_1_123' title='bbox 269 1617 420 1684; x_wconf 89' lang='lat' dir='ltr'>totaliter</span> <span class='ocrx_word' id='word_1_124' title='bbox 442 1639 595 1700; x_wconf 86' lang='lat' dir='ltr'>egressus</span> <span class='ocrx_word' id='word_1_125' title='bbox 619 1639 661 1683; x_wconf 91' lang='lat' dir='ltr'>ex</span> <span class='ocrx_word' id='word_1_126' title='bbox 685 1621 779 1684; x_wconf 90' lang='lat' dir='ltr'>utero</span> <span class='ocrx_word' id='word_1_127' title='bbox 804 1618 848 1684; x_wconf 90' lang='lat' dir='ltr'>sit</span> <span class='ocrx_word' id='word_1_128' title='bbox 870 1618 1101 1702; x_wconf 88' lang='lat' dir='ltr'>baptizandus,</span> <span class='ocrx_word' id='word_1_129' title='bbox 1135 1618 1251 1683; x_wconf 92' lang='lat' dir='ltr'>mulier</span> <span class='ocrx_word' id='word_1_130' title='bbox 1273 1619 1490 1702; x_wconf 84' lang='lat' dir='ltr'>praeferenda</span> 
     </span>
     <span class='ocr_line' id='line_1_17' title="bbox 169 1707 1489 1792; baseline 0.002 -20"><span class='ocrx_word' id='word_1_131' title='bbox 169 1713 220 1774; x_wconf 92' lang='lat' dir='ltr'>est</span> <span class='ocrx_word' id='word_1_132' title='bbox 244 1707 434 1788; x_wconf 90' lang='lat' dir='ltr'>cuicumque</span> <span class='ocrx_word' id='word_1_133' title='bbox 457 1707 538 1784; x_wconf 88' lang='lat' dir='ltr'>viro,</span> <span class='ocrx_word' id='word_1_134' title='bbox 564 1707 662 1772; x_wconf 87' lang='lat' dir='ltr'>etiam</span> <span class='ocrx_word' id='word_1_135' title='bbox 680 1707 811 1792; x_wconf 86' lang='lat' dir='ltr'>proprio</span> <span class='ocrx_word' id='word_1_136' title='bbox 827 1708 979 1791; x_wconf 86' lang='lat' dir='ltr'>paroch0,</span> <span class='ocrx_word' id='word_1_137' title='bbox 1004 1707 1051 1773; x_wconf 91' lang='lat' dir='ltr'>sic</span> <span class='ocrx_word' id='word_1_138' title='bbox 1068 1707 1154 1772; x_wconf 92' lang='lat' dir='ltr'>enim</span> <span class='ocrx_word' id='word_1_139' title='bbox 1170 1707 1275 1790; x_wconf 82' lang='lat' dir='ltr'>exigit</span> <span class='ocrx_word' id='word_1_140' title='bbox 1294 1708 1489 1783; x_wconf 82' lang='lat' dir='ltr'>honestas‘;</span> 
     </span>
     <span class='ocr_line' id='line_1_18' title="bbox 169 1796 1488 1881; baseline 0.002 -20"><span class='ocrx_word' id='word_1_141' title='bbox 169 1818 267 1878; x_wconf 85' lang='lat' dir='ltr'>quarn</span> <span class='ocrx_word' id='word_1_142' title='bbox 297 1796 495 1862; x_wconf 88' lang='lat' dir='ltr'>sententiam</span> <span class='ocrx_word' id='word_1_143' title='bbox 520 1796 551 1862; x_wconf 88' lang='lat' dir='ltr'>S.</span> <span class='ocrx_word' id='word_1_144' title='bbox 575 1796 690 1881; x_wconf 85' lang='lat' dir='ltr'>Alph.</span> <span class='ocrx_word' id='word_1_145' title='bbox 715 1797 779 1874; x_wconf 93' lang='lat' dir='ltr'>VI,</span> <span class='ocrx_word' id='word_1_146' title='bbox 816 1798 877 1861; x_wconf 87' lang='lat'>117</span> <span class='ocrx_word' id='word_1_147' title='bbox 910 1796 992 1863; x_wconf 88' lang='lat' dir='ltr'>facit</span> <span class='ocrx_word' id='word_1_148' title='bbox 1015 1817 1118 1862; x_wconf 90' lang='lat' dir='ltr'>suam.</span> <span class='ocrx_word' id='word_1_149' title='bbox 1165 1797 1218 1861; x_wconf 86' lang='lat' dir='ltr'>Ex</span> <span class='ocrx_word' id='word_1_150' title='bbox 1248 1797 1320 1880; x_wconf 90' lang='lat' dir='ltr'>pari</span> <span class='ocrx_word' id='word_1_151' title='bbox 1350 1798 1488 1874; x_wconf 87' lang='lat' dir='ltr'>ratione,</span> 
     </span>
     <span class='ocr_line' id='line_1_19' title="bbox 169 1884 1488 1970; baseline 0.002 -20"><span class='ocrx_word' id='word_1_152' title='bbox 169 1886 254 1967; x_wconf 90' lang='lat' dir='ltr'>quod</span> <span class='ocrx_word' id='word_1_153' title='bbox 285 1884 398 1951; x_wconf 88' lang='lat' dir='ltr'>dicunt</span> <span class='ocrx_word' id='word_1_154' title='bbox 422 1887 462 1950; x_wconf 92' lang='lat' dir='ltr'>de</span> <span class='ocrx_word' id='word_1_155' title='bbox 487 1885 621 1963; x_wconf 90' lang='lat' dir='ltr'>femina,</span> <span class='ocrx_word' id='word_1_156' title='bbox 653 1885 792 1951; x_wconf 86' lang='lat' dir='ltr'>dixerim</span> <span class='ocrx_word' id='word_1_157' title='bbox 815 1884 846 1950; x_wconf 92' lang='lat' dir='ltr'>in</span> <span class='ocrx_word' id='word_1_158' title='bbox 873 1891 986 1951; x_wconf 89' lang='lat' dir='ltr'>nostra</span> <span class='ocrx_word' id='word_1_159' title='bbox 1009 1885 1232 1969; x_wconf 91' lang='lat' dir='ltr'>suppositione</span> <span class='ocrx_word' id='word_1_160' title='bbox 1262 1886 1302 1950; x_wconf 91' lang='lat' dir='ltr'>de</span> <span class='ocrx_word' id='word_1_161' title='bbox 1325 1886 1488 1970; x_wconf 88' lang='lat' dir='ltr'>chirurgo,</span> 
     </span>
     <span class='ocr_line' id='line_1_20' title="bbox 168 1973 1488 2058; baseline 0.002 -19"><span class='ocrx_word' id='word_1_162' title='bbox 168 1973 196 2039; x_wconf 87' lang='lat' dir='ltr'>si</span> <span class='ocrx_word' id='word_1_163' title='bbox 219 1974 315 2039; x_wconf 88' lang='lat' dir='ltr'>modo</span> <span class='ocrx_word' id='word_1_164' title='bbox 339 1973 456 2039; x_wconf 88' lang='lat' dir='ltr'>confidi</span> <span class='ocrx_word' id='word_1_165' title='bbox 479 1974 602 2058; x_wconf 88' lang='lat' dir='ltr'>possit,</span> <span class='ocrx_word' id='word_1_166' title='bbox 627 1974 698 2040; x_wconf 89' lang='lat' dir='ltr'>fore</span> <span class='ocrx_word' id='word_1_167' title='bbox 722 1980 760 2041; x_wconf 90' lang='lat' dir='ltr'>ut</span> <span class='ocrx_word' id='word_1_168' title='bbox 782 1975 845 2040; x_wconf 91' lang='lat' dir='ltr'>rite</span> <span class='ocrx_word' id='word_1_169' title='bbox 868 1975 977 2040; x_wconf 90' lang='lat' dir='ltr'>omnia</span> <span class='ocrx_word' id='word_1_170' title='bbox 999 1979 1148 2058; x_wconf 89' lang='lat' dir='ltr'>praestet</span> <span class='ocrx_word' id='word_1_171' title='bbox 1171 1994 1254 2057; x_wconf 91' lang='lat' dir='ltr'>quae</span> <span class='ocrx_word' id='word_1_172' title='bbox 1278 1975 1321 2041; x_wconf 87' lang='lat' dir='ltr'>ad</span> <span class='ocrx_word' id='word_1_173' title='bbox 1344 1976 1488 2042; x_wconf 88' lang='lat' dir='ltr'>validum</span> 
     </span>
     <span class='ocr_line' id='line_1_21' title="bbox 167 2063 672 2147; baseline 0 -18"><span class='ocrx_word' id='word_1_174' title='bbox 167 2063 365 2147; x_wconf 89' lang='lat' dir='ltr'>baptismum</span> <span class='ocrx_word' id='word_1_175' title='bbox 388 2063 455 2129; x_wconf 89' lang='lat' dir='ltr'>sint</span> <span class='ocrx_word' id='word_1_176' title='bbox 478 2063 672 2129; x_wconf 87' lang='lat' dir='ltr'>necessaria.</span> 
     </span>
    </p>
   </div>
   <div class='ocr_carea' id='block_1_5' title="bbox 164 2160 1487 3045">
    <p class='ocr_par' dir='ltr' id='par_1_6' title="bbox 164 2160 1487 3045">
     <span class='ocr_line' id='line_1_22' title="bbox 255 2160 1487 2245; baseline 0.002 -20"><span class='ocrx_word' id='word_1_177' title='bbox 255 2160 379 2225; x_wconf 82' lang='lat' dir='ltr'>Verum</span> <span class='ocrx_word' id='word_1_178' title='bbox 409 2161 493 2226; x_wconf 89' lang='lat' dir='ltr'>hanc</span> <span class='ocrx_word' id='word_1_179' title='bbox 525 2160 685 2226; x_wconf 89' lang='lat' dir='ltr'>rationem</span> <span class='ocrx_word' id='word_1_180' title='bbox 715 2160 848 2245; x_wconf 87' lang='lat' dir='ltr'>pudoris</span> <span class='ocrx_word' id='word_1_181' title='bbox 871 2160 977 2227; x_wconf 86' lang='lat' dir='ltr'>Titius</span> <span class='ocrx_word' id='word_1_182' title='bbox 1007 2161 1194 2227; x_wconf 89' lang='lat' dir='ltr'>nullatenus</span> <span class='ocrx_word' id='word_1_183' title='bbox 1224 2160 1345 2243; x_wconf 90' lang='lat' dir='ltr'>tetigit.</span> <span class='ocrx_word' id='word_1_184' title='bbox 1394 2162 1487 2229; x_wconf 92' lang='lat' dir='ltr'>Unde</span> 
     </span>
     <span class='ocr_line' id='line_1_23' title="bbox 168 2249 1486 2334; baseline 0.002 -19"><span class='ocrx_word' id='word_1_185' title='bbox 168 2249 422 2315; x_wconf 90' lang='lat' dir='ltr'>concludendum</span> <span class='ocrx_word' id='word_1_186' title='bbox 446 2249 578 2314; x_wconf 91' lang='lat' dir='ltr'>videtur</span> <span class='ocrx_word' id='word_1_187' title='bbox 600 2251 706 2315; x_wconf 92' lang='lat' dir='ltr'>locum</span> <span class='ocrx_word' id='word_1_188' title='bbox 729 2251 882 2315; x_wconf 83' lang='lat' dir='ltr'>habuisse</span> <span class='ocrx_word' id='word_1_189' title='bbox 905 2249 1102 2334; x_wconf 88' lang='lat' dir='ltr'>baptismum</span> <span class='ocrx_word' id='word_1_190' title='bbox 1124 2250 1261 2316; x_wconf 91' lang='lat' dir='ltr'>infantis</span> <span class='ocrx_word' id='word_1_191' title='bbox 1289 2251 1384 2334; x_wconf 91' lang='lat' dir='ltr'>plene</span> <span class='ocrx_word' id='word_1_192' title='bbox 1410 2252 1486 2330; x_wconf 89' lang='lat' dir='ltr'>nati,</span> 
     </span>
     <span class='ocr_line' id='line_1_24' title="bbox 167 2338 1487 2423; baseline 0.002 -20"><span class='ocrx_word' id='word_1_193' title='bbox 167 2360 272 2421; x_wconf 92' lang='lat' dir='ltr'>neque</span> <span class='ocrx_word' id='word_1_194' title='bbox 288 2338 432 2404; x_wconf 83' lang='lat' dir='ltr'>adfuisse</span> <span class='ocrx_word' id='word_1_195' title='bbox 448 2340 625 2422; x_wconf 89' lang='lat' dir='ltr'>periculum</span> <span class='ocrx_word' id='word_1_196' title='bbox 643 2338 820 2403; x_wconf 88' lang='lat' dir='ltr'>emoriendi</span> <span class='ocrx_word' id='word_1_197' title='bbox 836 2344 912 2405; x_wconf 91' lang='lat' dir='ltr'>ante</span> <span class='ocrx_word' id='word_1_198' title='bbox 929 2338 1136 2405; x_wconf 85' lang='lat' dir='ltr'>nativitatem</span> <span class='ocrx_word' id='word_1_199' title='bbox 1153 2339 1345 2423; x_wconf 90' lang='lat' dir='ltr'>perfectam.</span> <span class='ocrx_word' id='word_1_200' title='bbox 1382 2339 1487 2417; x_wconf 85' lang='lat' dir='ltr'>Quare</span> 
     </span>
     <span class='ocr_line' id='line_1_25' title="bbox 168 2427 1487 2511; baseline 0.003 -19"><span class='ocrx_word' id='word_1_201' title='bbox 168 2429 280 2493; x_wconf 89' lang='lat' dir='ltr'>valere</span> <span class='ocrx_word' id='word_1_202' title='bbox 303 2428 415 2494; x_wconf 91' lang='lat' dir='ltr'>debuit</span> <span class='ocrx_word' id='word_1_203' title='bbox 439 2429 554 2510; x_wconf 91' lang='lat' dir='ltr'>regula</span> <span class='ocrx_word' id='word_1_204' title='bbox 576 2427 718 2494; x_wconf 89' lang='lat' dir='ltr'>Ritualis</span> <span class='ocrx_word' id='word_1_205' title='bbox 742 2427 829 2493; x_wconf 89' lang='lat' dir='ltr'>circa</span> <span class='ocrx_word' id='word_1_206' title='bbox 852 2428 1050 2511; x_wconf 90' lang='lat' dir='ltr'>baptismum</span> <span class='ocrx_word' id='word_1_207' title='bbox 1072 2429 1296 2494; x_wconf 89' lang='lat' dir='ltr'>necessitatis:</span> <span class='ocrx_word' id='word_1_208' title='bbox 1325 2428 1378 2507; x_wconf 88' lang='lat' dir='ltr'>,Si</span> <span class='ocrx_word' id='word_1_209' title='bbox 1404 2430 1487 2496; x_wconf 89' lang='lat' dir='ltr'>adsit</span> 
     </span>
     <span class='ocr_line' id='line_1_26' title="bbox 167 2517 1486 2600; baseline 0.002 -18"><span class='ocrx_word' id='word_1_210' title='bbox 167 2517 330 2594; x_wconf 89' lang='lat' dir='ltr'>sacerdos,</span> <span class='ocrx_word' id='word_1_211' title='bbox 355 2517 491 2582; x_wconf 90' lang='lat' dir='ltr'>diacono</span> <span class='ocrx_word' id='word_1_212' title='bbox 514 2517 731 2600; x_wconf 86' lang='lat' dir='ltr'>praeferatur,</span> <span class='ocrx_word' id='word_1_213' title='bbox 756 2517 910 2582; x_wconf 89' lang='lat' dir='ltr'>diaconus</span> <span class='ocrx_word' id='word_1_214' title='bbox 935 2517 1142 2596; x_wconf 88' lang='lat' dir='ltr'>subdiacono,</span> <span class='ocrx_word' id='word_1_215' title='bbox 1168 2517 1304 2583; x_wconf 92' lang='lat' dir='ltr'>clericus</span> <span class='ocrx_word' id='word_1_216' title='bbox 1327 2517 1430 2597; x_wconf 89' lang='lat' dir='ltr'>laico,</span> <span class='ocrx_word' id='word_1_217' title='bbox 1455 2524 1486 2584; x_wconf 90' lang='lat' dir='ltr'>et</span> 
     </span>
     <span class='ocr_line' id='line_1_27' title="bbox 168 2605 1485 2689; baseline 0.004 -21"><span class='ocrx_word' id='word_1_218' title='bbox 168 2606 218 2670; x_wconf 92' lang='lat' dir='ltr'>vir</span> <span class='ocrx_word' id='word_1_219' title='bbox 242 2605 392 2683; x_wconf 90' lang='lat' dir='ltr'>feminae,</span> <span class='ocrx_word' id='word_1_220' title='bbox 418 2610 514 2684; x_wconf 82' lang='lat' dir='ltr'>etc.“;</span> <span class='ocrx_word' id='word_1_221' title='bbox 539 2605 579 2671; x_wconf 91' lang='lat' dir='ltr'>de</span> <span class='ocrx_word' id='word_1_222' title='bbox 603 2627 667 2687; x_wconf 87' lang='lat' dir='ltr'>qua</span> <span class='ocrx_word' id='word_1_223' title='bbox 691 2607 806 2687; x_wconf 88' lang='lat' dir='ltr'>regula</span> <span class='ocrx_word' id='word_1_224' title='bbox 828 2609 923 2671; x_wconf 88' lang='lat' dir='ltr'>not-at</span> <span class='ocrx_word' id='word_1_225' title='bbox 946 2606 978 2673; x_wconf 84' lang='lat' dir='ltr'>S.</span> <span class='ocrx_word' id='word_1_226' title='bbox 1002 2606 1116 2689; x_wconf 83' lang='lat' dir='ltr'>Alph.</span> <span class='ocrx_word' id='word_1_227' title='bbox 1141 2607 1162 2671; x_wconf 94' lang='lat' dir='ltr'>l.</span> <span class='ocrx_word' id='word_1_228' title='bbox 1188 2628 1232 2683; x_wconf 88' lang='lat' dir='ltr'>c.,</span> <span class='ocrx_word' id='word_1_229' title='bbox 1258 2628 1300 2671; x_wconf 85' lang='lat' dir='ltr'>ex</span> <span class='ocrx_word' id='word_1_230' title='bbox 1323 2608 1485 2673; x_wconf 89' lang='lat' dir='ltr'>sententia</span> 
     </span>
     <span class='ocr_line' id='line_1_28' title="bbox 167 2694 1484 2780; baseline 0.003 -22"><span class='ocrx_word' id='word_1_231' title='bbox 167 2694 296 2759; x_wconf 92' lang='lat' dir='ltr'>omnino</span> <span class='ocrx_word' id='word_1_232' title='bbox 320 2695 491 2771; x_wconf 91' lang='lat' dir='ltr'>communi,</span> <span class='ocrx_word' id='word_1_233' title='bbox 516 2715 588 2760; x_wconf 90' lang='lat' dir='ltr'>eam</span> <span class='ocrx_word' id='word_1_234' title='bbox 604 2694 798 2779; x_wconf 88' lang='lat' dir='ltr'>praescripti</span> <span class='ocrx_word' id='word_1_235' title='bbox 814 2695 935 2759; x_wconf 90' lang='lat' dir='ltr'>ordinis</span> <span class='ocrx_word' id='word_1_236' title='bbox 951 2695 1193 2778; x_wconf 90' lang='lat' dir='ltr'>perversionem</span> <span class='ocrx_word' id='word_1_237' title='bbox 1210 2715 1274 2776; x_wconf 90' lang='lat' dir='ltr'>qua</span> <span class='ocrx_word' id='word_1_238' title='bbox 1289 2695 1393 2761; x_wconf 88' lang='lat' dir='ltr'>laicus</span> <span class='ocrx_word' id='word_1_239' title='bbox 1410 2719 1484 2780; x_wconf 91' lang='lat' dir='ltr'>prae</span> 
     </span>
     <span class='ocr_line' id='line_1_29' title="bbox 164 2784 1484 2869; baseline 0.002 -21"><span class='ocrx_word' id='word_1_240' title='bbox 164 2784 335 2849; x_wconf 89' lang='lat' dir='ltr'>sacerdote</span> <span class='ocrx_word' id='word_1_241' title='bbox 365 2784 510 2867; x_wconf 89' lang='lat' dir='ltr'>baptizet</span> <span class='ocrx_word' id='word_1_242' title='bbox 540 2805 612 2848; x_wconf 90' lang='lat' dir='ltr'>esse</span> <span class='ocrx_word' id='word_1_243' title='bbox 646 2793 804 2869; x_wconf 80' lang='lat' dir='ltr'>peccatum</span> <span class='ocrx_word' id='word_1_244' title='bbox 834 2788 983 2850; x_wconf 62' lang='lat' dir='ltr'>modale:</span> <span class='ocrx_word' id='word_1_245' title='bbox 1017 2788 1069 2862; x_wconf 90' lang='lat' dir='ltr'>,et</span> <span class='ocrx_word' id='word_1_246' title='bbox 1099 2784 1171 2849; x_wconf 91' lang='lat' dir='ltr'>ideo</span> <span class='ocrx_word' id='word_1_247' title='bbox 1202 2785 1302 2850; x_wconf 90' lang='lat' dir='ltr'>etiam</span> <span class='ocrx_word' id='word_1_248' title='bbox 1333 2786 1484 2851; x_wconf 86' lang='lat' dir='ltr'>sacerdos</span> 
     </span>
     <span class='ocr_line' id='line_1_30' title="bbox 164 2872 1484 2958; baseline 0.002 -21"><span class='ocrx_word' id='word_1_249' title='bbox 164 2872 314 2957; x_wconf 85' lang='lat' dir='ltr'>graviter</span> <span class='ocrx_word' id='word_1_250' title='bbox 336 2878 506 2956; x_wconf 84' lang='lat' dir='ltr'>peccaret,</span> <span class='ocrx_word' id='word_1_251' title='bbox 538 2873 566 2937; x_wconf 87' lang='lat' dir='ltr'>si</span> <span class='ocrx_word' id='word_1_252' title='bbox 589 2872 672 2938; x_wconf 90' lang='lat' dir='ltr'>laico</span> <span class='ocrx_word' id='word_1_253' title='bbox 697 2873 1011 2939; x_wconf 89' lang='lat' dir='ltr'>administrationem</span> <span class='ocrx_word' id='word_1_254' title='bbox 1043 2874 1203 2939; x_wconf 86' lang='lat' dir='ltr'>cederet.“</span> <span class='ocrx_word' id='word_1_255' title='bbox 1253 2874 1342 2956; x_wconf 84' lang='lat' dir='ltr'>Ergo</span> <span class='ocrx_word' id='word_1_256' title='bbox 1373 2876 1484 2958; x_wconf 85' lang='lat' dir='ltr'>praxis</span> 
     </span>
     <span class='ocr_line' id='line_1_31' title="bbox 164 2961 1483 3045; baseline 0.005 -19"><span class='ocrx_word' id='word_1_257' title='bbox 164 2961 243 3027; x_wconf 85' lang='lat' dir='ltr'>Titii</span> <span class='ocrx_word' id='word_1_258' title='bbox 266 2983 330 3027; x_wconf 91' lang='lat' dir='ltr'>non</span> <span class='ocrx_word' id='word_1_259' title='bbox 353 2966 426 3028; x_wconf 90' lang='lat' dir='ltr'>erat</span> <span class='ocrx_word' id='word_1_260' title='bbox 449 2967 504 3027; x_wconf 91' lang='lat' dir='ltr'>via</span> <span class='ocrx_word' id='word_1_261' title='bbox 528 2962 687 3027; x_wconf 90' lang='lat' dir='ltr'>evadendi</span> <span class='ocrx_word' id='word_1_262' title='bbox 718 2963 775 3027; x_wconf 88' lang='lat' dir='ltr'>sed</span> <span class='ocrx_word' id='word_1_263' title='bbox 805 2962 990 3027; x_wconf 90' lang='lat' dir='ltr'>incurrendi</span> <span class='ocrx_word' id='word_1_264' title='bbox 1025 2963 1152 3045; x_wconf 90' lang='lat' dir='ltr'>peccati</span> <span class='ocrx_word' id='word_1_265' title='bbox 1175 2962 1323 3029; x_wconf 91' lang='lat' dir='ltr'>mortalis</span> <span class='ocrx_word' id='word_1_266' title='bbox 1346 2970 1483 3032; x_wconf 90' lang='lat' dir='ltr'>reatum.</span> 
     </span>
    </p>
   </div>
   <div class='ocr_carea' id='block_1_6' title="bbox 163 3059 1520 3945">
    <p class='ocr_par' dir='ltr' id='par_1_7' title="bbox 163 3059 1520 3945">
     <span class='ocr_line' id='line_1_32' title="bbox 254 3059 1484 3142; baseline 0.002 -17"><span class='ocrx_word' id='word_1_267' title='bbox 254 3060 404 3125; x_wconf 83' lang='lat' dir='ltr'>Ceterum</span> <span class='ocrx_word' id='word_1_268' title='bbox 427 3059 460 3124; x_wconf 93' lang='lat' dir='ltr'>in</span> <span class='ocrx_word' id='word_1_269' title='bbox 483 3063 596 3124; x_wconf 91' lang='lat' dir='ltr'>nostro</span> <span class='ocrx_word' id='word_1_270' title='bbox 627 3081 704 3125; x_wconf 91' lang='lat' dir='ltr'>casu</span> <span class='ocrx_word' id='word_1_271' title='bbox 728 3082 792 3125; x_wconf 90' lang='lat' dir='ltr'>non</span> <span class='ocrx_word' id='word_1_272' title='bbox 823 3060 940 3126; x_wconf 90' lang='lat' dir='ltr'>aderat</span> <span class='ocrx_word' id='word_1_273' title='bbox 969 3065 1065 3126; x_wconf 91' lang='lat' dir='ltr'>tanta</span> <span class='ocrx_word' id='word_1_274' title='bbox 1096 3081 1195 3126; x_wconf 86' lang='lat' dir='ltr'>causa</span> <span class='ocrx_word' id='word_1_275' title='bbox 1225 3061 1404 3142; x_wconf 90' lang='lat' dir='ltr'>quaerendi</span> <span class='ocrx_word' id='word_1_276' title='bbox 1427 3062 1484 3127; x_wconf 88' lang='lat' dir='ltr'>hoc</span> 
     </span>
     <span class='ocr_line' id='line_1_33' title="bbox 165 3149 1483 3232; baseline 0.003 -19"><span class='ocrx_word' id='word_1_277' title='bbox 165 3149 338 3231; x_wconf 86' lang='lat' dir='ltr'>effugium,</span> <span class='ocrx_word' id='word_1_278' title='bbox 363 3169 427 3230; x_wconf 88' lang='lat' dir='ltr'>quo</span> <span class='ocrx_word' id='word_1_279' title='bbox 451 3149 634 3215; x_wconf 89' lang='lat' dir='ltr'>evitaretur</span> <span class='ocrx_word' id='word_1_280' title='bbox 656 3153 826 3232; x_wconf 90' lang='lat' dir='ltr'>peccatum</span> <span class='ocrx_word' id='word_1_281' title='bbox 850 3170 963 3231; x_wconf 84' lang='lat' dir='ltr'>grave.</span> <span class='ocrx_word' id='word_1_282' title='bbox 1006 3149 1139 3214; x_wconf 91' lang='lat' dir='ltr'>Minime</span> <span class='ocrx_word' id='word_1_283' title='bbox 1163 3149 1248 3214; x_wconf 92' lang='lat' dir='ltr'>enim</span> <span class='ocrx_word' id='word_1_284' title='bbox 1273 3155 1406 3217; x_wconf 88' lang='lat' dir='ltr'>constat</span> <span class='ocrx_word' id='word_1_285' title='bbox 1428 3152 1483 3216; x_wconf 92' lang='lat' dir='ltr'>ad·</span> 
     </span>
     <span class='ocr_line' id='line_1_34' title="bbox 164 3237 1484 3324; baseline 0.002 -22"><span class='ocrx_word' id='word_1_286' title='bbox 164 3237 344 3304; x_wconf 88' lang='lat' dir='ltr'>ministrari</span> <span class='ocrx_word' id='word_1_287' title='bbox 368 3237 566 3322; x_wconf 87' lang='lat' dir='ltr'>baptismum</span> <span class='ocrx_word' id='word_1_288' title='bbox 590 3238 754 3321; x_wconf 87' lang='lat' dir='ltr'>privatum</span> <span class='ocrx_word' id='word_1_289' title='bbox 778 3239 985 3304; x_wconf 89' lang='lat' dir='ltr'>necessitatis</span> <span class='ocrx_word' id='word_1_290' title='bbox 1009 3240 1050 3303; x_wconf 90' lang='lat' dir='ltr'>ab</span> <span class='ocrx_word' id='word_1_291' title='bbox 1074 3260 1129 3314; x_wconf 90' lang='lat' dir='ltr'>ec,</span> <span class='ocrx_word' id='word_1_292' title='bbox 1161 3238 1216 3320; x_wconf 88' lang='lat' dir='ltr'>qui</span> <span class='ocrx_word' id='word_1_293' title='bbox 1239 3238 1272 3303; x_wconf 92' lang='lat' dir='ltr'>in</span> <span class='ocrx_word' id='word_1_294' title='bbox 1295 3243 1388 3304; x_wconf 89' lang='lat' dir='ltr'>statu</span> <span class='ocrx_word' id='word_1_295' title='bbox 1411 3261 1484 3324; x_wconf 90' lang='lat' dir='ltr'>pec·</span> 
     </span>
     <span class='ocr_line' id='line_1_35' title="bbox 164 3327 1482 3411; baseline 0.002 -20"><span class='ocrx_word' id='word_1_296' title='bbox 164 3327 230 3392; x_wconf 89' lang='lat' dir='ltr'>cati</span> <span class='ocrx_word' id='word_1_297' title='bbox 254 3332 322 3404; x_wconf 89' lang='lat' dir='ltr'>est,</span> <span class='ocrx_word' id='word_1_298' title='bbox 354 3348 426 3393; x_wconf 90' lang='lat' dir='ltr'>esse</span> <span class='ocrx_word' id='word_1_299' title='bbox 450 3348 551 3392; x_wconf 86' lang='lat' dir='ltr'>exse</span> <span class='ocrx_word' id='word_1_300' title='bbox 575 3348 695 3392; x_wconf 92' lang='lat' dir='ltr'>novum</span> <span class='ocrx_word' id='word_1_301' title='bbox 718 3332 888 3411; x_wconf 88' lang='lat' dir='ltr'>peccatum</span> <span class='ocrx_word' id='word_1_302' title='bbox 913 3349 1026 3409; x_wconf 89' lang='lat' dir='ltr'>grave.</span> <span class='ocrx_word' id='word_1_303' title='bbox 1073 3329 1183 3408; x_wconf 85' lang='lat' dir='ltr'>Atque</span> <span class='ocrx_word' id='word_1_304' title='bbox 1213 3327 1246 3391; x_wconf 93' lang='lat' dir='ltr'>in</span> <span class='ocrx_word' id='word_1_305' title='bbox 1271 3328 1333 3393; x_wconf 91' lang='lat' dir='ltr'>hac</span> <span class='ocrx_word' id='word_1_306' title='bbox 1356 3350 1393 3394; x_wconf 92' lang='lat' dir='ltr'>re</span> <span class='ocrx_word' id='word_1_307' title='bbox 1416 3334 1482 3395; x_wconf 91' lang='lat' dir='ltr'>tum</span> 
     </span>
     <span class='ocr_line' id='line_1_36' title="bbox 164 3415 1482 3500; baseline 0.002 -20"><span class='ocrx_word' id='word_1_308' title='bbox 164 3415 270 3482; x_wconf 88' lang='lat' dir='ltr'>Titius</span> <span class='ocrx_word' id='word_1_309' title='bbox 294 3421 363 3482; x_wconf 90' lang='lat' dir='ltr'>tum</span> <span class='ocrx_word' id='word_1_310' title='bbox 386 3415 557 3498; x_wconf 88' lang='lat' dir='ltr'>chirurgus</span> <span class='ocrx_word' id='word_1_311' title='bbox 586 3417 618 3480; x_wconf 92' lang='lat' dir='ltr'>in</span> <span class='ocrx_word' id='word_1_312' title='bbox 644 3416 773 3498; x_wconf 86' lang='lat' dir='ltr'>aequali</span> <span class='ocrx_word' id='word_1_313' title='bbox 803 3416 990 3481; x_wconf 90' lang='lat' dir='ltr'>condicione</span> <span class='ocrx_word' id='word_1_314' title='bbox 1020 3417 1233 3500; x_wconf 89' lang='lat' dir='ltr'>probabiliter</span> <span class='ocrx_word' id='word_1_315' title='bbox 1257 3418 1482 3484; x_wconf 89' lang='lat' dir='ltr'>versabantur.</span> 
     </span>
     <span class='ocr_line' id='line_1_37' title="bbox 163 3505 1481 3592; baseline 0.002 -23"><span class='ocrx_word' id='word_1_316' title='bbox 163 3505 301 3571; x_wconf 86' lang='lat' dir='ltr'>Frustra</span> <span class='ocrx_word' id='word_1_317' title='bbox 331 3505 433 3588; x_wconf 88' lang='lat' dir='ltr'>igitur</span> <span class='ocrx_word' id='word_1_318' title='bbox 465 3505 636 3587; x_wconf 85' lang='lat' dir='ltr'>chirurgus</span> <span class='ocrx_word' id='word_1_319' title='bbox 671 3506 920 3589; x_wconf 87' lang='lat' dir='ltr'>praeferebatur</span> <span class='ocrx_word' id='word_1_320' title='bbox 952 3505 1048 3572; x_wconf 85' lang='lat' dir='ltr'>Titio.</span> <span class='ocrx_word' id='word_1_321' title='bbox 1102 3505 1265 3570; x_wconf 89' lang='lat' dir='ltr'>Nimirum</span> <span class='ocrx_word' id='word_1_322' title='bbox 1298 3506 1330 3573; x_wconf 85' lang='lat' dir='ltr'>S.</span> <span class='ocrx_word' id='word_1_323' title='bbox 1364 3507 1481 3592; x_wconf 88' lang='lat' dir='ltr'>Alph.</span> 
     </span>
     <span class='ocr_line' id='line_1_38' title="bbox 163 3593 1483 3678; baseline 0.002 -21"><span class='ocrx_word' id='word_1_324' title='bbox 163 3593 184 3660; x_wconf 94' lang='lat' dir='ltr'>l.</span> <span class='ocrx_word' id='word_1_325' title='bbox 209 3617 236 3660; x_wconf 87' lang='lat' dir='ltr'>o.</span> <span class='ocrx_word' id='word_1_326' title='bbox 260 3617 290 3660; x_wconf 92' lang='lat' dir='ltr'>n.</span> <span class='ocrx_word' id='word_1_327' title='bbox 315 3598 357 3659; x_wconf 83' lang='lat'>32</span> <span class='ocrx_word' id='word_1_328' title='bbox 382 3595 528 3678; x_wconf 89' lang='lat' dir='ltr'>praefert</span> <span class='ocrx_word' id='word_1_329' title='bbox 551 3594 680 3676; x_wconf 88' lang='lat' dir='ltr'>quidem</span> <span class='ocrx_word' id='word_1_330' title='bbox 704 3594 904 3678; x_wconf 86' lang='lat' dir='ltr'>opinionem,</span> <span class='ocrx_word' id='word_1_331' title='bbox 929 3616 1013 3676; x_wconf 90' lang='lat' dir='ltr'>quae</span> <span class='ocrx_word' id='word_1_332' title='bbox 1036 3599 1129 3660; x_wconf 89' lang='lat' dir='ltr'>tenet</span> <span class='ocrx_word' id='word_1_333' title='bbox 1152 3594 1312 3660; x_wconf 90' lang='lat' dir='ltr'>obiective</span> <span class='ocrx_word' id='word_1_334' title='bbox 1336 3597 1483 3677; x_wconf 86' lang='lat' dir='ltr'>graviter</span> 
     </span>
     <span class='ocr_line' id='line_1_39' title="bbox 163 3683 1483 3767; baseline 0.001 -19"><span class='ocrx_word' id='word_1_335' title='bbox 163 3684 291 3767; x_wconf 89' lang='lat' dir='ltr'>peccari</span> <span class='ocrx_word' id='word_1_336' title='bbox 315 3684 384 3749; x_wconf 88' lang='lat' dir='ltr'>aive</span> <span class='ocrx_word' id='word_1_337' title='bbox 409 3705 429 3748; x_wconf 90' lang='lat' dir='ltr'>a</span> <span class='ocrx_word' id='word_1_338' title='bbox 452 3683 535 3748; x_wconf 92' lang='lat' dir='ltr'>laico</span> <span class='ocrx_word' id='word_1_339' title='bbox 559 3684 630 3748; x_wconf 87' lang='lat' dir='ltr'>sive</span> <span class='ocrx_word' id='word_1_340' title='bbox 653 3705 673 3749; x_wconf 89' lang='lat' dir='ltr'>a</span> <span class='ocrx_word' id='word_1_341' title='bbox 697 3685 884 3761; x_wconf 87' lang='lat' dir='ltr'>sacerdote,</span> <span class='ocrx_word' id='word_1_342' title='bbox 916 3683 1025 3766; x_wconf 92' lang='lat' dir='ltr'>quiin</span> <span class='ocrx_word' id='word_1_343' title='bbox 1049 3689 1138 3749; x_wconf 91' lang='lat' dir='ltr'>statu</span> <span class='ocrx_word' id='word_1_344' title='bbox 1170 3684 1297 3767; x_wconf 90' lang='lat' dir='ltr'>peccati</span> <span class='ocrx_word' id='word_1_345' title='bbox 1321 3686 1483 3752; x_wconf 84' lang='lat' dir='ltr'>exsistens</span> 
     </span>
     <span class='ocr_line' id='line_1_40' title="bbox 164 3772 1520 3856; baseline 0.003 -20"><span class='ocrx_word' id='word_1_346' title='bbox 164 3773 360 3856; x_wconf 89' lang='lat' dir='ltr'>baptismum</span> <span class='ocrx_word' id='word_1_347' title='bbox 385 3773 484 3838; x_wconf 91' lang='lat' dir='ltr'>etiam</span> <span class='ocrx_word' id='word_1_348' title='bbox 509 3773 673 3856; x_wconf 89' lang='lat' dir='ltr'>privatum</span> <span class='ocrx_word' id='word_1_349' title='bbox 696 3776 825 3838; x_wconf 89' lang='lat' dir='ltr'>tantum</span> <span class='ocrx_word' id='word_1_350' title='bbox 850 3773 1014 3850; x_wconf 89' lang='lat' dir='ltr'>conferat;</span> <span class='ocrx_word' id='word_1_351' title='bbox 1043 3794 1156 3838; x_wconf 89' lang='lat' dir='ltr'>verum</span> <span class='ocrx_word' id='word_1_352' title='bbox 1180 3772 1382 3856; x_wconf 91' lang='lat' dir='ltr'>probabilem</span> <span class='ocrx_word' id='word_1_353' title='bbox 1408 3774 1483 3840; x_wconf 91' lang='lat' dir='ltr'>dicit</span> <span class='ocrx_word' id='word_1_354' title='bbox 1518 3788 1520 3831; x_wconf 80' lang='grc' dir='ltr'>ἰ</span> 
     </span>
     <span class='ocr_line' id='line_1_41' title="bbox 164 3862 1483 3945; baseline 0.002 -19"><span class='ocrx_word' id='word_1_355' title='bbox 164 3863 360 3927; x_wconf 87' lang='lat' dir='ltr'>contrariam</span> <span class='ocrx_word' id='word_1_356' title='bbox 397 3862 604 3928; x_wconf 88' lang='lat' dir='ltr'>sententiam.</span> <span class='ocrx_word' id='word_1_357' title='bbox 651 3862 754 3939; x_wconf 86' lang='lat' dir='ltr'>Quam</span> <span class='ocrx_word' id='word_1_358' title='bbox 787 3862 1002 3937; x_wconf 88' lang='lat' dir='ltr'>sententiam,</span> <span class='ocrx_word' id='word_1_359' title='bbox 1039 3884 1122 3945; x_wconf 89' lang='lat' dir='ltr'>quae</span> <span class='ocrx_word' id='word_1_360' title='bbox 1158 3868 1209 3928; x_wconf 89' lang='lat' dir='ltr'>est</span> <span class='ocrx_word' id='word_1_361' title='bbox 1244 3862 1275 3927; x_wconf 86' lang='lat' dir='ltr'>S.</span> <span class='ocrx_word' id='word_1_362' title='bbox 1307 3862 1483 3929; x_wconf 81' lang='lat' dir='ltr'>Thomas</span> 
     </span>
    </p>
   </div>
   <div class='ocr_carea' id='block_1_7' title="bbox 59 3951 1520 4034">
    <p class='ocr_par' dir='ltr' id='par_1_8' title="bbox 59 3951 1520 4034">
     <span class='ocr_line' id='line_1_42' title="bbox 59 3951 1520 4034; baseline 0.002 -19"><span class='ocrx_word' id='word_1_363' title='bbox 59 3983 60 3991; x_wconf 67' lang='lat'><strong>.</strong></span> <span class='ocrx_word' id='word_1_364' title='bbox 163 3951 406 4033; x_wconf 71' lang='lat' dir='ltr'>aquinatis,</span> <span class='ocrx_word' id='word_1_365' title='bbox 438 3972 518 4016; x_wconf 92' lang='lat' dir='ltr'>sane</span> <span class='ocrx_word' id='word_1_366' title='bbox 542 3956 676 4034; x_wconf 91' lang='lat' dir='ltr'>propter</span> <span class='ocrx_word' id='word_1_367' title='bbox 699 3951 802 4016; x_wconf 91' lang='lat' dir='ltr'>solam</span> <span class='ocrx_word' id='word_1_368' title='bbox 826 3951 1059 4018; x_wconf 86' lang='lat' dir='ltr'>auctoritatem</span> <span class='ocrx_word' id='word_1_369' title='bbox 1082 3951 1188 4016; x_wconf 85' lang='lat' dir='ltr'>Titius</span> <span class='ocrx_word' id='word_1_370' title='bbox 1218 3952 1362 4033; x_wconf 87' lang='lat' dir='ltr'>practice</span> <span class='ocrx_word' id='word_1_371' title='bbox 1393 3974 1483 4018; x_wconf 88' lang='lat' dir='ltr'>assu·</span> <span class='ocrx_word' id='word_1_372' title='bbox 1516 3958 1520 3993; x_wconf 52' lang='grc' dir='ltr'><em>ἕ</em></span> 
     </span>
    </p>
   </div>
   <div class='ocr_carea' id='block_1_8' title="bbox 118 4537 151 4589">
    <p class='ocr_par' dir='ltr' id='par_1_9' title="bbox 118 4537 151 4589">
     <span class='ocr_line' id='line_1_43' title="bbox 118 4537 151 4589; baseline 0.03 -1"><span class='ocrx_word' id='word_1_373' title='bbox 118 4537 151 4589; x_wconf 85' lang='grc'>26</span> 
     </span>
    </p>
   </div>
   <div class='ocr_carea' id='block_1_9' title="bbox 161 4039 1520 4480">
    <p class='ocr_par' dir='ltr' id='par_1_10' title="bbox 161 4039 1520 4480">
     <span class='ocr_line' id='line_1_44' title="bbox 163 4039 1520 4124; baseline -0.003 -20"><span class='ocrx_word' id='word_1_374' title='bbox 163 4061 252 4105; x_wconf 90' lang='lat' dir='ltr'>mere</span> <span class='ocrx_word' id='word_1_375' title='bbox 269 4040 384 4124; x_wconf 91' lang='lat' dir='ltr'>potuit.</span> <span class='ocrx_word' id='word_1_376' title='bbox 418 4040 528 4105; x_wconf 91' lang='lat' dir='ltr'>Verba</span> <span class='ocrx_word' id='word_1_377' title='bbox 541 4040 692 4106; x_wconf 88' lang='lat' dir='ltr'>Doctoris</span> <span class='ocrx_word' id='word_1_378' title='bbox 709 4039 858 4121; x_wconf 84' lang='lat' dir='ltr'>Angelici</span> <span class='ocrx_word' id='word_1_379' title='bbox 874 4045 951 4105; x_wconf 88' lang='lat' dir='ltr'>sunt</span> <span class='ocrx_word' id='word_1_380' title='bbox 966 4040 1047 4105; x_wconf 86' lang='lat' dir='ltr'>haec</span> <span class='ocrx_word' id='word_1_381' title='bbox 1064 4039 1209 4118; x_wconf 83' lang='lat' dir='ltr'>(Summo</span> <span class='ocrx_word' id='word_1_382' title='bbox 1226 4043 1314 4106; x_wconf 82' lang='lat' dir='ltr'>theol.</span> <span class='ocrx_word' id='word_1_383' title='bbox 1333 4045 1363 4118; x_wconf 89' lang='grc'>3,</span> <span class='ocrx_word' id='word_1_384' title='bbox 1382 4063 1414 4124; x_wconf 88' lang='lat' dir='ltr'>q.</span> <span class='ocrx_word' id='word_1_385' title='bbox 1432 4045 1481 4119; x_wconf 76' lang='lat'>64,</span> <span class='ocrx_word' id='word_1_386' title='bbox 1517 4046 1520 4100; x_wconf 71' lang='grc' dir='ltr'>ἐ</span> 
     </span>
     <span class='ocr_line' id='line_1_45' title="bbox 163 4127 1519 4216; baseline 0.002 -22"><span class='ocrx_word' id='word_1_387' title='bbox 163 4150 192 4195; x_wconf 91' lang='lat' dir='ltr'>a.</span> <span class='ocrx_word' id='word_1_388' title='bbox 219 4133 254 4206; x_wconf 88' lang='lat'>6,</span> <span class='ocrx_word' id='word_1_389' title='bbox 281 4130 322 4194; x_wconf 90' lang='lat' dir='ltr'>ad</span> <span class='ocrx_word' id='word_1_390' title='bbox 347 4130 396 4210; x_wconf 86' lang='lat'>3):</span> <span class='ocrx_word' id='word_1_391' title='bbox 428 4130 481 4206; x_wconf 92' lang='lat' dir='ltr'>,ln</span> <span class='ocrx_word' id='word_1_392' title='bbox 505 4129 643 4194; x_wconf 88' lang='lat' dir='ltr'>articulo</span> <span class='ocrx_word' id='word_1_393' title='bbox 667 4133 777 4194; x_wconf 88' lang='lat' dir='ltr'>tamen</span> <span class='ocrx_word' id='word_1_394' title='bbox 802 4130 1009 4195; x_wconf 85' lang='lat' dir='ltr'>necessitatis</span> <span class='ocrx_word' id='word_1_395' title='bbox 1032 4151 1098 4193; x_wconf 90' lang='lat' dir='ltr'>non</span> <span class='ocrx_word' id='word_1_396' title='bbox 1120 4135 1275 4213; x_wconf 89' lang='lat' dir='ltr'>peccaret</span> <span class='ocrx_word' id='word_1_397' title='bbox 1300 4127 1482 4216; x_wconf 86' lang='lat' dir='ltr'>[sacerdos]</span> <span class='ocrx_word' id='word_1_398' title='bbox 1516 4168 1519 4173; x_wconf 94' lang='lat'>·</span> 
     </span>
     <span class='ocr_line' id='line_1_46' title="bbox 162 4218 1481 4304; baseline 0.004 -22"><span class='ocrx_word' id='word_1_399' title='bbox 162 4218 357 4302; x_wconf 89' lang='lat' dir='ltr'>baptizando</span> <span class='ocrx_word' id='word_1_400' title='bbox 381 4221 416 4283; x_wconf 81' lang='lat' dir='ltr'>ia</span> <span class='ocrx_word' id='word_1_401' title='bbox 440 4241 515 4283; x_wconf 84' lang='lat' dir='ltr'>cusu</span> <span class='ocrx_word' id='word_1_402' title='bbox 534 4223 566 4282; x_wconf 84' lang='lat' dir='ltr'>in</span> <span class='ocrx_word' id='word_1_403' title='bbox 583 4242 642 4304; x_wconf 81' lang='lat' dir='ltr'>quo</span> <span class='ocrx_word' id='word_1_404' title='bbox 660 4221 752 4282; x_wconf 82' lang='lat' dir='ltr'>etium</span> <span class='ocrx_word' id='word_1_405' title='bbox 768 4227 868 4303; x_wconf 83' lang='lat' dir='ltr'>posset</span> <span class='ocrx_word' id='word_1_406' title='bbox 892 4222 992 4284; x_wconf 84' lang='lat' dir='ltr'>laicus</span> <span class='ocrx_word' id='word_1_407' title='bbox 1009 4221 1173 4302; x_wconf 71' lang='lat' dir='ltr'>baptizare</span> <span class='ocrx_word' id='word_1_408' title='bbox 1180 4242 1193 4298; x_wconf 88' lang='lat'>,·</span> <span class='ocrx_word' id='word_1_409' title='bbox 1215 4219 1262 4283; x_wconf 90' lang='lat' dir='ltr'>sic</span> <span class='ocrx_word' id='word_1_410' title='bbox 1278 4219 1363 4283; x_wconf 93' lang='lat' dir='ltr'>enim</span> <span class='ocrx_word' id='word_1_411' title='bbox 1381 4224 1481 4303; x_wconf 87' lang='lat' dir='ltr'>patet,</span> 
     </span>
     <span class='ocr_line' id='line_1_47' title="bbox 163 4307 1482 4387; baseline 0.002 -16"><span class='ocrx_word' id='word_1_412' title='bbox 163 4310 247 4387; x_wconf 88' lang='lat' dir='ltr'>quod</span> <span class='ocrx_word' id='word_1_413' title='bbox 272 4330 336 4372; x_wconf 92' lang='lat' dir='ltr'>non</span> <span class='ocrx_word' id='word_1_414' title='bbox 359 4329 394 4373; x_wconf 92' lang='lat' dir='ltr'>se</span> <span class='ocrx_word' id='word_1_415' title='bbox 418 4308 588 4373; x_wconf 84' lang='lat' dir='ltr'>exhiberet</span> <span class='ocrx_word' id='word_1_416' title='bbox 611 4308 795 4372; x_wconf 90' lang='lat' dir='ltr'>ministrum</span> <span class='ocrx_word' id='word_1_417' title='bbox 818 4308 1002 4384; x_wconf 86' lang='lat' dir='ltr'>Ecclesiae,</span> <span class='ocrx_word' id='word_1_418' title='bbox 1034 4309 1090 4371; x_wconf 88' lang='lat' dir='ltr'>sed</span> <span class='ocrx_word' id='word_1_419' title='bbox 1121 4307 1311 4374; x_wconf 90' lang='lat' dir='ltr'>subveniret</span> <span class='ocrx_word' id='word_1_420' title='bbox 1342 4310 1482 4376; x_wconf 90' lang='lat' dir='ltr'>necessi·</span> 
     </span>
     <span class='ocr_line' id='line_1_48' title="bbox 161 4397 457 4480; baseline -0.007 -18"><span class='ocrx_word' id='word_1_421' title='bbox 161 4402 265 4463; x_wconf 86' lang='lat' dir='ltr'>tatem</span> <span class='ocrx_word' id='word_1_422' title='bbox 289 4397 457 4480; x_wconf 83' lang='lat' dir='ltr'>patienti.“</span> 
     </span>
    </p>
   </div>
   <div class='ocr_carea' id='block_1_10' title="bbox 250 4519 1520 4710">
    <p class='ocr_par' dir='ltr' id='par_1_11' title="bbox 250 4519 1520 4710">
     <span class='ocr_line' id='line_1_49' title="bbox 251 4519 1319 4604; baseline 0.001 -21"><span class='ocrx_word' id='word_1_423' title='bbox 251 4521 302 4583; x_wconf 83' lang='lat' dir='ltr'>An</span> <span class='ocrx_word' id='word_1_424' title='bbox 326 4542 516 4595; x_wconf 76' lang='lat' dir='ltr'>ouansrrun</span> <span class='ocrx_word' id='word_1_425' title='bbox 541 4524 579 4584; x_wconf 74' lang='lat'>3¹¹²</span> <span class='ocrx_word' id='word_1_426' title='bbox 604 4542 644 4585; x_wconf 90' lang='lat' dir='ltr'>ex</span> <span class='ocrx_word' id='word_1_427' title='bbox 669 4519 763 4585; x_wconf 88' lang='lat' dir='ltr'>dictis</span> <span class='ocrx_word' id='word_1_428' title='bbox 786 4525 879 4604; x_wconf 89' lang='lat' dir='ltr'>patet</span> <span class='ocrx_word' id='word_1_429' title='bbox 903 4542 1103 4604; x_wconf 88' lang='lat' dir='ltr'>responsum.</span> <span class='ocrx_word' id='word_1_430' title='bbox 1152 4520 1319 4586; x_wconf 89' lang='lat' dir='ltr'>Breviter:</span> 
     </span>
     <span class='ocr_line' id='line_1_50' title="bbox 250 4627 1520 4710; baseline 0.005 -20"><span class='ocrx_word' id='word_1_431' title='bbox 250 4627 288 4693; x_wconf 82' lang='lat' dir='ltr'>u.</span> <span class='ocrx_word' id='word_1_432' title='bbox 316 4631 343 4692; x_wconf 92' lang='grc'>1.</span> <span class='ocrx_word' id='word_1_433' title='bbox 368 4628 470 4693; x_wconf 80' lang='lat' dir='ltr'>Caute</span> <span class='ocrx_word' id='word_1_434' title='bbox 493 4628 595 4704; x_wconf 87' lang='lat' dir='ltr'>vivat,</span> <span class='ocrx_word' id='word_1_435' title='bbox 620 4648 660 4691; x_wconf 93' lang='lat' dir='ltr'>ne</span> <span class='ocrx_word' id='word_1_436' title='bbox 684 4649 837 4708; x_wconf 87' lang='lat' dir='ltr'>umquam</span> <span class='ocrx_word' id='word_1_437' title='bbox 861 4627 986 4692; x_wconf 88' lang='lat' dir='ltr'>recidat</span> <span class='ocrx_word' id='word_1_438' title='bbox 1009 4628 1041 4691; x_wconf 95' lang='lat' dir='ltr'>in</span> <span class='ocrx_word' id='word_1_439' title='bbox 1065 4632 1235 4710; x_wconf 90' lang='lat' dir='ltr'>peccatum</span> <span class='ocrx_word' id='word_1_440' title='bbox 1258 4630 1412 4698; x_wconf 88' lang='lat' dir='ltr'>mortale.</span> <span class='ocrx_word' id='word_1_441' title='bbox 1517 4636 1520 4645; x_wconf 63' lang='lat'><em>⁴</em></span> 
     </span>
    </p>
   </div>
   <div class='ocr_carea' id='block_1_11' title="bbox 0 0 1526 5174">
    <p class='ocr_par' dir='ltr' id='par_1_12' title="bbox 0 0 1526 5174">
     <span class='ocr_line' id='line_1_51' title="bbox 0 0 1526 5174; baseline 0 3"><span class='ocrx_word' id='word_1_442' title='bbox 0 0 1526 5174; x_wconf 95' lang='lat' dir='ltr'> </span> 
     </span>
    </p>
   </div>
  </div>
 </body>
</html>
