3044 5174
486 288 577 343 Onera
594 303 717 342 annua:
736 286 854 343 Venatio
872 285 1015 357 prohibita.
1347 289 1412 352 445

85 461 250 530 dictarum
288 462 512 547 suspensionis
550 467 585 530 et
626 463 843 530 inhabilitatis
876 483 1005 548 poenas
1042 483 1102 546 par
1138 462 1303 529 biennium
1342 463 1412 546 ipso

84 551 176 618 iacto
208 552 419 618 incurrant⁴⁸z
451 551 535 634 (9911.
559 552 672 618 Abbas
700 573 722 617 a
751 552 980 619 beneficiorum
1011 552 1203 631 collatione,
1234 552 1323 636 prior
1352 553 1413 617 sub

84 640 207 707 abbate
231 641 273 708 ab
303 640 587 708 administratione
616 640 879 724 suspensionem
912 641 966 725 qui
997 640 1314 708 administrationem
1348 662 1412 706 non

84 730 203 809 habet,
235 729 476 797 inhabilitatem
506 731 548 796 ad
579 729 895 797 administrationem
920 736 955 798 et
977 731 1020 796 ad
1042 731 1233 798 beneficium
1257 730 1412 796 ecclesia·

84 819 230 903 sticum).

180 925 272 994 Tau.
295 925 317 992 1.
334 945 361 991 9.
378 925 515 1008 loquens
531 924 572 992 de
587 926 747 1008 promotis
763 925 805 991 ad
821 925 1000 1008 dignitates
1022 933 1057 993 et
1073 925 1284 993 canonicatus
1300 925 1411 992 cathe-

85 1013 227 1083 dralium
256 1013 485 1092 ecclesiarum,
516 1013 550 1081 in
579 1013 769 1081 memoriam
793 1016 957 1082 revocatis
981 1015 1120 1082 diversis
1143 1035 1254 1081 eorum
1284 1013 1410 1094 officiis,

83 1103 172 1171 inter
196 1103 263 1171 alia
285 1102 381 1169 dicit:
410 1102 469 1181 ,ab
492 1102 615 1172 illicitis
639 1103 885 1182 venationibus,
910 1104 1073 1190 aucupiis,
1098 1103 1242 1183 choreis,
1267 1105 1412 1171 tabernis

83 1193 275 1275 lusibusqne
297 1191 515 1261 abstineant.“

174 1299 214 1366 lt
239 1300 270 1364 2.
317 1297 558 1365 Prohibitiones
579 1298 657 1366 illae
687 1298 932 1382 restringuntur
961 1300 1003 1365 ad
1027 1300 1235 1366 venationem
1260 1304 1412 1366 clamoro-

83 1410 153 1454 sum
178 1408 265 1470 quae
294 1408 369 1454 cunr
398 1389 540 1472 strepitu
563 1409 620 1454 seu
648 1389 769 1466 ,multo
800 1392 900 1456 cene“
934 1395 1124 1466 exercetur,
1157 1410 1222 1454 non
1246 1391 1288 1455 ad
1311 1410 1412 1456 vena·

82 1477 208 1651 tprgtrplenrln
241 1476 406 1560 quietam,
439 1498 545 1562 neque
576 1477 604 1544 si
637 1499 721 1544 uuus
752 1478 881 1546 alterve
913 1478 1004 1544 cauis
1035 1478 1210 1546 adhibetur
1241 1479 1294 1545 991
1328 1478 1412 1544 9919-

174 1673 215 1739 11.
240 1675 271 1740 3.
303 1673 405 1739 lmmo
428 1671 534 1756 ipsam
557 1673 765 1740 venationem
790 1674 1015 1753 clamorosam,
1040 1673 1102 1739 nisi
1125 1673 1329 1757 frequentius
1352 1674 1412 1740 ha·

82 1762 203 1829 beatur
225 1761 281 1828 991
303 1782 376 1827 cum
400 1761 555 1826 scandalo
579 1761 753 1828 coniuncta
775 1762 828 1839 sit,
854 1763 886 1829 S.
903 1762 1020 1847 Alph.
1038 1763 1096 1838 111,
1122 1765 1185 1828 606
1210 1766 1322 1828 999991
1345 1764 1411 1828 919·

83 1849 154 1917 1199
177 1871 243 1917 999
267 1871 340 1916 sese
362 1853 534 1934 peccatum
558 1851 715 1924 mortale;
740 1871 846 1933 neque
868 1851 948 1934 ipsis
970 1851 1152 1933 religiosis,
1176 1851 1240 1918 9191
1263 1853 1411 1918 strictius

82 1939 220 2006 venatio
242 1939 465 2023 prohibeatur,
490 1960 562 2006 eam
586 1939 683 2006 facile
707 1961 780 2006 9999
803 1941 943 2006 mortale
965 1944 1146 2025 peccatum.

174 2046 214 2114 R.
239 2048 270 2114 4.
316 2045 535 2112 Nihilominus
558 2047 650 2129 leges
673 2046 886 2113 dioecesanae
910 2046 971 2111 hac
994 2047 1027 2111 in
1050 2066 1095 2125 19,
1120 2046 1147 2112 91
1172 2051 1315 2126 exstant,
1340 2069 1410 2113 ser-

83 2134 157 2200 vari
182 2134 312 2213 debent,
336 2156 410 2201 cum
434 2134 607 2220 episeopus
629 2156 816 2203 communes
839 2135 930 2218 leges
946 2155 1074 2219 urgere,
1098 2135 1197 2202 immo
1213 2156 1270 2201 eas
1294 2142 1409 2203 exten·

84 2223 165 2289 dere
189 2227 225 2290 et
247 2243 370 2307 angere
393 2224 507 2308 possit.
559 2226 616 2292 Tb.
640 2249 680 2293 m.
705 2226 746 2303 11,
771 2227 846 2291 615.

173 2347 227 2412 An
250 2366 442 2423 ousrsrrnu
466 2347 567 2415 911.
594 2352 622 2414 l.
670 2349 822 2434 Suppono
845 2349 937 2432 leges
960 2347 1171 2414 dioecesanas
1193 2349 1410 2432 particulares
1420 2361 1471 2414 776

80 2436 145 2502 1199
168 2436 202 2501 in
224 2457 261 2501 19
284 2457 350 2501 non
373 2436 551 2514 exsistere;
575 2437 720 2521 alioquin
742 2438 862 2505 Fabius
886 2439 1020 2522 eiusque
1044 2437 1162 2522 agendi
1186 2438 1271 2503 ratio
1295 2438 1410 2502 diiudi-

81 2526 152 2592 cari
176 2525 297 2592 debent
320 2546 363 2592 ex
384 2525 513 2613 legibus
536 2526 747 2593 dioecesanis.

173 2632 212 2700 R.
237 2636 268 2698 2.
314 2634 422 2700 Aliter
445 2638 565 2709 autem,
590 2635 618 2699 si
641 2639 754 2701 inultos
778 2656 876 2701 canes
899 2634 972 2712 alit,
996 2634 1079 2701 satis
1102 2632 1294 2701 manifestat
1317 2656 1408 2700 suam

80 2721 297 2788 intentionem
326 2722 527 2807 frequentius
557 2745 631 2789 cum
660 2727 769 2790 9991119
798 2724 931 2791 cunibus
962 2722 1153 2792 instituendi
1184 2723 1408 2790 venationem:

81 2831 169 2894 quae
192 2831 245 2876 199
269 2830 341 2875 99111
364 2810 513 2894 graviter
534 2811 700 2898 prohibita
723 2812 777 2891 sit,
801 2812 1315 2897 31991191919111111199919119111
1339 2814 1408 2879 9199

80 2899 222 2966 19199119
239 2904 273 2967 91
287 2901 507 2985 praeparatio.
540 2900 669 2968 sivero
692 2901 818 2983 aliquot
839 2905 969 2968 tantum
993 2922 1091 2967 canes
1108 2901 1276 2968 venaticos
1299 2903 1407 2979 habet,

82 2989 137 3071 qui
161 2987 223 3053 soli
245 3009 310 3054 uon
333 2989 500 3055 sufficiant
523 2988 565 3054 ad
588 2990 823 3056 instituendam
854 2990 1068 3056 clamorosam
1093 2990 1299 3056 venationem
1331 3011 1407 3072 gra-

81 3079 170 3145 viter
193 3077 408 3161 prohibitam:
440 3100 496 3144 eos
528 3100 626 3144 canes
657 3079 745 3144 alere
769 3078 875 3144 minus
906 3079 1006 3144 etiam
1029 3079 1161 3144 mortali
1191 3085 1326 3164 peccato
1351 3079 1407 3144 ob·

80 3167 216 3233 noxium
241 3188 313 3232 esse
337 3168 529 3234 ostenditur.

173 3272 212 3340 R.
238 3276 268 3342 3.
314 3274 405 3350 Quod
429 3274 550 3340 Fabius
578 3274 768 3356 frequenter
798 3274 1035 3340 recreationem
1066 3278 1205 3355 quaerat
1235 3295 1277 3340 ex
1307 3294 1407 3339 vena-

81 3363 173 3431 tione
196 3363 384 3447 multssque
406 3365 497 3430 feras
521 3363 631 3449 capiat
654 3364 707 3429 991
730 3362 874 3442 occidat,
907 3362 1037 3429 videtur
1067 3362 1206 3446 aliquem
1238 3384 1408 3429 excessum

81 3452 214 3536 quidem
245 3453 413 3518 continere
435 3474 543 3536 neque
566 3453 608 3520 ab
632 3453 719 3518 omni
743 3454 840 3537 99199
863 3452 998 3518 liberum
1022 3473 1112 3528 9999;
1146 3453 1273 3518 9991999
1297 3457 1406 3518 991991

80 3541 255 3619 scandalo,
286 3563 390 3625 grave
422 3564 523 3609 exse
553 3565 617 3609 non
642 3543 721 3622 erit,
752 3542 779 3608 91
812 3565 911 3608 99919
935 3544 1116 3609 9119199199
1139 3563 1253 3608 canem
1278 3544 1406 3608 tantum

80 3629 362 3784 singulislvioibus
377 3652 488 3698 secum
504 3632 604 3716 ferat3
621 3653 727 3710 secus,
743 3631 771 3698 91
788 3632 893 3698 999199
917 3638 951 3699 91
966 3632 1086 3698 multos
1103 3651 1202 3698 99999
1218 3651 1327 3697 secum
1349 3632 1407 3697 du-

81 3740 158 3788 cere
179 3740 217 3785 so
232 3724 296 3787 eat.

172 3825 211 3893 R.
237 3828 267 3893 4.
315 3825 453 3892 Demum
484 3826 569 3909 quod
598 3826 719 3893 Fabius
750 3826 926 3909 quotannis
955 3825 1056 3892 semel
1086 3828 1273 3908 generalem
1305 3848 1406 3892 vena·

81 3914 205 3983 tionem
230 3915 376 3998 adeoque
399 3917 536 3982 multum
561 3916 777 3983 clamorosam
800 3915 960 3993 instituit,
992 3937 1056 3980 non
1086 3920 1182 3982 notat
1205 3917 1406 3982 clamorosae

80 4005 267 4072 venationis
288 4005 520 4091 frequentium:
550 4026 652 4088 quare
675 4027 716 4072 ne
739 4006 772 4071 id
796 4005 925 4088 quidem
948 4026 990 4070 ex
1013 4025 1048 4071 99
1072 4010 1244 4087 peccatum
1268 4006 1407 4071 mortale

82 4098 136 4160 est
158 4093 322 4161 sacerdoti
346 4096 516 4160 saeculari.

173 4199 272 4266 Patet
294 4207 406 4269 autem
431 4222 520 4278 eum,
552 4201 606 4284 qui
637 4200 849 4286 perfectionis
879 4222 993 4266 amans
1024 4199 1068 4265 911
1091 4220 1196 4283 neque
1226 4201 1297 4265 9919
1320 4222 1406 4265 mor-

80 4288 165 4356 talia
200 4295 336 4374 peocata
366 4290 474 4355 vitare
511 4296 692 4375 proponat,
729 4290 847 4355 debere
878 4290 934 4356 illa
965 4288 1064 4354 etiam
1098 4289 1239 4355 venialia
1270 4293 1407 4372 9999919

80 4378 275 4456 emendare;
299 4380 413 4455 immo,
438 4379 466 4443 91
490 4380 619 4461 quando
642 4380 887 4446 animadvertat
910 4400 951 4444 ex
974 4400 1033 4443 sua
1056 4378 1185 4444 actione
1207 4379 1289 4442 sumi
1314 4400 1406 4443 scan-

80 4468 210 4548 dalum,
242 4469 301 4535 sub
325 4468 420 4551 gravi
449 4468 615 4534 tenebitur
646 4469 729 4534 hanc
759 4467 992 4534 recreationem
1023 4467 1130 4532 minus
1154 4467 1323 4532 decentem
1347 4467 1407 4530 im·
1461 4546 1466 4552 ι

77 4562 223 4628 mutare.
