3044 5174
537 262 653 318 Fructus
671 265 699 317 et
717 261 863 333 applicatio
882 263 990 317 missae.
1365 267 1427 331 101
1481 240 1482 243 Ἰ

94 428 295 511 prudentem
319 429 455 511 putandi
480 427 551 493 fore
575 432 611 493 ut
634 428 696 493 sibi
719 449 824 510 neque
847 428 934 494 inter
949 448 1079 493 sacrum
1095 447 1201 509 neque
1224 427 1331 512 prima
1353 433 1429 513 post
1456 471 1458 475 ,

97 538 231 582 sacrum
265 517 429 583 semihora
460 517 514 582 vel
548 517 731 599 quadrante
753 517 898 583 vomitus
931 516 1112 592 accideret,
1149 516 1278 583 etiamsi
1311 519 1429 584 dubius

96 606 266 679 manebat,
291 605 399 689 potuit
421 606 454 670 in
477 606 551 672 istis
574 606 828 673 circumstantiis
852 607 1037 691 procedere,
1062 627 1103 670 ne
1124 606 1430 673 cumadmiratione

97 700 132 761 et
155 696 303 762 fortasse
322 715 395 760 cum
411 695 567 761 scandalo
583 696 946 762 sacrum'omitteretur.
982 696 1104 760 Verum
1121 693 1149 760 si
1166 695 1304 762 Tatiano
1321 717 1429 762 mora·

97 784 175 850 liter
198 784 270 850 fere
295 788 420 849 certum
444 789 518 851 erat
540 804 576 848 se
599 785 862 868 profanationem
886 806 949 850 non
973 804 1070 869 posse
1094 804 1228 862 cavere,
1252 785 1430 869 procedere

98 895 163 938 non
187 873 292 950 licuit,
317 873 375 938 sed
397 874 517 957 populo
541 873 664 938 monito
688 874 801 940 debuit
824 895 953 939 sacrum
977 874 1180 957 abrumpere.

189 981 229 1049 R.
255 983 284 1046 3.
328 979 366 1044 ln
397 1001 475 1046 casu
506 980 629 1056 altero,
661 1003 733 1047 cum
757 984 913 1063 aegrotus
936 1001 994 1064 per
1015 980 1209 1046 semihoram
1234 979 1430 1064 particulam

98 1073 410 1135 non-consecratam
434 1067 634 1147 retinuisset,
660 1070 784 1155 censeri
807 1073 939 1154 poterat
961 1070 1085 1135 morale
1108 1069 1287 1152 periculum
1303 1071 1429 1147 abesse,

99 1158 148 1224 ita
172 1163 210 1225 ut
232 1158 429 1241 particulam
453 1158 553 1225 etiam
577 1163 801 1226 consecratam
823 1158 969 1243 recipere
991 1179 1050 1243 pro
1074 1157 1196 1225 viatico
1219 1163 1342 1242 posset,
1366 1157 1429 1224 nisi

98 1247 187 1313 forte
211 1251 346 1331 propter
375 1247 479 1312 morbi
503 1247 725 1313 condicionem
757 1247 864 1313 cibum
894 1246 995 1314 etiam
1025 1245 1252 1330 parcissimum
1281 1247 1429 1331 pluribus

98 1336 189 1401 boris
225 1341 326 1402 antea
362 1340 527 1421 sumptum
564 1337 752 1414 reiecisset;
787 1337 821 1402 in
856 1358 920 1419 quo
954 1358 1033 1402 casu
1068 1336 1173 1402 maior
1207 1335 1317 1403 cautio
1354 1341 1429 1405 erat

99 1445 298 1491 necessarra.

189 1556 244 1621 An
267 1577 458 1633 cunasrruu
483 1559 522 1622 2⁸
545 1556 584 1623 R.
612 1559 640 1622 1.
672 1556 711 1622 ln
728 1561 930 1642 primocasu
947 1556 1106 1624 Tatianus
1128 1557 1216 1622 male
1239 1556 1317 1640 egit,
1341 1557 1428 1624 male
1439 1574 1491 1630 180

99 1647 281 1711 observans
294 1645 481 1722 Rubricam,
506 1666 590 1728 quae
605 1645 639 1711 in
655 1645 813 1711 eiusmodi
828 1667 907 1712 casu
930 1645 1060 1728 quando
1084 1645 1175 1711 brevi
1199 1645 1329 1711 omnino
1352 1650 1429 1730 post

98 1738 265 1818 sumptam
289 1756 333 1801 ss.
358 1735 588 1801 eucharistiam
612 1735 756 1801 vomitus
772 1734 929 1817 sequitur,
955 1733 1084 1801 etiamsi
1106 1734 1246 1801 discerni
1263 1740 1429 1818 nequeant

99 1845 217 1890 sacrae
246 1823 388 1908 species,
418 1828 531 1890 tamen
561 1827 696 1908 propter
726 1824 947 1890 reverentiam
977 1846 1021 1890 se.
1045 1829 1252 1891 sacramento
1282 1823 1427 1892 debitam

99 1913 173 1979 vult
202 1934 257 1978 res
280 1912 405 1980 vomitu
429 1913 553 1979 eiectas
576 1917 697 1997 stuppa
721 1913 774 1978 vel
797 1913 895 1978 simili
918 1934 954 1979 re
978 1912 1209 1990 exsiccandaa,
1234 1915 1427 1979 comburen-

99 2002 161 2068 das
184 2005 220 2067 et
242 2001 369 2068 cineres
392 2001 426 2067 in
456 2001 636 2068 sacrarium
667 2001 845 2069 mittendos
876 2023 959 2068 esse.
1005 2001 1126 2079 Quodsi
1156 2023 1271 2069 sacrae
1300 2002 1428 2087 species

98 2092 207 2157 adbuc
230 2094 424 2175 appareant,
450 2090 555 2158 maior
577 2091 677 2158 etiam
693 2090 865 2174 diligentia
880 2091 1125 2174 praescribitur,
1149 2096 1186 2158 ut
1202 2091 1327 2157 scilicet
1350 2112 1427 2157 con·

99 2185 279 2247 serventur
301 2200 404 2262 usque
428 2181 470 2246 ad
494 2180 734 2264 corruptionem
759 2185 793 2246 et
816 2180 900 2258 dein,
926 2183 963 2246 ut
985 2180 1081 2245 modo
1105 2180 1313 2259 dictumest,
1338 2201 1427 2247 com·

99 2270 220 2335 bustae
242 2269 276 2335 in
299 2269 479 2336 sacrarium
503 2269 714 2335 conicientur.

189 2375 229 2442 R.
248 2379 279 2444 2.
310 2376 347 2440 In
371 2378 509 2442 secundo
531 2375 633 2459 igitur
648 2397 726 2441 casu
743 2376 874 2442 omnino
889 2381 1081 2443 reverenter
1097 2375 1308 2458 excipiendae
1331 2382 1428 2444 erant

99 2463 295 2548 particulae,
319 2464 476 2548 siquidem
495 2470 687 2532 consecrata
702 2487 722 2530 a
738 2471 1014 2531 non-consecrata
1030 2464 1188 2548 distingui
1203 2486 1268 2531 non
1283 2468 1426 2550 poterat.

100 2554 242 2636 Reliqua
265 2555 391 2621 vomitu
420 2554 526 2620 eiecta
555 2559 690 2638 propter
719 2558 844 2621 tactum
875 2575 919 2622 ss.
943 2554 1142 2620 sacramenti
1171 2558 1208 2620 ut
1237 2576 1338 2638 supra
1367 2575 1426 2621 ex-

101 2642 256 2709 siccanda
279 2648 314 2710 et
343 2643 563 2710 comburenda
591 2647 696 2710 erant.
728 2682 771 2691 —
801 2643 988 2709 Particulae
1017 2643 1120 2725 igitur
1149 2664 1252 2726 usque
1282 2644 1324 2710 ad
1354 2665 1426 2710 cor·

99 2731 287 2816 ruptionem
310 2733 493 2799 servandae
516 2736 621 2809 erant,
646 2731 777 2815 ingesta
800 2753 887 2815 aqua
910 2732 1017 2798 calida
1040 2732 1082 2799 ad
1106 2733 1348 2816 corruptionem
1371 2753 1427 2799 ac-

100 2821 318 2898 celerandam,
342 2821 404 2887 nisi
419 2821 507 2888 forte
522 2821 676 2887 sacerdos
691 2820 823 2887 nimiam
840 2842 997 2888 nauseam
1017 2843 1082 2886 non
1104 2821 1224 2889 timens
1247 2821 1426 2906 particulas

99 2914 261 2993 purgatas
284 2911 433 2992 sequenti
457 2911 509 2977 die
531 2910 564 2976 in
587 2931 682 2976 sacro
705 2914 781 2994 poet
796 2913 962 2994 sumptum
985 2932 1011 2976 s.
1028 2910 1221 2994 sanguinem
1243 2910 1326 2977 velit
1348 2932 1425 2976 con·

99 3020 246 3065 sumere:
270 3000 354 3081 quod
379 2998 536 3082 obligatio
559 3003 702 3078 nonest,
726 2999 825 3065 immo
841 3021 882 3065 ne
899 2999 1069 3065 consilium
1086 2999 1226 3082 quidem,
1249 2999 1278 3064 si
1301 3020 1426 3065 nausea

99 3088 143 3155 sit
158 3109 291 3171 magua,
316 3087 393 3171 quia
408 3094 542 3173 propter
557 3088 737 3173 periculum
753 3089 830 3155 novi
847 3089 990 3154 vomitus
1005 3088 1222 3155 irreverentia
1237 3092 1424 3171 augeretur.

292 3288 347 3355 SS.
373 3288 668 3357 EUCHARISTIA
693 3326 735 3334 -—
760 3289 818 3355 UT
842 3290 922 3357 EST
947 3289 1232 3357 SACRIFICIUM.

585 3454 766 3515 FRUOTUS
787 3454 942 3516 MISSAE.

671 3611 782 3678 Casus.
794 3618 852 3687 (52)

185 3751 346 3813 Gerintbus
380 3751 549 3810 mandatum
581 3752 749 3830 episcopale
780 3772 837 3829 quo
867 3753 897 3812 in
926 3758 1038 3812 certum
1068 3753 1194 3829 aliquem
1222 3753 1310 3812 finem
1340 3774 1424 3831 prae·

95 3833 282 3893 scribebatur
302 3832 395 3890 missa
422 3836 544 3891 canmta
571 3853 670 3892 coram
698 3835 807 3910 populo
835 3853 902 3892 cum
929 3832 1047 3910 publica
1075 3833 1326 3910 comprecatione,
1356 3854 1423 3895 cum

94 3914 252 3989 assignata
266 3911 314 3971 die
328 3911 416 3971 aliam
431 3912 553 3971 baberet
567 3911 675 3972 missae
695 3914 899 3984 intentionem,
920 3913 964 3973 ita
985 3913 1156 3989 exsequitur
1176 3920 1210 3973 ut
1230 3934 1283 3991 pro
1305 3934 1422 3992 vesper·

93 3994 158 4053 tino
191 3991 314 4070 pietatis
347 3991 490 4051 exercitio
525 3993 789 4069 comprecationem
825 3994 953 4064 indicat,
991 3993 1111 4053 missam
1144 4014 1216 4053 vera
1248 3996 1343 4053 altare
1375 3996 1422 4054 die

93 4075 243 4152 privatam
265 4073 402 4132 celebret

182 4153 260 4213 Item
287 4171 341 4229 pro
365 4156 446 4211 certo
470 4151 609 4212 defuncto
633 4153 679 4212 die
703 4153 858 4229 assignata
880 4158 1053 4230 susceperat
1074 4153 1196 4213 missam
1225 4155 1271 4214 cui
1303 4154 1423 4229 cognati

93 4234 289 4304 assistercut;
312 4233 364 4292 sed
386 4251 451 4291 cum
471 4232 610 4309 pinguius
632 4233 809 4310 stipendium
832 4234 980 4311 acciperet
1001 4255 1053 4311 pro
1075 4234 1135 4294 alia
1149 4235 1250 4304 missa,
1271 4236 1349 4293 hanc
1369 4234 1422 4293 illa

93 4315 139 4375 die
160 4315 304 4383 celebrat,
325 4313 473 4371 translata
494 4313 598 4371 insciis
620 4314 757 4389 cognatis
779 4315 909 4373 defuncti
932 4315 984 4373 illa
1004 4315 1096 4374 missa
1117 4316 1148 4373 in
1171 4316 1244 4373 diem
1267 4314 1364 4373 aliam.

92 4436 272 4508 Quarmrna
295 4438 324 4494 1ο
351 4436 476 4527 quiset
502 4437 664 4575 qutotuplex
692 4436 732 4495 sit
752 4437 867 4496 fructus
895 4437 1019 4509 missae,
1051 4444 1081 4496 et
1108 4421 1177 4496 num
1205 4437 1307 4511 augeri
1329 4442 1359 4495 et
1380 4436 1420 4494 di·

344 4534 434 4575 minui
456 4537 558 4593 possi.

295 4616 325 4673 2ο
347 4613 565 4674 satisfeceritne
586 4614 745 4674 Corinthus
767 4614 998 4690 obligationibus
1019 4616 1091 4675 suis.
