3044 5174
261 264 377 318 Materia
396 265 533 334 proxima:
553 262 688 318 confessio
708 292 742 300 —
761 279 851 317 conse.
870 280 984 317 examen
1003 263 1154 334 praevium.
1308 265 1369 328 221

48 442 221 508 adhiberet
237 441 450 524 diligentiam,
468 441 567 508 etiarn
584 441 770 507 accuratius
785 461 955 505 numerum
972 444 1006 505 et
1022 440 1147 524 species
1162 443 1373 522 peccatorum

46 537 254 617 reperturum
279 551 360 596 esse.
393 531 538 596 Tenetur
560 535 672 596 tamen
695 535 821 613 postea,
846 530 874 594 si
898 533 1007 595 certus
1031 535 1082 594 est
1105 530 1146 594 de
1169 528 1288 593 omisso
1312 527 1373 593 uli·

47 643 108 704 quo
133 624 280 705 peccato,
306 619 468 703 supplere.

137 743 191 809 An
215 763 406 818 nuansrruu
423 746 461 807 2¹⁰
477 743 516 809 lt.
536 748 563 810 1,
596 741 648 807 Ad
672 742 933 809 constituendum
958 762 1060 823 grave
1076 744 1246 824 peccatum
1271 738 1372 804 sacri·
1383 746 1436 801 379

47 835 223 916 legemque
258 831 496 896 confessionem
529 852 594 896 non
624 831 729 896 solum
760 831 908 897 defectus
943 831 1103 896 obieotive
1134 830 1245 912 gravis
1277 829 1374 893 debet

48 943 120 987 esse
146 920 347 997 commissus,
371 920 429 986 sed
453 920 550 987 debet
573 921 717 986 adfuisse
740 921 835 986 huius
858 920 1006 986 defectus
1029 920 1126 1004 plena
1150 917 1373 983 advertentis:

48 1011 134 1094 quod
158 1031 234 1076 raro
258 1009 394 1075 obtinet.
426 1010 584 1074 Attamen
607 1010 640 1074 in
663 1010 794 1075 homine
809 1009 927 1076 salutis
950 1030 1029 1074 suae
1044 1007 1206 1073 incurioso
1228 1007 1374 1073 accidere

47 1102 79 1167 id
103 1101 234 1165 demum
259 1102 378 1183 potest.

138 1206 178 1271 lt.
204 1209 235 1272 2.
275 1205 417 1270 Gravem
441 1203 603 1269 defectum
628 1205 787 1287 huiusque
810 1204 1051 1270 advertentiam
1076 1203 1206 1288 plenam
1230 1202 1374 1268 adfuisse

48 1300 153 1381 patet,
179 1295 207 1359 si
230 1294 418 1379 paenitens,
443 1293 497 1375 qui
521 1315 586 1358 non
610 1299 661 1360 est
684 1293 780 1359 nimis
804 1294 940 1359 strictae
965 1293 1201 1371 conscientiae,
1225 1296 1302 1375 post
1325 1291 1376 1356 sui

51 1383 286 1450 discussionem
311 1404 447 1465 gravem
471 1381 637 1448 stimulum
669 1383 888 1450 conscientiae
911 1383 965 1448 vel
989 1381 1209 1448 conscientiae
1232 1383 1375 1446 validum

49 1477 217 1540 clamorem
242 1473 389 1557 percepit
412 1493 448 1536 se
471 1471 612 1536 nondum
636 1471 846 1538 satisfecisse.
1179 1479 1182 1485 '

141 1561 311 1628 Eiusmodi
341 1581 478 1643 gravem
509 1561 673 1625 defectum
703 1560 847 1626 adfuisse
876 1559 1041 1644 praesumi
1071 1560 1168 1626 debet
1191 1557 1266 1640 (nisi
1290 1558 1377 1624 forte

51 1651 225 1734 paenitens
248 1650 373 1715 sincere
396 1653 538 1717 testetur
567 1671 603 1714 se
626 1650 723 1734 plane
753 1650 875 1715 nullum
906 1670 1086 1715 remorsum
1116 1649 1287 1727 habuisse,
1318 1649 1376 1714 sed

50 1740 112 1805 sibi
136 1739 340 1824 persuasisse
364 1739 403 1804 de
434 1738 633 1821 obligatione
663 1739 726 1804 rite
756 1738 922 1823 impleta),
954 1739 981 1804 si
1013 1738 1085 1820 quis
1115 1739 1209 1822 plura
1239 1743 1376 1821 peccata

50 1829 170 1912 gravia
193 1828 341 1894 omisisse
371 1827 640 1912 deprehenditur,
673 1849 768 1910 quarn
801 1850 837 1894 re
866 1829 939 1912 ipse
968 1828 1138 1893 confessus
1166 1832 1233 1904 est;
1264 1828 1318 1891 vel
1348 1826 1377 1892 si

51 1922 190 2002 peccata
214 1923 352 1984 externa
374 1916 553 2001 palpabilia
575 1938 596 1982 a
619 1917 712 1983 brevi
734 1922 882 2002 ternpore
912 1916 1085 1982 commissa
1109 1918 1167 1982 sub
1197 1915 1293 1981 dubio
1316 1937 1377 1981 nu-

50 2029 142 2073 mero
166 2006 321 2090 exprimit
345 2005 391 2087 (in
414 2007 596 2090 posteriore
620 2026 697 2071 casu
721 2012 773 2074 est
796 2005 987 2073 confessarii
1002 2027 1072 2071 rem
1094 2005 1253 2087 indagare
1269 2009 1313 2081 et,
1338 2026 1377 2070 ea

50 2099 212 2179 inspecta,
236 2096 457 2179 paenitentem
481 2095 521 2160 de
540 2095 633 2176 gravi
658 2095 867 2178 neglegentia
884 2115 1015 2161 monere
1031 2116 1168 2178 eumque
1191 2095 1233 2160 ad
1256 2116 1376 2159 novum

51 2186 199 2251 dolorem
222 2191 255 2251 et
278 2185 480 2269 propositum
505 2184 700 2269 disponere).
752 2187 807 2251 Tb.
832 2208 872 2251 m.
893 2185 933 2262 Π,
959 2186 1034 2252 341.

142 2300 196 2366 An
219 2320 410 2375 ouassrruu
442 2302 481 2364 3¹¹¹
504 2299 543 2367 R.
577 2303 604 2366 1.
652 2301 689 2365 In
714 2304 828 2385 priore
860 2322 938 2366 casu
962 2300 1129 2366 Conradus
1162 2305 1251 2366 certe
1281 2298 1438 2369 nimis380

50 2391 161 2457 obiter
183 2410 256 2454 sese
286 2389 490 2455 examinavit
519 2411 719 2472 gravemque
742 2390 905 2455 desectum
937 2389 1108 2456 commisit.
1154 2389 1242 2454 Num
1267 2393 1377 2454 autem

51 2478 235 2545 subiective
265 2477 413 2560 graviter
448 2478 635 2562 peccaverit
665 2479 889 2561 sacrilegeque
923 2480 967 2545 sit
1004 2478 1173 2545 confessus
1208 2500 1272 2543 non
1302 2477 1377 2543 ilico

51 2572 156 2652 patet.
203 2567 361 2632 Accidere
385 2567 469 2631 enim
494 2567 606 2649 utique
629 2567 737 2650 potuit
766 2575 804 2634 ut
827 2568 868 2634 ad
899 2568 1131 2651 obligationem
1156 2567 1304 2633 strictam
1328 2566 1379 2632 ul·

52 2656 185 2722 terioris
201 2656 362 2721 examinis
378 2655 466 2732 nullo
483 2656 578 2722 modo
595 2657 649 2722 vel
664 2656 783 2724 leviter
799 2662 928 2723 tanturn
945 2656 1226 2724 animadverterit.
1258 2655 1379 2733 Quodsi

52 2747 142 2812 dicat
166 2745 228 2810 sibi
257 2745 290 2809 in
320 2749 463 2810 mentem
494 2765 558 2809 non
582 2746 712 2812 venisse
741 2747 956 2832 suspicionem
985 2747 1113 2830 peccati
1143 2746 1184 2812 ob
1214 2745 1378 2812 defectum

53 2834 233 2910 examinis,
264 2833 536 2918 praesumendum
561 2839 612 2900 est
635 2855 708 2900 eum
731 2857 796 2901 non
820 2857 973 2921 peccasse
997 2836 1114 2903 saltem
1139 2836 1295 2917 graviter.
1344 2835 1376 2900 Si

50 2926 180 2990 fatetur
203 2944 238 2988 se
262 2923 426 3005 cogitasse
457 2923 587 3004 quidem
618 2924 657 2989 de
688 2925 838 2990 examine
868 2925 973 2990 levius
997 2947 1017 2990 a
1040 2946 1076 2990 se
1105 2929 1240 3009 peracto
1271 2928 1306 2989 et
1338 2924 1378 2989 de

51 3013 253 3095 obligatione
276 3012 394 3077 melius
416 3032 490 3077 sese
514 3011 738 3092 examinandi,
771 3035 806 3078 se
829 3019 939 3080 tamen
964 3012 1071 3079 dicere
1094 3035 1156 3079 non
1181 3034 1277 3098 posse
1301 3034 1378 3078 num

50 3103 112 3168 hoc
137 3100 290 3167 habuerit
312 3122 372 3184 pro
395 3101 490 3184 gravi
514 3105 666 3185 peccato:
698 3103 970 3186 praesumendum
1000 3106 1052 3168 est
1081 3108 1250 3187 peccatum
1275 3123 1378 3184 grave

51 3192 106 3258 rel
131 3191 249 3257 saltem
275 3190 385 3256 divino
401 3190 519 3255 iudicio
534 3190 566 3255 id
583 3191 827 3272 relinquendum
844 3195 905 3270 est,
929 3192 977 3258 ita
992 3198 1104 3258 tamen
1126 3197 1163 3258 ut
1178 3192 1378 3276 praecedens

55 3279 219 3347 confessio
243 3279 388 3363 practice
410 3279 571 3345 habeatur
593 3300 652 3363 pro
676 3280 775 3346 nulla.

144 3367 370 3434 Confessarius
394 3372 514 3445 autem,
539 3368 566 3432 si
590 3367 675 3434 forte
699 3370 909 3436 observasset
932 3372 1031 3435 antea
1046 3369 1227 3434 Conradum
1251 3369 1379 3435 intran-

51 3465 120 3525 tem
146 3458 317 3523 ecclesiam
334 3461 368 3522 et
382 3457 463 3522 adeo
488 3457 581 3522 brevi
603 3463 679 3540 post
700 3458 936 3524 confessionale
951 3462 1128 3543 petentem,
1153 3480 1226 3523 curn
1251 3459 1380 3524 audiret

51 3547 218 3613 hominem
242 3568 262 3611 a
285 3550 441 3629 quattuor
464 3546 628 3611 mensibus
659 3568 722 3611 non
747 3548 947 3625 confessum,
980 3548 1119 3613 debebat
1149 3552 1286 3630 paterne
1309 3570 1379 3613 mo·

52 3657 133 3703 nere
157 3640 194 3702 ut
217 3636 315 3719 paulo
339 3635 527 3717 diligentius
550 3636 654 3701 vitam
677 3637 886 3719 recogitaret,
910 3637 972 3702 nisi
995 3637 1081 3702 forte
1105 3639 1190 3702 dorni
1213 3637 1278 3702 iarn
1302 3659 1379 3702 con·

53 3726 213 3792 scientiae
238 3746 376 3791 examen
399 3724 606 3791 instituisset.

144 3823 184 3888 R.
210 3825 240 3888 2.
273 3823 310 3887 In
334 3824 471 3888 recaredo
495 3842 572 3887 casu
589 3822 694 3887 Titius
718 3823 803 3889 solet
818 3823 940 3888 diutius
957 3844 1053 3904 quarn
1069 3845 1130 3907 par
1146 3829 1197 3890 est
1213 3823 1438 3896 conamen-381

53 3914 136 3978 tiam
169 3911 342 3978 discutere.
389 3911 450 3988 Qui
483 3911 594 3993 quinto
628 3911 751 3977 decimo
784 3934 913 3995 quoque
942 3912 994 3978 die
1025 3915 1216 3991 confitetur,
1250 3935 1291 3978 ne
1321 3935 1380 3999 per

53 4003 157 4067 horae
181 3999 309 4083 quidem
334 4001 549 4084 quadrantem
579 4004 616 4065 ut
647 4000 878 4067 conscientiam
902 4001 1056 4067 discutiat
1086 4003 1286 4068 suadendum
1311 4008 1378 4078 est;

53 4088 179 4156 sufficit
201 4095 238 4157 ut
261 4090 453 4173 perdecem
476 4091 602 4155 minuta
625 4089 657 4154 in
683 4091 830 4157 desectus
853 4111 929 4156 suos
945 4091 1088 4174 inquirat
1106 4092 1157 4156 vel
1183 4092 1280 4157 etiam
1306 4094 1379 4158 bre·

53 4180 140 4257 vius,
164 4178 282 4244 saltem
306 4178 334 4242 si
358 4178 476 4244 cotidie
500 4178 605 4244 soleat
628 4199 766 4263 vespere
789 4180 1021 4246 conscientiam
1038 4181 1215 4254 discutere;
1240 4182 1296 4247 sed
1322 4182 1377 4247 ad-

55 4270 115 4335 dat
137 4268 260 4333 iustum
282 4268 439 4351 temporis
463 4268 604 4351 spatium
629 4268 670 4332 ad
694 4269 938 4354 concipiendum
968 4270 1111 4335 dolorem
1137 4271 1175 4335 de
1200 4270 1380 4336 defectibus

55 4359 187 4423 noviter
211 4357 390 4422 commissis
414 4362 448 4423 et
472 4358 512 4422 de
535 4357 740 4438 gravioribus
763 4359 962 4442 praeteritae
978 4358 1077 4426 vitae.
1111 4359 1173 4423 Pro
1197 4363 1269 4425 tota
1285 4381 1380 4444 prae-

54 4447 229 4532 paratione
252 4445 415 4512 insumere
440 4442 570 4529 1l4-1l2
594 4446 694 4511 horae
717 4448 858 4531 spatium
883 4447 1068 4531 plenissime
1091 4446 1223 4515 sufficit.

147 4535 241 4600 Titus
265 4556 344 4599 sane
368 4535 499 4600 breuius
523 4556 592 4599 rem
616 4536 772 4612 absolvit;
806 4559 870 4602 non
895 4538 996 4619 quod,
1028 4537 1055 4602 si
1079 4536 1247 4603 moraliter
1271 4544 1380 4605 certus

56 4630 109 4691 est
124 4646 162 4690 se
178 4645 282 4706 grave
299 4630 469 4708 peccatum
486 4646 548 4689 non
567 4624 777 4702 commisisse,
801 4626 833 4690 in
850 4629 1028 4692 necessario
1044 4625 1194 4692 examine
1210 4627 1378 4708 defecerit,
