3044 5174
282 289 398 346 Ordines
418 291 497 346 sacri.
516 322 552 332 ·-
571 291 762 347 Condiciones:
781 295 866 355 cetea
885 291 1007 357 scientia,
1027 290 1159 346 educatio.
1317 295 1382 360 403

59 466 243 549 probentur.
280 467 369 534 Trid.
394 467 436 533 ib.
461 488 533 550 cap.
555 469 606 533 14.
638 467 733 533 Unde
757 469 851 551 patet
872 465 905 531 in
929 467 1043 551 primis
1065 489 1125 552 pro
1148 469 1380 552 presbyteratu

59 555 224 622 scientiam
248 556 467 622 necessariam
491 557 629 622 multum
652 556 794 639 pendere
817 576 837 620 a
861 556 1000 622 diversis
1022 557 1103 623 locis
1119 562 1153 623 et
1169 559 1380 641 temporibus,

59 644 196 710 naxime
219 645 349 728 quando
372 646 414 710 ad
438 666 549 711 curam
573 647 754 710 animarum
779 646 939 726 agendam
963 646 1149 730 presbyteri
1165 647 1312 730 aspirant
1328 649 1381 712 vel

60 734 270 802 leatiuantur.
295 772 339 781 —
362 734 476 812 Quoad
498 735 667 817 regulares
691 740 816 800 eertum
845 738 975 818 tempus
1005 735 1186 802 studiorum
1216 757 1381 802 emensum

60 823 289 907 praescribitur
311 823 397 890 decr.
422 827 551 889 Auctio:
575 825 615 888 de
639 845 702 906 quo
726 824 812 889 iufra
836 846 866 889 n.
894 826 970 891 713.

141 955 197 1020 An
227 976 420 1032 quanarruu
444 959 483 1020 2¹²
506 957 545 1023 R.
574 960 601 1023 1.
649 958 766 1023 Concil.
795 957 885 1023 Trid.
910 957 931 1022 l.
956 978 983 1022 c.
1009 978 1079 1040 cap.
1107 959 1147 1022 18
1172 957 1308 1039 loquens
1341 957 1443 1028 derce

60 1066 228 1128 puerorum
252 1044 436 1111 seminariis
458 1046 678 1112 universalem
701 1045 808 1127 legem
832 1067 896 1110 non
926 1046 1020 1123 tulit,
1051 1067 1092 1111 ne
1122 1046 1293 1128 quisquam
1323 1047 1381 1111 ad·

60 1134 243 1200 mitteretur
264 1135 306 1200 ad
337 1134 526 1201 clericatum
557 1135 613 1217 qui
645 1156 710 1199 non
742 1134 786 1201 sit
816 1138 968 1200 versatus
998 1134 1030 1199 in
1061 1135 1253 1212 seminario,
1283 1135 1381 1200 immo

60 1224 161 1306 quoad
186 1226 356 1289 tonsuram
379 1228 473 1308 optat
496 1229 534 1290 ut
556 1224 596 1289 ils
619 1224 673 1307 qui
697 1245 770 1289 cum
794 1223 902 1289 animo
926 1223 1099 1289 clericandi
1123 1223 1157 1288 in
1173 1223 1382 1289 seminarium
1406 1226 1409 1235 '

60 1312 281 1390 admittantur,
306 1313 418 1378 statim
442 1313 647 1379 conferatur:
674 1313 900 1397 episcoporum
922 1317 1035 1379 tamen
1050 1318 1102 1378 est
1117 1312 1276 1397 speciales
1293 1314 1383 1396 leges

61 1422 113 1466 rac
137 1401 171 1465 in
196 1402 352 1468 referre.

141 1517 182 1583 It.
201 1519 231 1584 2.
262 1516 521 1583 Benedictus
544 1517 632 1592 XIV,
657 1518 705 1583 De
728 1540 797 1602 eyn.
823 1518 919 1584 dioec.
944 1519 967 1585 l.
996 1520 1046 1594 11,
1072 1539 1099 1584 e.
1126 1520 1156 1595 2,
1181 1539 1213 1584 n.
1243 1522 1282 1583 12
1306 1518 1382 1584 hor·

61 1609 146 1672 atur
169 1607 339 1690 episcopos
363 1609 400 1671 ut
422 1605 541 1672 saltem
570 1611 750 1688 sequantur
779 1628 926 1671 normam
956 1607 1017 1671 sub
1040 1606 1188 1672 Bened.
1212 1606 1291 1671 XIII
1324 1628 1382 1690 pro

61 1695 142 1761 clero
159 1695 307 1761 Itomauo
331 1699 503 1774 statutam,
528 1700 565 1762 ut
593 1716 722 1772 ,omnes
747 1695 788 1760 ad
811 1717 919 1760 socroa
941 1694 1073 1761 ordines
1095 1696 1308 1779 promovendi
1324 1717 1384 1798 per

61 1787 73 1849 3
97 1784 219 1849 saltem
242 1804 371 1850 menses
395 1784 566 1849 continuos
591 1790 668 1850 ante
687 1785 924 1850 ordinationem
941 1785 972 1848 in
990 1784 1172 1850 seminariis
1188 1785 1382 1869 respectivrs

61 1872 249 1938 commorari
272 1872 446 1939 debeant‘.

144 1988 182 2054 It.
208 1991 240 2055 3.
284 1988 428 2070 Exigere
459 1992 569 2054 autem
599 1992 710 2073 potest
739 1988 912 2072 epiecopus
942 1992 979 2054 ut
1008 1992 1086 2054 ante
1116 1989 1204 2072 ipsos
1240 1989 1383 2055 minores

61 2078 186 2143 ordines
209 2077 263 2142 vel
285 2082 365 2143 ante
386 2078 491 2161 ipsam
521 2081 691 2143 tonsuram
721 2082 845 2143 certum
876 2077 1007 2160 aliquod
1037 2083 1166 2161 tempus
1197 2079 1320 2160 degant
1349 2079 1381 2145 iu

61 2166 240 2232 seminario.
272 2165 319 2236 uf.
338 2167 541 2250 Gasparri
564 2187 595 2233 n.
614 2170 678 2232 659
695 2188 743 2248 sq.
775 2166 866 2243 Quod
890 2167 1011 2232 siheri
1035 2171 1187 2249 nequeat,
1212 2168 1383 2252 episcopus

62 2257 120 2322 rlia
143 2255 368 2339 praescribere
390 2259 518 2340 potest,
550 2277 613 2338 quo
637 2256 759 2322 certior
781 2257 840 2322 liat
862 2255 896 2320 in
919 2255 1101 2321 formandis
1123 2256 1307 2323 candidatis
1329 2278 1382 2323 sa·

62 2366 186 2411 erorum
210 2344 357 2410 ordinum
382 2344 424 2410 ad
439 2344 598 2428 pietatem
614 2350 714 2428 atque
730 2365 838 2410 mores
854 2344 1003 2429 optimos.
1035 2345 1083 2410 Cf.
1108 2345 1207 2410 etiam
1226 2346 1382 2424 Wernz,

62 2436 110 2501 lue
137 2435 342 2500 decretalium
365 2433 406 2511 11,
432 2456 463 2500 n.
490 2437 531 2498 34
549 2455 619 2517 sqq.

145 2564 198 2631 Au
222 2588 413 2643 ouausrruu
431 2570 469 2632 3¹⁰
492 2567 531 2634 R.
550 2571 578 2633 1.
618 2566 652 2631 Si
677 2566 875 2651 Theophilus
899 2587 978 2632 vere
1001 2568 1155 2633 ostendat
1177 2567 1444 2636 vocationemwt

62 2655 218 2733 livinam‚
251 2677 315 2721 non
339 2657 372 2721 in
396 2656 532 2722 arbitrio
556 2655 684 2738 quidem
709 2656 852 2740 episcopi
875 2661 927 2722 est
950 2656 1125 2722 admittere
1148 2657 1201 2721 vel
1224 2658 1383 2741 repellere

62 2745 275 2822 :andidatum
296 2745 349 2826 qui
367 2767 403 2810 se
419 2745 561 2827 alioquin
579 2744 730 2810 idoneum
746 2745 952 2830 probaverit3
977 2766 1091 2811 verum
1108 2745 1383 2830 dispensationem

62 2857 73 2900 ι
97 2834 301 2900 dioecesanis
324 2835 451 2916 legibus
475 2835 553 2900 dare
577 2834 637 2898 nisi
662 2856 704 2899 ex
728 2835 909 2900 rationibus
939 2839 1030 2900 certo
1060 2835 1207 2918 probatis
1237 2856 1300 2900 non
1333 2840 1383 2902 te-

63 2928 169 2990 retur:
193 2923 341 3006 adeoque
363 2924 397 2988 in
420 2923 479 2990 tali
504 2945 581 2989 casu
605 2923 779 2990 candidato
795 2924 875 2989 nihil
890 2923 1085 3006 relinquitur
1100 2923 1162 2989 nisi
1177 2927 1224 3002 ut,
1248 2924 1277 2988 si
1292 2925 1383 3003 velit,

63 3016 206 3078 recurrat
228 3013 269 3077 ad
293 3013 444 3078 altiorem
468 3012 677 3097 superiorem.

145 3128 183 3194 It.
202 3131 233 3194 2.
265 3127 424 3205 Quoniam
443 3128 641 3212 Theophilus
664 3150 727 3193 non
752 3128 824 3194 vult
847 3127 973 3210 reliquo
997 3127 1189 3194 dioecesano
1213 3130 1300 3194 clero
1325 3128 1382 3194 ad-

63 3217 146 3300 ungi
177 3222 293 3300 atque,
325 3223 362 3284 ut
390 3218 539 3294 videtur,
570 3222 686 3301 postea
716 3217 814 3284 titulo
843 3217 1030 3301 patrimonii
1061 3217 1114 3281 vel
1144 3217 1240 3282 simili
1271 3239 1383 3283 saeros

63 3307 188 3372 ordines
210 3306 392 3390 suscipere:
426 3306 596 3391 episcopus
628 3328 692 3371 uon
716 3314 839 3371 tenetur
862 3327 933 3370 eum
966 3306 1156 3384 admittere,
1190 3307 1247 3372 sed
1277 3309 1382 3375 solum

63 3418 98 3461 ex
122 3395 310 3462 rationabili
335 3416 434 3462 causa
457 3395 611 3462 utilitatis
634 3416 708 3461 eum
732 3394 907 3461 admittere
925 3404 1035 3481 potest.
1079 3396 1284 3480 Quapropter
1306 3417 1382 3479 gra·

63 3485 165 3550 riores
189 3485 394 3550 condiciones
418 3485 448 3550 ei
471 3506 633 3569 apponere
657 3484 784 3562 licebit,
817 3485 887 3549 eive
917 3484 951 3549 in
981 3485 1119 3550 scientia
1142 3487 1383 3570 comprobanda

63 3575 127 3640 sive
162 3574 195 3639 in
230 3574 304 3639 aliis
338 3574 569 3657 qualitatibus,
609 3595 707 3656 quam
745 3595 829 3656 quas
862 3573 917 3638 lex
952 3574 1132 3639 communis
1166 3573 1239 3659 (per
1279 3577 1382 3657 Trici.)

64 3663 222 3748 ‚mpoauit
292 3735 299 3747 ,

146 3769 381 3848 Nihilominus,
412 3770 439 3835 si
463 3774 636 3854 perspecta
660 3775 712 3837 est
735 3790 836 3835 causa
864 3768 1036 3846 utilitatis,
1068 3791 1133 3835 non
1164 3770 1317 3836 convenit
1347 3774 1384 3836 ut

64 3860 230 3944 episcopus
254 3858 349 3923 nimis
371 3858 519 3941 rigorose
548 3859 715 3943 procedat.
763 3862 915 3947 Aliquam
945 3863 1056 3925 tamen
1087 3858 1316 3926 formationem
1350 3860 1382 3923 in

64 3947 231 4014 seminario
254 3948 388 4030 exigere
410 3952 530 4032 potest.

210 4167 396 4235 TITULUS
420 4166 799 4235 SUSTIINTA'IIONIS
823 4168 878 4233 ET
903 4167 1231 4234 ORDINA'IIONIS.

611 4340 722 4407 Casus.
742 4348 818 4416 (205)

146 4491 314 4552 hiaturinus
335 4491 540 4560 seminarista,
562 4492 738 4551 candidatus
760 4491 872 4550 ordinis
893 4491 1025 4566 religiosi
1045 4490 1104 4548 iam
1126 4490 1289 4559 admissus,
1318 4511 1383 4550 cum

65 4595 116 4634 ron
146 4574 270 4632 multum
298 4572 377 4631 absit
404 4577 520 4649 tempus
549 4573 683 4631 ordinum
705 4592 857 4631 sacrorum
879 4572 1137 4642 conferendorum,
1166 4571 1261 4647 cupit,
1290 4572 1383 4648 priua·

65 4675 144 4732 quam
166 4654 324 4727 religiosus
344 4653 414 4724 fiat,
442 4652 560 4711 ordines
580 4653 721 4729 racipere.
762 4653 967 4712 Dioeeeaauua
994 4651 1150 4730 episcopua
1180 4658 1301 4711 recusat
1320 4652 1384 4712 aius

1123 4748 1177 4802 26*
