3044 5174
612 270 664 326 Ubi
683 271 814 326 celebrari
832 271 921 328 liceat.
1364 281 1426 345 145

189 448 246 514 An
275 468 468 525 onansrron
498 451 537 512 2³
559 448 598 514 R.
627 452 654 513 l.
700 448 806 514 Locus
836 471 926 514 socer
957 453 1016 516 aut
1045 450 1210 516 exsecrari
1240 457 1298 517 aut
1326 453 1427 537 pollui
1437 464 1486 518 251

100 541 229 623 potest;
257 543 398 619 utroque
422 537 517 602 modo
540 537 752 605 sanctitatem
776 538 899 605 amittit
929 540 1030 621 fitque
1054 540 1184 624 ineptus
1208 539 1240 605 in
1264 562 1328 623 qno
1352 543 1427 608 abs·

101 649 161 710 que
186 627 362 713 privilegio
393 626 586 692 celebretur.
633 627 852 704 Exsecratur,
883 627 910 692 61
940 627 1084 711 parietes
1115 650 1157 694 ex
1187 651 1308 713 magna
1331 636 1427 715 parte

101 722 268 796 corruant,
292 717 342 783 ita
356 720 394 783 6ι
409 715 617 782 destinationi
634 736 714 782 6666
729 717 820 781 16666
835 721 914 800 epte
929 717 1054 783 serviro
1070 739 1135 783 non
1150 719 1290 804 amplius
1306 720 1426 804 possit3

101 829 163 873 non
189 828 270 872 vero
294 808 495 882 exsecratur,
519 804 546 870 si
562 806 667 871 solum
683 809 807 871 tectum
823 805 956 883 corruit,
980 826 1085 888 neque
1101 842 1144 851 -
1160 812 1198 875 ut
1213 813 1313 874 antea
1330 815 1427 893 puta·

102 897 200 962 batur
221 894 308 960 -si
331 894 469 961 interior
490 893 652 977 parietum
676 899 788 960 crusta
811 915 854 959 ex
877 895 1111 978 maiore-parte
1126 896 1221 962 simul
1245 898 1426 965 auferatur.

101 985 145 1052 Cf.
172 985 206 1051 S.
231 985 272 1051 R.
297 984 331 1050 C.
355 983 385 1048 d.
411 982 441 1048 d.
468 985 508 1049 19
532 983 610 1049 Maii
637 985 738 1049 1896:
763 984 857 1049 Decr.
882 986 968 1050 areth.
993 1006 1025 1052 6.
1048 988 1135 1050 3907
1161 986 1203 1051 ad
1226 986 1267 1052 11.

190 1091 231 1158 n.
257 1093 287 1156 2.
329 1090 491 1156 Polluitur
519 1090 610 1155 locus
639 1110 734 1155 sacer
763 1090 862 1156 certis
893 1090 1080 1156 criminibus
1109 1091 1142 1156 in
1173 1113 1211 1157 eo
1236 1093 1426 1171 commissis,

100 1180 244 1246 scilicet:
271 1179 305 1262 l)
328 1177 555 1245 vulneratione
578 1199 636 1244 666
659 1179 829 1261 sanguinis
845 1179 1011 1257 offusione,
1037 1179 1070 1262 2)
1087 1180 1268 1261 homicidio,
1295 1182 1328 1265 3)
1345 1184 1427 1248 effu·

100 1271 192 1336 sione
215 1267 349 1335 hnmani
365 1266 508 1346 seminis,
533 1267 568 1350 4)
590 1267 760 1352 sepultura
776 1267 916 1333 hominis
931 1268 1080 1347 infidelis,
1104 1269 1125 1338 i.
1149 1290 1177 1336 6.
1194 1271 1428 1358 non-baptizoti

100 1360 148 1425 661
176 1359 213 1441 5)
238 1355 511 1424 excommunicati
534 1357 669 1423 uitandi.

189 1466 231 1533 R.
256 1467 287 1533 3.
334 1463 477 1531 Crimina
499 1463 573 1541 illa,
605 1467 642 1530 ut
665 1462 837 1528 ecclesiam
859 1463 1027 1547 polluant,
1059 1464 1179 1532 debent
1202 1485 1274 1532 6666
1298 1467 1427 1536 notoria

100 1560 130 1623 et
154 1555 190 1620 in
214 1554 288 1639 ipsa
312 1553 469 1631 66616616,
492 1574 557 1620 666
580 1551 613 1617 16
636 1551 718 1617 16616
742 1552 950 1630 accessoriis,
974 1557 1012 1619 ut
1034 1553 1205 1633 sacristia,
1229 1560 1329 1633 tecto,
1354 1578 1427 1625 csse

99 1645 207 1711 facta:
233 1664 309 1709 nam
332 1642 404 1709 loco
428 1641 558 1724 quidem
581 1641 753 1726 principali
768 1641 895 1725 polluto
910 1641 1100 1726 polluuntur
1112 1640 1216 1710 ¹etiam
1232 1646 1426 1726 accessoria,

100 1734 155 1800 sed
181 1756 246 1800 non
270 1735 408 1798 vicissim
431 1755 446 1798 e
469 1753 624 1797 converso.
675 1731 731 1797 Tb.
756 1753 797 1797 m.
822 1730 863 1808 11,
889 1733 963 1797 222.

189 1839 230 1907 R.
254 1842 286 1906 4.
332 1838 491 1904 Aufertur
519 1837 656 1922 pollutio
684 1839 937 1903 reconciliatione
960 1858 1044 1920 quae
1073 1838 1195 1904 sufficit
1219 1843 1352 1926 attriplex
1358 1895 1367 1926 ,
1399 1842 1426 1913 61

100 1931 191 1996 16666
214 1949 310 1994 sacer
331 1926 441 1994 factus
463 1932 515 1994 66ι
537 1926 608 1993 6616
631 1925 874 2001 benedictione;
899 1926 1076 2008 requiritur
1094 1928 1261 1994 sollemnis
1276 1950 1336 2014 per
1358 1932 1427 2014 epi·

99 2039 244 2104 scopum,
268 2018 297 2083 61
319 2016 410 2084 locus
432 2037 526 2082 sacer
549 2019 622 2083 erat
644 2019 864 2092 consecratus,
888 2014 1095 2082 nihilominus
1118 2016 1289 2085 etiamtum
1312 2020 1354 2086 ad
1377 2020 1427 2085 in·

99 2109 196 2175 terim
208 2105 280 2172 lieri
292 2109 403 2189 potest
414 2105 636 2172 reconciliatio
648 2104 1028 2189 simplexapresbytero
1038 2105 1201 2188 delegato.
1231 2109 1286 2174 Tb.
1297 2131 1339 2177 66.
1349 2109 1426 2178 ibid.

187 2230 243 2298 An
272 2249 464 2307 onsnsmnn
495 2231 534 2294 3·
564 2228 602 2295 R.
636 2232 664 2294 1.
717 2227 890 2294 Caesarius
922 2249 964 2292 ex
993 2229 1140 2313 pluribus
1170 2230 1331 2314 capitibus
1361 2247 1488 2302 non-252

98 2325 188 2390 recte
212 2319 292 2403 egit.
338 2319 425 2384 Nam
445 2321 551 2403 primo
580 2317 707 2401 polluta
730 2339 796 2383 non
819 2322 892 2384 erat
916 2318 1071 2396 ecclesia,
1103 2317 1179 2401 quie
1208 2319 1344 2387 crimina
1367 2343 1426 2405 pa·

98 2415 188 2479 trata
219 2429 286 2474 non
315 2413 411 2474 erant
440 2406 578 2473 notoria.
626 2406 830 2490 Exspectare
860 2406 962 2489 igitur
991 2407 1099 2491 potnit
1129 2408 1182 2474 vel
1214 2409 1327 2477 debuit
1349 2411 1426 2476 dum

98 2501 185 2568 forte
209 2496 399 2581 aliquavis
420 2495 550 2562 notoria
572 2496 698 2562 fierent.

188 2613 228 2681 R.
254 2615 284 2680 2.
330 2612 446 2696 Neque
476 2631 519 2676 ex
541 2610 714 2677 homicidio
744 2611 878 2677 inducta
908 2616 960 2678 est
988 2611 1125 2694 pollutio
1156 2613 1330 2692 ccclesiae,
1362 2614 1424 2681 etsi

98 2708 216 2789 postea
245 2724 300 2768 res
329 2707 409 2768 nota
437 2702 548 2775 fieret3
580 2721 655 2766 nam
685 2699 807 2766 crimen
838 2700 871 2765 in
894 2699 1047 2766 sacristia
1069 2705 1238 2784 peractum
1262 2723 1327 2768 non
1350 2704 1425 2770 red·

99 2794 203 2860 undat
237 2791 270 2856 in
305 2790 512 2875 polluendam
547 2789 728 2855 ecclesiam.
762 2828 806 2837 -
842 2790 945 2855 Actus
975 2787 1156 2873 coniugalis
1186 2795 1296 2858 autem
1328 2796 1424 2876 aptus

97 2883 229 2967 quidem
254 2880 384 2963 estqui
406 2878 619 2964 pollutionem
641 2878 786 2945 inducat.
832 2878 919 2944 Nam
942 2877 1005 2944 etsi
1028 2899 1093 2944 non
1123 2878 1251 2946 ratione
1273 2881 1424 2948 luxuriae

96 2969 328 3057 peccaminosa
351 2975 403 3036 est
426 2967 558 3034 seminis
581 2966 639 3033 illa
654 2967 779 3044 effusio,
803 2971 916 3033 tamen
932 2971 984 3033 est
999 2967 1127 3034 ratione
1149 2969 1323 3052 sacrilegii,
1347 2971 1424 3052 quia

96 3059 281 3127 necessitas
304 3078 369 3124 non
392 3061 466 3124 crat
489 3057 520 3122 in
544 3056 616 3122 loco
640 3077 734 3121 sacro
757 3056 857 3122 istum
873 3059 983 3122 actum
998 3057 1188 3135 exercendi;
1213 3059 1328 3140 quodsi
1351 3065 1424 3126 ten·

96 3151 181 3218 tatio
205 3147 357 3232 urgebat,
382 3147 447 3212 alio
471 3146 505 3211 in
527 3145 598 3211 loco
622 3166 725 3228 eoque
748 3145 886 3229 profano
903 3145 1057 3228 coniuges
1073 3144 1133 3211 sibi
1150 3146 1343 3213 satisfacere
1368 3149 1424 3214 dc·

95 3240 229 3307 bebant.
278 3237 400 3302 Verum
424 3234 501 3318 quia
523 3255 576 3300 ros
599 3235 729 3301 noton'e
752 3256 817 3301 non
840 3238 902 3313 cst,
926 3233 1062 3319 pollutio
1085 3235 1228 3301 nondum
1251 3237 1356 3304 adest.

186 3354 227 3422 R.
253 3355 283 3418 3.
329 3352 379 3417 Eo
402 3350 510 3433 magis
533 3348 704 3416 Caesarius
727 3351 813 3416 male
837 3350 925 3433 egit,
957 3349 1044 3432 quod
1067 3350 1186 3417 notitia
1209 3352 1424 3419 confessionis

95 3466 175 3510 usus
199 3447 251 3509 est
274 3441 316 3508 ad
340 3441 425 3507 hunc
448 3444 621 3506 externum
645 3439 764 3521 agendi
780 3440 921 3505 modum.
952 3438 1005 3504 Ad
1028 3439 1115 3521 quod
1138 3460 1218 3506 sanc
1241 3462 1306 3507 non
1329 3448 1423 3510 tene·

94 3535 211 3610 batur,
243 3531 303 3597 etsi
328 3534 437 3596 actum
462 3531 550 3595 esset
573 3528 613 3594 de
636 3528 770 3595 vitando
795 3527 958 3595 materiali
981 3528 1171 3612 sacrilegio,
1195 3530 1282 3611 quod
1305 3531 1357 3597 hic
1381 3553 1423 3597 66

94 3624 127 3688 16
152 3620 379 3705 quaestionem
404 3617 532 3703 quidem
549 3617 719 3695 veniebat;
743 3617 841 3683 immo
865 3617 898 3683 in
921 3617 1010 3682 hisce
1034 3617 1289 3685 circumstantiis
1313 3620 1422 3704 potius

94 3711 273 3778 tenebatur
302 3708 344 3775 ab
375 3707 461 3775 omni
495 3706 708 3773 confessionis
741 3707 859 3773 notitia
891 3706 1102 3783 abstrahere,
1136 3706 1213 3789 quia
1242 3709 1423 3792 periculum

92 3804 170 3869 erat
192 3820 235 3870 nc
257 3797 397 3883 suspicio
421 3801 536 3864 contra
559 3796 797 3863 confessionem
820 3796 929 3878 aliqua
953 3794 1103 3862 oriretur.

219 4008 395 4075 ALTARE
418 4007 664 4073 PORTATILE
689 4007 744 4071 ET
769 4005 1032 4073 ORATORIUM
1056 4006 1299 4075 PRIVATUM.

665 4171 775 4237 Casus.
793 4178 851 4245 (73)

186 4318 326 4389 Cassius,
357 4322 390 4376 nt
418 4315 622 4375 missionarius
643 4335 697 4392 pro
719 4316 830 4386 Indiis,
859 4314 986 4374 donatus
1015 4320 1061 4374 est
1083 4334 1100 4372 a
1122 4313 1151 4373 S.
1173 4313 1248 4371 Sede
1277 4314 1420 4375 facultate

92 4399 265 4461 celebrandi
286 4398 316 4457 in
338 4398 426 4457 altari
448 4396 580 4473 portatili
610 4396 639 4454 in
661 4396 727 4455 loco
749 4397 890 4464 honesto,
922 4395 1010 4453 etiam
1038 4396 1092 4453 sub
1120 4399 1200 4452 terra
1228 4399 1258 4452 et
1287 4397 1418 4466 subdio,

91 4483 142 4542 vel
171 4480 236 4540 sine
256 4477 409 4548 ministro,
440 4478 466 4536 61
487 4477 589 4535 haberi
611 4483 745 4552 nequeat.
788 4476 980 4550 Negotiornm
1003 4493 1094 4534 causa
1115 4473 1145 4530 in
1167 4473 1313 4550 Europam
1335 4477 1419 4552 proli·

92 4562 212 4622 ciscens
233 4579 288 4618 sua
309 4559 453 4617 facultate
474 4557 584 4626 utitur,
613 4563 646 4614 ut
668 4558 798 4616 celebret
823 4557 852 4613 in
874 4556 944 4613 navi
972 4556 1002 4614 in
1025 4574 1080 4613 666
1101 4572 1190 4623 6666,
1220 4554 1248 4611 16
1271 4555 1419 4632 Europam

91 4643 240 4701 advectus
260 4639 289 4698 in
313 4638 429 4715 privato
452 4636 581 4697 oratorio
602 4637 710 4695 nobilis
732 4637 797 4706 viri,
820 4637 849 4695 in
872 4655 928 4712 quo
949 4636 1034 4695 modo
1050 4633 1223 4710 capellanus
1239 4635 1418 4696 domesticus

144 4742 315 4790 Lebmknhl,
329 4742 401 4782 Cusus
415 4740 573 4781 conectentlae.
593 4739 620 4780 11.
1179 4730 1212 4785 10
