3044 5174
335 295 452 349 Materia
470 294 607 364 proxima:
627 294 769 358 confessio,
789 312 842 364 quo
861 311 943 348 sensu
961 292 1103 348 iudicialis.
1319 296 1383 359 223

109 523 410 592 PECGATORUM
433 524 691 590 ENARRATIO
717 522 853 589 AMICA
876 523 961 589 PRO
987 522 1325 590 SACRAMENTALI

568 664 877 732 CONFESSIONE.

618 830 728 896 Casus.
748 837 825 903 (111)

147 970 292 1032 Callistus
313 991 331 1030 a
352 971 452 1030 multis
474 971 560 1030 annis
582 991 641 1031 non
670 971 825 1030 confessus
853 969 986 1046 graviter
1013 975 1174 1045 aegrotans
1195 968 1384 1028 nibilominus

56 1053 279 1111 confessionem
307 1071 450 1128 peragere
478 1052 584 1110 renuit.
634 1051 706 1110 Cum
735 1051 874 1111 admittat
902 1050 1026 1109 amicam
1056 1050 1221 1109 sacerdotis
1250 1050 1384 1108 extranei

56 1132 280 1204 visitationem,
311 1131 359 1190 hic
380 1137 449 1209 post
470 1132 582 1208 aliquot
601 1131 791 1191 visitationes
818 1131 944 1190 iteratas
965 1130 1071 1206 incipit
1091 1150 1215 1189 narrare
1236 1129 1384 1206 propriam

56 1213 150 1271 vitam
173 1212 249 1271 satis
271 1211 432 1288 agitatam
454 1232 511 1289 quo
533 1217 673 1287 aegrotus
695 1211 843 1270 inducitur
865 1217 897 1270 ιιι
919 1210 1051 1270 vicissim
1072 1230 1144 1269 suae
1165 1210 1245 1269 vitae
1268 1229 1384 1268 cursum

57 1293 152 1352 amice
175 1298 286 1362 narret.
329 1291 413 1364 Quod
435 1311 500 1350 cum
523 1293 634 1351 iactum
656 1292 705 1361 sit,
727 1291 877 1362 sacerdos,
900 1310 1075 1367 quamquam
1096 1295 1188 1350 totam
1210 1290 1317 1349 seriem
1339 1309 1385 1348 ac·

56 1379 154 1432 torum
178 1393 239 1432 non
261 1372 386 1449 amplius
408 1372 549 1432 memoria
569 1377 669 1443 tenet,
692 1373 770 1432 stola
791 1390 824 1430 se
844 1371 941 1431 induit
961 1377 991 1430 et
1013 1377 1134 1446 aegroto
1159 1371 1291 1429 declarat
1311 1369 1385 1428 nihil

58 1454 187 1530 amplius
208 1460 338 1522 restare,
367 1452 425 1511 nisi
446 1458 480 1511 ut
500 1453 599 1512 doleat
620 1459 651 1510 et
672 1453 885 1511 absolutionem
906 1451 1047 1528 recipiat;
1076 1451 1293 1511 confessionem
1315 1450 1385 1509 alio·

58 1534 126 1610 quin
149 1553 219 1593 esse
240 1538 401 1610 peractam.
444 1531 527 1602 Quod
548 1539 688 1609 aegrotus
711 1532 934 1609 obstupefactus
956 1530 1093 1591 admittit.

59 1645 240 1716 Qussmrun
262 1650 291 1706 1Ο
311 1647 449 1707 valeatne
471 1647 566 1707 amica
587 1647 719 1706 narratio
741 1667 795 1724 pro
816 1647 1003 1706 confessione
1024 1646 1242 1706 sacramentali.

257 1740 288 1803 20'
307 1750 426 1804 rectene
448 1766 466 1804 ι
487 1747 641 1805 sacerdote
662 1750 760 1804 actum
782 1745 829 1804 sit.

259 1845 289 1903 3⁰
310 1843 394 1920 quid,
425 1844 451 1903 si
473 1844 613 1904 Callistus
635 1863 726 1903 sanus
747 1843 778 1902 in
799 1843 904 1903 itinere
926 1861 996 1902 casu
1018 1842 1110 1903 vitam
1132 1861 1216 1901 suam
1238 1842 1386 1902 sacerdoti

311 1923 384 1982 nihil
406 1925 442 1984 de
464 1924 651 1984 confessione
673 1923 817 1999 cogitanti
838 1930 999 1982 narrasset.

10 2012 15 2039 ι

10 2050 15 2109 i

10 2113 15 2223 ι
657 2107 791 2175 Salutio.

10 2318 17 2331 .
149 2249 204 2312 An
235 2268 425 2324 ousasrruu
453 2251 489 2313 1¹¹¹
512 2247 551 2314 R.
578 2251 607 2314 1.
654 2249 786 2315 Certum
809 2253 862 2316 est
884 2248 1105 2315 narrationem
1134 2249 1238 2314 amico
1262 2249 1384 2314 factam
1395 2255 1447 2310 583

62 2346 92 2401 ut
115 2339 213 2402 talem
236 2358 299 2401 non
324 2337 436 2402 valere
459 2337 501 2402 ad
525 2342 777 2417 sacramentum,
802 2338 879 2421 quia
900 2338 982 2404 haec
1005 2339 1151 2404 narratio
1168 2338 1298 2403 uitalis
1321 2359 1385 2403 non

60 2432 110 2493 est
134 2425 386 2492 sacramentalis
410 2427 581 2493 confessio.
635 2494 639 2501 ,

150 2531 191 2598 R.
217 2533 248 2597 2.
289 2532 421 2598 Certum
445 2536 497 2599 est
520 2533 632 2599 valere
655 2533 914 2616 recognitionem
936 2555 995 2599 seu
1018 2533 1286 2618 approbationem
1310 2532 1386 2598 talis

10 2662 15 2703 q
61 2619 264 2687 narrationis
287 2642 372 2686 nunc
395 2622 429 2686 in
458 2621 571 2688 ordine
601 2623 643 2688 ad
675 2623 913 2689 absolutionem
942 2623 1160 2708 recipiendam
1192 2622 1291 2688 etiam
1322 2642 1386 2686 uno

10 2715 15 2812 ι
62 2711 163 2776 verbo
194 2710 336 2787 factam,
372 2710 400 2776 si
430 2712 584 2777 sacerdos
613 2711 757 2777 omnium
787 2715 995 2796 peccatorum
1027 2712 1148 2778 retinet
1177 2711 1385 2776 memoriam:

10 2823 14 2866 ,ι
61 2798 242 2882 quietalis
265 2799 459 2883 approbatio
482 2821 540 2866 seu
564 2800 744 2884 recognitio
768 2801 957 2883 aequivalet
972 2801 1095 2868 actuali
1118 2800 1315 2867 confessioni
1337 2799 1386 2865 in-

10 2898 12 2903 '
62 2895 189 2972 tegras,
214 2909 319 2971 eaque
342 2910 377 2954 re
400 2889 473 2973 ipsa
495 2891 745 2956 sacramentalis
769 2894 829 2959 est.

10 3008 15 3037 ¹
150 2995 192 3060 R.
217 2998 247 3060 3.
294 2994 328 3061 si
351 3016 431 3061 vero
454 2997 608 3062 sacerdos
639 3018 703 3062 non
734 2996 939 3074 distinctam,
970 2997 1028 3062 sed
1058 2996 1227 3061 confusam
1257 2999 1384 3062 tantum

10 3046 23 3213 l·
61 3084 253 3150 memoriam
276 3085 406 3163 retinet,
430 3085 679 3153 contumetiam
696 3090 747 3152 est
763 3086 967 3152 sacerdotem
983 3106 1079 3171 posse
1095 3085 1229 3167 exigere
1252 3085 1386 3151 distinc-

61 3175 180 3240 tiorem
203 3173 425 3238 narrationem
449 3174 634 3257 repetitam,
658 3175 711 3240 vel
735 3175 835 3241 etiam
859 3176 978 3241 debere
1001 3197 1073 3240 eam
1098 3174 1240 3256 exigere
1265 3174 1292 3239 si
1316 3174 1385 3258 ipse

62 3263 188 3329 iudicat
210 3262 243 3327 id
267 3262 328 3327 sibi
352 3263 570 3329 necessarium
595 3284 668 3329 esse
698 3268 736 3331 ut
765 3285 824 3348 pro
855 3265 1110 3331 circumstantiis
1133 3266 1173 3329 de
1195 3263 1385 3347 paenitente

62 3353 197 3434 eiusque
229 3351 374 3435 peccatis
406 3357 531 3418 rectum
563 3352 717 3418 iudicium
754 3352 851 3419 ferat.
905 3355 951 3419 At
984 3353 1240 3420 controvertitur
1276 3358 1384 3419 utrum

10 3445 160 3527 poss-it
185 3441 321 3506 confusa
343 3441 401 3507 illa
430 3442 588 3507 memoria
618 3463 690 3508 esse
719 3446 909 3519 contentus,
940 3442 967 3507 si
998 3443 1068 3527 ipse
1098 3448 1191 3545 putet
1177 3443 1386 3508 ttractandi

61 3531 194 3596 modurn
218 3551 298 3611 erga
320 3531 543 3613 paenitentem
566 3552 609 3596 ex
632 3532 700 3598 not
702 3532 749 3597 ιιι
766 3532 819 3596 vel
843 3531 1000 3598 memoria
1022 3532 1127 3614 magis
1143 3531 1207 3596 dist
1192 3532 1300 3598 tincta
1322 3553 1385 3597 non

10 3618 258 3686 mutatum
248 3618 298 3686 rri.

10 3718 20 3823 ἓ,
153 3727 193 3792 R.
218 3728 249 3793 4.
281 3726 360 3792 Cum
385 3720 547 3810 utrunque
571 3731 723 3793 auctores
748 3727 944 3794 adsintnon
960 3726 1143 3812 spernend1
1169 3726 1387 3793 confessarius

10 3834 15 3907 ἰ
61 3822 137 3884 tuto
160 3816 338 3900 procedere
361 3820 479 3898 potest,
505 3817 533 3881 si
556 3817 651 3918 ιιοιι
616 3837 675 3882 ιιι
627 3816 853 3884 tdistincta
817 3821 974 3884 tentes
990 3822 1145 3901 percepta
1169 3837 1242 3881 cum
1264 3837 1387 3882 memo-

10 3912 19 3987 ξ
61 3907 111 3971 ria
136 3904 273 3970 confusa
297 3905 418 3972 actuali
442 3927 517 3971 eum
546 3909 599 3971 sat
597 3905 629 3970 is
659 3905 817 3988 dirigat
809 3929 842 3971 m
865 3906 1039 3973 tractando
1070 3906 1182 3990 paenit
1184 3911 1259 3972 ente
1283 3927 1387 3987 nequo

61 3994 309 4062 timenditratio
332 3995 439 4060 sitne
462 3995 495 4060 iu
519 4016 555 4060 re
579 3995 688 4078 aliqua
712 3995 898 4061 necessaria
913 3995 1021 4061 defeci
1007 4000 1061 4061 tus
1080 3996 1314 4070 committatur,
1339 3995 1387 4059 id-

62 4106 127 4167 que
150 4084 303 4162 maxime,
328 4085 458 4166 quando
482 4085 523 4149 ab
547 4084 649 4163 initio,
675 4106 746 4149 cum
771 4086 939 4168 exciperet
962 4085 1184 4151 narrationem
1203 4084 1305 4150 arnice
1330 4083 1387 4148 da-

10 4208 24 4239 ·
61 4179 150 4250 tam,
182 4173 247 4238 iam
274 4173 490 4256 suspicionem
521 4174 707 4257 conciperet
737 4195 772 4239 se
796 4196 892 4257 posse
921 4173 996 4239 inde
1020 4195 1134 4239 ansam
1161 4193 1290 4237 sumere
1314 4193 1387 4255 per-

62 4262 217 4329 movendi
255 4262 478 4345 paenitentem
519 4262 560 4328 ad
595 4268 837 4329 sacramentum
876 4264 1097 4347 paenitentiae
1136 4262 1385 4346 suscipiendum.

67 4354 124 4418 lli.
149 4374 190 4417 m.
214 4350 256 4430 ΙΙ,
282 4354 362 4426 348;
388 4351 694 4418 Bellen-Palm.
720 4352 740 4418 l.
766 4373 793 4418 c.
819 4374 849 4418 n.
874 4355 938 4417 467
956 4373 1027 4434 sqq.

152 4474 207 4540 An
231 4495 422 4550 ouxnsmuu
448 4479 486 4539 2¹²¹
509 4475 547 4540 R.
595 4476 647 4539 Ex
671 4475 767 4542 dictis
791 4475 932 4542 dubitari
956 4475 1069 4557 nequit
1096 4474 1172 4556 quin
1196 4473 1449 4540 modusi110384

62 4564 278 4648 excipiendae
302 4564 513 4630 confessionis
537 4564 637 4629 fuerit
659 4565 756 4648 plane
780 4565 954 4630 sufficiens.
991 4564 1151 4648 Exceptio
1176 4562 1388 4629 confessionis

63 4656 155 4721 facta
179 4660 232 4720 est
254 4674 275 4718 a
297 4653 403 4719 iudice
426 4654 523 4735 idque
546 4654 647 4720 etiam
670 4653 881 4733 iudicialiter,
914 4675 986 4719 cum
1010 4653 1163 4719 sacerdos
1186 4653 1251 4717 iam
1274 4651 1387 4718 statim

10 4806 27 4837 b
