3044 5174
153 261 215 324 124
670 257 710 312 De
728 273 765 313 se.
785 257 957 313 eucharistia.

150 433 281 499 homine
302 432 439 517 pauperi
463 432 514 497 cui
529 452 633 515 grave
654 432 718 498 fuit
733 431 824 498 illam
839 432 1009 517 pecuniam
1027 433 1190 517 colligere,
1214 435 1351 518 gravius
1366 435 1477 503 fructu

150 522 269 587 missae
293 526 425 605 sperato
448 521 581 605 privari.

239 612 274 693 3)
298 611 419 677 Utrum
441 610 527 676 idem
551 609 680 675 omnino
703 610 808 676 teneri
832 611 950 677 debeat
973 611 1072 677 etiam
1095 611 1130 676 in
1152 610 1226 677 aliis
1249 612 1390 690 casibus,
1415 613 1476 678 im·

149 699 263 784 primis
294 700 423 781 quando
447 721 505 783 pro
528 721 594 764 una
625 699 804 783 eademque
828 721 927 765 causa
956 721 1094 783 magnus
1124 722 1278 767 numerus
1300 702 1475 768 missarum

151 789 420 854 celebrandarum
443 788 603 873 stipendio
627 788 705 855 dato
728 789 868 873 petitur,
899 790 956 855 sed
988 811 1052 855 una
1081 789 1231 856 alterave
1253 812 1290 856 re
1313 791 1386 876 ipsa
1410 813 1474 857 non

151 879 353 954 celebratur,
385 899 428 943 an
457 877 489 942 in
513 877 573 943 tali
598 898 676 942 casu
705 878 787 943 haec
810 877 941 943 omissio
971 884 1149 945 excusetur
1171 900 1191 944 a
1214 881 1312 964 culpa
1335 884 1474 958 mortali,

151 988 216 1032 non
238 966 286 1031 ita
310 970 450 1032 constat.
482 967 712 1049 Benigniorem
728 967 926 1033 sententiam
941 966 1108 1033 affimrare
1123 968 1253 1050 quidem
1269 990 1335 1034 nou
1351 969 1474 1044 audeo;

151 1056 192 1122 do
216 1060 326 1121 tamen
350 1056 495 1121 rationes
518 1076 602 1138 quae
625 1054 852 1137 aliquomodo
876 1076 948 1121 eam
972 1057 1110 1122 suadere
1132 1055 1278 1140 possint:

241 1145 404 1227 Obligatio
435 1144 539 1210 oritur
569 1165 611 1209 ex
641 1148 813 1210 contractu
842 1145 1014 1211 bilaterali.
1061 1145 1125 1211 Sed
1154 1145 1188 1210 in
1211 1146 1271 1212 tali
1301 1149 1474 1212 contractu

152 1234 302 1316 gravitas
325 1233 535 1315 obligationis
558 1233 692 1298 adrem
716 1234 948 1316 praestandam
979 1233 1109 1301 videtur
1131 1235 1273 1318 pendere
1296 1256 1339 1301 ex
1362 1236 1475 1318 gravi-

151 1328 223 1389 tate
246 1322 294 1387 rei
318 1327 483 1407 acceptae.
530 1322 622 1387 Haec
653 1326 763 1388 autem
793 1343 858 1387 non
880 1323 966 1399 solet
989 1343 1062 1389 esse
1085 1344 1154 1400 ree,
1185 1344 1269 1406 quae
1292 1327 1475 1390 constituat

151 1411 324 1477 materiam
353 1433 507 1495 gravem3
538 1433 615 1476 nam
638 1410 835 1496 stipendium
865 1415 1057 1478 consuetum
1086 1412 1225 1478 multum
1248 1413 1366 1479 haeret
1389 1413 1476 1479 intra

150 1501 321 1567 materiam
338 1522 473 1583 gravem
489 1500 522 1565 in
538 1499 664 1565 iustitia
679 1499 923 1566 commutativa.
947 1499 1040 1568 Licet
1054 1501 1140 1567 enim
1155 1501 1351 1585 stipendium
1368 1503 1475 1568 nulla·

151 1595 247 1657 tenus
270 1590 374 1674 possit
397 1588 596 1655 considerari
619 1593 656 1654 ut
678 1589 820 1673 pretium
843 1588 889 1669 (id
913 1589 999 1655 enim
1022 1590 1160 1656 simonia
1183 1590 1259 1672 est),
1282 1595 1396 1657 tamen
1417 1592 1474 1657 aab

150 1682 244 1765 proci
265 1679 470 1745 sacerdotem
493 1678 640 1760 obligare
655 1678 741 1744 velle
764 1699 806 1743 ex
829 1700 866 1743 re
887 1678 953 1743 levi
974 1679 1139 1763 reciproce
1162 1680 1240 1746 data
1263 1680 1395 1747 videtur
1410 1701 1475 1745 non

151 1767 344 1843 convenire;
384 1788 491 1850 neque
525 1767 679 1833 sacerdos
712 1766 845 1833 videtur
877 1767 912 1832 in
945 1767 1030 1833 hanc
1068 1789 1205 1851 gravem
1240 1769 1474 1852 obligationem

151 1855 345 1922 consentire.

241 1945 345 2011 Video
369 1945 499 2028 quidem
522 1965 618 2028 posse
635 1944 769 2027 opponi:
795 1944 998 2011 sacerdotem
1022 1944 1076 2026 qui
1099 1945 1181 2012 nolit
1203 1965 1340 2027 gravem
1364 1946 1475 2011 subire

152 2033 385 2116 obligationem
409 2034 528 2099 debere
557 2033 590 2099 id
613 2053 746 2098 monere
769 2032 861 2098 illum
885 2033 940 2115 qui
962 2033 1159 2117 stipendium
1183 2037 1296 2112 offert3
1328 2035 1475 2118 alioquin

151 2121 242 2189 illum
266 2122 375 2188 subire
398 2143 501 2206 grave
517 2122 680 2198 damnum,
706 2142 743 2186 eo
760 2121 846 2204 quod
869 2121 1019 2206 privetur
1033 2143 1069 2189 re
1085 2122 1195 2206 magni
1219 2123 1387 2202 momenti,
1411 2124 1471 2190 sci·

151 2211 230 2279 licet
252 2211 412 2278 fructibus
436 2211 555 2276 missae
578 2232 659 2293 quos
682 2214 804 2294 sperat.
851 2211 988 2294 Insuper
1011 2211 1129 2294 opponi
1157 2217 1268 2296 potest
1291 2213 1347 2278 lex
1370 2213 1475 2279 eccle·

151 2300 304 2378 sicema,
336 2321 420 2384 quae
450 2299 657 2366 severissime
687 2302 783 2365 cavet
813 2304 851 2366 ut
879 2304 931 2366 tot
954 2300 1083 2365 omnino
1113 2300 1233 2367 missae
1257 2302 1473 2378 celebrentur,

152 2395 232 2472 quot
262 2389 427 2473 stipendia
456 2389 579 2455 fuerint
609 2392 746 2472 accepta
769 2386 824 2468 (cf.
850 2388 958 2454 Const.
983 2388 1119 2456 Innoc.
1143 2389 1206 2456 XII
1229 2390 1366 2477 Nuper).
1410 2392 1473 2457 Ec-

151 2479 251 2545 clesia
281 2479 350 2544 sine
381 2477 477 2543 dubio
508 2478 551 2543 ad
580 2477 726 2544 tollenda
754 2477 900 2561 pericula.
932 2478 1081 2559 graviter
1111 2478 1258 2562 obligare
1291 2484 1402 2563 potest
1433 2480 1474 2545 ad

151 2567 316 2650 quaslibet
339 2568 456 2632 missas
480 2570 643 2652 singulam·
671 2587 748 2631 num
778 2566 945 2632 autemid
968 2567 1085 2633 fecerit
1107 2588 1143 2632 re
1167 2589 1263 2643 vere,
1293 2568 1392 2650 idque
1415 2589 1474 2652 pro

152 2657 239 2722 omni
263 2678 358 2735 casu,
391 2657 452 2721 hoc
476 2676 518 2720 ex
541 2656 615 2738 lege
638 2655 806 2721 Ecclesiae
830 2655 885 2720 alii
914 2677 979 2720 non
1002 2657 1049 2722 ita
1013 2656 1160 2768 tclare
1185 2656 1295 2739 colligi
1319 2656 1472 2724 dixerint.

151 2745 200 2813 uf
224 2746 401 2812 Baller:
410 2743 655 2810 Palmieril.
680 2766 707 2810 c.
731 2766 762 2810 ιι.
788 2748 862 2810 250.

241 2835 278 2900 ln
308 2856 343 2899 re
366 2829 435 2900 tam
458 2834 554 2915 gravi
577 2832 658 2898 certi
681 2831 802 2915 aliquid
826 2832 933 2898 dicere
958 2832 1074 2908 nolim,
1109 2834 1165 2898 sed
1193 2834 1331 2899 aliorum
1356 2835 1474 2901 iudicio

151 2923 298 3006 relinquo
315 2925 498 3001 decernere,
523 2944 599 2986 num
621 2926 696 3005 post
712 2922 780 2988 fact
765 2927 836 2988 tum
852 2921 1041 3004 benigniore
1061 2884 1119 2987 illa
1135 2924 1299 2990 sententia
1315 2924 1362 2989 uti
1379 2945 1475 3008 posse

150 3013 317 3097 probabile
340 3012 493 3078 habeant.

182 3203 469 3272 PERMUTATIO
493 3202 720 3288 MISSARUM
744 3202 1076 3269 STIPENDIORUM
1099 3203 1190 3270 CUM
1213 3203 1444 3272 MERCIBUS.

718 3350 828 3418 Casus.
849 3358 907 3426 (62)

240 3494 414 3553 Ammianus
435 3493 575 3552 sacerdos
596 3491 765 3550 moderator
790 3491 954 3550 libellorum
982 3490 1212 3568 periodicorum,
1241 3492 1325 3552 cuius
1353 3494 1473 3552 admini-

151 3574 325 3634 strationem
346 3574 437 3632 habet
456 3572 616 3649 bibliopola
631 3571 694 3630 eius
715 3572 815 3640 frater,
839 3589 999 3646 congruam
1013 3570 1186 3630 libellorum·
1197 3571 1383 3632 diffusionem
1397 3574 1473 3633 inter

151 3655 276 3714 clericos
297 3674 357 3713 non
377 3653 513 3723 habebit,
535 3652 593 3711 nisi
613 3651 651 3710 iis
672 3670 830 3727 procurare
851 3650 949 3728 possit
970 3651 1117 3727 stipendia
1138 3651 1294 3711 missarum
1316 3673 1391 3729 quas
1412 3675 1471 3732 per·

151 3734 278 3807 solvant,
300 3735 343 3793 its
364 3739 397 3793 ut
418 3732 564 3808 stipendia
585 3731 742 3791 Ammiano
763 3732 865 3791 eiusve
880 3731 965 3791 fratri
979 3731 1193 3807 relinquantur,
1216 3733 1388 3794 sacerdotes
1409 3735 1472 3794 loco
1514 3758 1516 3767 ·

151 3834 251 3874 eorum
272 3815 422 3891 accipiant
441 3813 558 3872 libellos
578 3812 753 3890 periodicos.

239 3921 374 3991 Qunamr
395 3919 485 3996 igitur
505 3919 678 3978 Ammianus
700 3918 768 3994 quid
788 3919 846 3977 hac
866 3918 897 3977 in
918 3939 950 3979 re
970 3919 1069 3979 liceat.

742 4100 879 4168 summ
1513 4083 1516 4231 l

239 4247 293 4348 An
311 4265 502 4321 ousrsrrun
526 4244 566 4308 de
589 4241 829 4326 permutatione
853 4240 1088 4325 stipendiorum
1112 4263 1183 4306 cum
1206 4242 1299 4307 libris
1323 4244 1378 4309 rel
1402 4245 1472 4311 aliis
1514 4238 1516 4266 '

88 4336 334 4511 plememlddlsl.
381 4430 543 4515 imprimis
567 4430 658 4511 leges
680 4428 757 4493 illae
782 4428 1001 4495 attendendae
1024 4432 1101 4493 sunt
1133 4450 1216 4510 quae
1247 4451 1310 4494 non
1344 4435 1470 4498 tantum
1514 4355 1516 4453 A

150 4528 368 4588 mercaturam
399 4519 529 4604 proprie
562 4518 682 4584 dictam
711 4539 783 4583 cum
806 4518 979 4582 missarum
1003 4517 1171 4600 stipendiis
1195 4519 1386 4600 prohibent,
1417 4520 1471 4585 sed
1513 4517 1516 4610 l

151 4611 250 4677 etiam
275 4632 314 4676 ea
337 4631 421 4692 quae
437 4608 578 4693 speciem
595 4608 758 4690 quandam
775 4610 979 4672 mercaturae
996 4607 1135 4689 sapiunt.
1169 4607 1258 4683 Quae
1275 4609 1472 4693 colliguntur
1514 4699 1516 4719 Ι
