835 1725
177 289 240 303 Minium
249 289 299 307 poenit.
309 297 326 299 —
336 294 385 303 munos
394 290 458 303 monendi
467 291 482 303 et
491 289 552 303 dooeudi.
664 289 696 305 299

42 333 85 350 :lum
98 334 149 354 atque
160 338 204 354 spem
217 333 268 354 prolis
279 333 360 350 catholice
371 333 466 350 educandae
474 333 555 350 excisam:
567 332 598 349 nisi
609 333 652 349 forte
660 338 697 349 cum

42 356 77 372 role
89 355 151 372 Ioanon
163 355 243 376 aufugere
254 356 307 377 possit
318 365 340 367 —
352 356 368 372 id
380 356 423 376 quod
435 355 523 372 verisimile
535 360 567 372 non
579 356 609 372 est

76 380 96 396 R.
109 380 123 396 2.
148 380 219 396 Evideus
231 380 282 400 igitur
293 381 319 396 est
331 385 352 396 ex
364 380 453 396 monitione
464 381 542 396 secutura
550 385 586 396 esse
594 379 639 396 mala
647 379 697 400 longe

42 402 94 419 miora
108 407 157 422 quam
169 407 190 418 ex
201 402 290 419 monitione
302 402 367 419 omissa
390 402 502 423 Quapropter
518 402 594 423 quamdiu
606 407 659 423 neque
671 401 697 418 Io-

42 430 75 441 nna
90 424 106 441 in
122 424 166 441 mala
182 425 213 441 iide
229 425 355 446 deprehenditur
372 425 415 441 circa
431 424 531 441 matrimonii
545 424 628 443 valorem,
644 429 697 444 noque

42 447 152 464 natrimonium
168 447 205 464 ilico
220 447 275 463 sanari
290 448 354 468 potest:
369 453 401 463 non
416 447 469 463 solum
483 448 539 468 potest
553 447 583 463 sed
597 447 647 463 debet
658 452 697 463 con-

42 469 111 486 mearius
122 474 158 485 eam
170 469 214 486 circa
225 470 298 486 valorem
311 469 410 486 matrimonii
422 469 438 486 in
448 470 491 486 bona
498 470 530 486 fide
537 469 635 490 relinquere,
647 470 697 489 atque

42 492 130 508 mtrimonii
142 491 210 508 invalidi
222 497 270 508 usum
281 492 335 513 potius
346 492 443 513 permittam
454 497 503 512 quam
515 491 607 513 prohibere.

76 514 136 530 Tristis
152 515 221 531 eventus
237 514 278 531 satis
294 514 374 533 ostendit.
392 519 441 535 quam
459 514 571 535 imprudenter
587 513 697 530 confessarius

42 536 89 557 gerit,
102 542 138 553 cum
150 536 228 553 Ioannarn
240 537 306 553 doceret
318 536 434 557 obligationem
442 542 453 553 a
460 536 496 553 vita
505 536 586 557 coniugali
598 536 696 553 abstinendi.

76 567 103 583 An
114 572 211 586 quassu-un
219 568 239 583 2·
248 567 267 584 R.
278 568 292 584 1.
311 567 329 584 Si
340 572 367 584 res
379 567 444 588 integra
456 568 505 587 esset,
517 567 581 584 scilicet
592 567 606 583 si
618 568 728 587 agei-sturm

42 595 50 606 e
62 589 167 606 matrimonio
179 595 221 606 nuuc
233 589 304 610 primum
315 590 427 606 contrahendo
437 590 481 606 inter
488 595 562 611 sponsos,
574 590 620 606 recte
628 589 697 605 dixisset

42 612 142 628 mfessarius
153 617 199 633 spem
211 612 273 628 nullam
285 617 321 628 esse
333 612 432 628 obtinendae
442 612 527 628 facultatis
535 612 582 628 mixti
591 611 696 631 matrimonii,

42 634 61 650 isi
73 634 150 651 cautione
161 634 201 651 data
213 634 233 651 de
245 634 322 651 universa
329 634 376 656 prole
383 634 400 651 in
408 635 440 651 fide
448 634 530 651 catholica
537 634 627 651 educanda.
645 633 696 653 Quam

42 656 145 673 :locationem
153 656 227 673 Ecclesia
237 662 326 677 numquam
338 662 370 673 non
382 657 430 674 debet
442 657 531 678 pustulam.
543 662 554 673 a
561 657 638 673 cautione
649 656 697 673 huius

42 679 133 696 iocationis
148 679 202 695 danda
218 679 301 695 abstinere
317 679 346 695 vix
361 684 438 700 umquam
455 679 486 695 nisi
502 679 545 696 forte
561 684 582 695 ex
598 678 697 699 gravissima

42 706 81 718 rusa
92 701 157 722 publica
168 701 254 722 permittit.
278 701 339 718 Verum
351 701 365 718 si
376 706 403 718 res
414 701 480 722 integra
492 707 524 718 non
536 701 606 722 amplius
618 702 652 720 est,
664 701 696 717 Ec-

42 723 81 740 lesia
96 723 185 744 prudenter
200 723 302 743 considerat,
318 724 356 744 quid
372 723 394 740 sit
408 724 461 740 maius
476 724 536 740 malum
551 724 577 740 vel
593 723 631 744 quid
643 723 697 743 magis

42 746 74 762 iala
89 746 176 766 impediat:
191 746 246 762 sanari
260 746 381 763 matrimonium
393 746 428 762 sine
440 746 524 766 cautione,
540 751 560 762 au
574 745 696 762 matrimonium

42 768 100 789 ‚linqui
112 768 207 784 invalidum.

74 792 95 809 R.
104 793 119 809 2.
139 792 163 809 Re
174 792 211 814 ipsa
222 792 284 809 receuti
295 793 369 813 tempore
381 793 438 809 exstat
449 792 543 813 exemplum
553 792 603 809 datae
611 792 696 813 dispensa-

42 815 80 831 onis
92 820 121 831 seu
133 815 223 831 sanationis
235 815 334 831 matrimonii
346 815 401 834 mixti,
417 815 494 832 cautione
505 815 526 831 de
537 815 588 836 prolis
600 815 697 831 educatione

42 843 61 854 m
74 837 120 856 data,
132 837 160 853 sed
172 837 245 853 iniuncta
257 838 322 853 tantum
331 837 395 853 mulieri
403 837 503 858 obligatione
514 838 538 856 ut.
550 838 630 858 quantum
641 837 696 853 facem

42 860 95 879 isset,
111 859 208 876 catholicam
224 859 338 876 educationem
352 861 453 881 procuraret.
477 859 494 876 Si
509 860 552 876 enirn
567 859 652 876 moraliter
666 859 697 876 im-

42 881 108 898 ›esibile
119 883 146 898 eat
157 883 175 898 ut
187 882 258 903 putativi
269 882 347 902 coniuges
358 883 461 903 separentur,
473 883 491 899 et
502 887 524 898 ex
535 882 589 899 altera
600 883 648 903 parte
658 887 696 903 spes

42 906 55 921 it
67 904 124 925 aliqua
136 909 172 920 cum
184 904 231 925 lapsu
243 904 322 925 temporis
333 904 386 921 virum
398 904 491 921 emolliendi
503 904 530 921 vel
543 904 606 926 prolem
618 904 696 925 privatim

42 927 91 943 iltem
106 926 123 942 in
136 926 168 943 fide
180 926 261 943 catholica
273 926 377 943 instituendi:
393 927 467 943 Ecclesia
478 927 534 947 potest
545 927 566 943 ad
578 926 641 943 maiora
652 926 696 943 mala

42 948 134 970 :pedienda
145 948 201 965 mitius
213 949 306 969 procedere.
329 949 353 965 Cf.
366 949 386 965 de
397 949 428 965 hac
439 954 457 965 re
469 949 512 965 infra
524 949 544 965 d:
555 949 662 966 matrimonio.

76 979 103 996 Αι)
115 984 211 998 cuasam-mr
223 980 243 996 3·
254 979 274 996 R.
288 980 302 996 1.
325 979 403 999 Quaestio
418 979 501 996 reducitur
516 979 537 996 ad
551 979 590 999 hoc,
607 979 650 996 sitne
665 979 727 996 ali-52⁷

42 1002 102 1021 nando,
114 1001 163 1022 idque
174 1001 191 1018 iu
203 1002 260 1018 nostro
272 1007 316 1021 casu,
328 1002 391 1018 licitum
403 1002 491 1022 neglegere
503 1002 556 1022 legem
568 1002 695 1019 ecclesiasticam

44 1024 182 1041 audestinitatem
193 1024 293 1040 matrimonii
305 1024 422 1045 prohibentem.

75 1046 169 1067 Aliquando
184 1046 226 1063 hanc
241 1047 303 1067 legem.
316 1046 365 1063 etiam
381 1046 408 1063 uhi
423 1047 449 1063 est
460 1046 559 1063 matrimonii
573 1046 645 1067 alioquin
657 1046 696 1062 diri-

42 1074 82 1088 xens,
95 1074 165 1088 cessare,
177 1069 190 1085 si
202 1068 266 1085 scilicet
277 1069 367 1085 communis
376 1070 401 1085 est
412 1068 535 1090 impossibilitas
543 1068 613 1085 adeundi
625 1069 696 1090 parochi,

42 1093 77 1108 irta
89 1091 164 1108 doctrina
175 1092 206 1107 est.
225 1091 249 1108 At
261 1091 277 1107 id
288 1091 305 1107 in
317 1092 374 1107 nostro
386 1096 425 1108 casu
437 1096 469 1108 non
477 1091 545 1108 obtinet.
565 1091 630 1112 Regula
640 1092 697 1108 tamen

42 1113 122 1133 metalla,
137 1113 182 1134 leges
198 1113 278 1134 positivae
293 1113 401 1130 communiter
416 1118 448 1129 non
463 1113 536 1134 obligare
548 1119 585 1130 cum
598 1113 696 1134 gravissimo

42 1135 138 1155 :commodov
150 1135 209 1152 suadet
220 1135 294 1152 accidere
306 1141 354 1156 posse
366 1137 389 1155 ut.
401 1135 429 1152 ubi
437 1135 540 1152 matrimonia
548 1135 651 1152 clandestina
658 1137 697 1152 sunt

42 1158 95 1177 alida.
111 1158 161 1174 etiam
176 1158 192 1174 in
208 1158 302 1179 particulari
319 1163 357 1174 casu
373 1157 474 1174 clandestine
489 1158 586 1174 contrahere
601 1158 655 1175 licoat.
679 1158 696 1175 Si

42 1180 125 1197 enez-alem
140 1180 185 1197 illam
200 1180 275 1200 regulam
290 1180 311 1197 ad
327 1181 430 1201 praesentem
446 1185 502 1196 casum
517 1180 601 1201 applicare
616 1180 696 1200 volumus,

42 1203 146 1219 ifficultatem
157 1204 208 1223 auget
219 1207 240 1219 ea
252 1202 380 1222 circumstantia,
392 1202 436 1223 quod
447 1203 507 1223 agatur
518 1202 545 1219 hic
554 1202 601 1219 simul
610 1203 630 1219 de
639 1202 696 1219 matri-

42 1225 85 1241 mnio
101 1225 152 1241 mixto
167 1225 237 1241 ineundo
252 1225 301 1245 idque
316 1225 351 1241 sine
366 1225 435 1242 cautelis
450 1225 491 1241 alias
506 1225 608 1242 necessariis.
635 1225 696 1241 Verum

42 1248 81 1264 tiam
93 1247 124 1263 hoc
135 1247 233 1263 intrinsecus
244 1247 305 1263 malum
316 1253 348 1263 non
356 1249 390 1264 eet:
403 1247 446 1268 quod
454 1247 498 1263 clare
506 1248 588 1264 monstrat
595 1247 696 1268 dispensatio

42 1271 75 1286 ata.
99 1269 168 1290 Insuper
183 1269 232 1286 aliter
246 1269 293 1286 huius
308 1269 332 1286 rei
347 1269 436 1286 remedium
451 1270 510 1288 afferre
524 1274 550 1285 ros
562 1270 588 1285 est
599 1269 696 1290 desperata:

44 1292 111 1313 quidem
119 1292 239 1308 matrimonium
250 1291 353 1313 specietenus
361 1293 379 1309 et
386 1292 457 1308 civiliter
468 1292 571 1308 contractum
580 1297 590 1308 a
598 1291 633 1308 viro
645 1291 696 1308 etiam

42 1320 60 1331 er
72 1314 105 1331 vim
117 1314 231 1331 sustinebitur.

75 1337 137 1353 Censeo
152 1338 241 1357 propterea
252 1336 326 1356 omninov
341 1338 429 1357 postquam
440 1336 504 1353 mulieri
518 1336 585 1353 nullitas
596 1336 696 1352 matrimonii

42 1359 107 1378 metuit.
119 1359 168 1375 licere
180 1359 282 1375 clandestine
291 1360 309 1375 et
320 1359 397 1380 privatim
406 1358 527 1375 matrimonium
535 1364 599 1378 sanare,
611 1358 622 1375 i.
630 1364 644 1375 e.
653 1363 696 1375 nunc

42 1387 50 1398 e
65 1386 109 1398 novo
124 1386 160 1398 cum
176 1381 211 1397 viro
226 1381 329 1398 contrahere.
352 1381 395 1397 Nam
411 1381 441 1397 hoc
456 1382 482 1398 est
493 1381 564 1397 medium
575 1381 660 1398 moraliter
671 1381 697 1397 lo-
