3044 5174
125 314 189 378 454
622 307 827 362 Sacramentum
846 306 958 362 ordinis.

124 508 187 552 nno
212 488 391 568 eodemque
415 484 467 549 die
491 484 609 561 omisit,
635 484 750 548 eadem
769 504 874 568 prava
890 485 1065 550 voluntate
1088 488 1322 569 permanente,
1345 507 1381 551 eo
1401 486 1442 551 die

123 579 233 654 semel,
258 597 322 641 non
346 574 445 641 toties
469 573 617 656 graviter
632 572 793 657 peccavit,
819 577 899 655 quot
915 572 1026 640 omisit
1041 574 1152 641 horas.
1186 574 1256 641 Sed
1271 595 1332 659 pro
1347 575 1444 660 prinis

123 687 183 731 sex
206 664 387 741 mensibus,
413 684 485 728 cum
509 661 654 745 coeperit
677 682 750 727 esse
773 661 1006 741 beneficiatus,
1031 663 1073 728 ad
1096 663 1352 730 restitutionem
1371 664 1444 730 imc-

124 760 215 822 tuum
239 754 387 819 beneficii
410 773 475 817 non
498 756 638 818 tenetur.

213 861 252 926 R.
278 862 307 925 2.
350 859 471 926 Postea
494 879 572 923 vcro
596 878 655 941 pro
680 857 825 939 qualibet
848 857 1024 923 omissione
1047 858 1203 940 graviter
1226 858 1385 944 culpabili
1403 880 1444 926 ru·

124 955 194 1018 tam
216 954 345 1033 partem
368 948 533 1012 fructuum
562 946 709 1011 beneficii
742 951 972 1030 perceptorum
1003 946 1181 1014 restituere
1205 947 1329 1019 debet:
1358 970 1447 1032 neque

125 1040 216 1105 valet
238 1037 323 1104 ratio
348 1037 432 1119 quod
456 1036 519 1100 viri
542 1036 728 1101 saeculares
750 1035 875 1100 minore
905 1035 1019 1101 labore
1042 1037 1116 1120 plus
1144 1036 1264 1103 salarii
1287 1037 1446 1123 accipiant

125 1129 212 1194 Nam
237 1126 456 1192 condicionem
481 1127 521 1190 ab
546 1124 694 1189 Ecclesia
717 1123 903 1208 impositam
928 1124 969 1190 ad
992 1125 1226 1210 percipiendos
1241 1126 1448 1219 iuretiructus

126 1238 202 1282 suos
225 1236 289 1280 non
306 1214 454 1298 implevit
470 1218 569 1296 atque
585 1218 712 1298 partem
729 1214 848 1279 saltem
864 1213 982 1293 oneris,
1006 1234 1066 1299 pro
1083 1235 1148 1296 qno
1170 1215 1338 1282 salarium
1353 1217 1446 1293 babet,

125 1326 190 1371 non
214 1305 300 1370 tulit.

214 1410 253 1476 R.
279 1413 308 1475 3.
357 1409 390 1474 Si
420 1414 529 1475 autern
560 1429 699 1473 revera
729 1408 919 1474 beneficium
950 1411 1048 1474 tenue
1077 1406 1180 1477 habet
1212 1414 1320 1495 atquc
1343 1413 1448 1479 multas

126 1499 330 1585 parochiales
354 1520 459 1576 curas,
484 1498 606 1563 sufficit
628 1501 666 1562 ut
690 1518 747 1581 pro
771 1497 965 1563 recitatione
981 1497 1135 1564 breviarii
1154 1499 1197 1579 ¹l4
1215 1504 1353 1585 partem
1376 1501 1448 1567 func

126 1595 218 1657 tuum
251 1608 429 1653 annuorum
459 1587 513 1651 vel
545 1587 644 1652 etiarn
676 1586 833 1651 minorem
865 1590 999 1670 reputet
1029 1591 1129 1670 atque
1159 1590 1348 1656 secundum
1378 1592 1448 1657 hanc

126 1682 253 1763 partem
285 1674 561 1759 computationem
592 1675 810 1740 restitutionis
834 1675 964 1742 debitae
987 1675 1098 1743 faciat.
1151 1678 1210 1743 lli.
1236 1700 1279 1746 m.
1306 1679 1356 1755 Il,
1386 1682 1447 1746 641.

215 1783 254 1848 R.
279 1786 309 1849 4.
355 1784 407 1847 Ex
431 1781 525 1848 dictis
549 1781 648 1847 etiam
673 1785 766 1865 patet
789 1783 1096 1866 parumprobabile
1119 1804 1212 1850 esse:
1240 1784 1387 1853 debitam
1407 1808 1448 1852 re

126 1872 329 1938 stitutionem
347 1872 561 1955 eleemosynis
584 1871 648 1936 iam
673 1871 771 1936 factis
794 1892 866 1936 esse
891 1876 1084 1938 exstinctam.
1116 1872 1205 1939 Nam
1225 1880 1448 1961 praeterquam

128 1961 213 2044 quod
236 1960 390 2026 credibile
414 1960 471 2024 vix
495 1964 546 2025 est
569 1960 794 2044 eleemosynas
818 1961 925 2027 factas
949 1961 990 2026 ad
1006 1965 1136 2027 tantam
1154 1982 1325 2031 summam
1348 1965 1449 2032 ultimo

127 2049 277 2116 semestri
301 2050 503 2114 ascendisse:
527 2049 633 2113 minus
657 2048 757 2115 etiarn
775 2049 926 2114 credibile
943 2053 995 2115 est
1010 2051 1242 2134 eleemosynas
1265 2054 1343 2138 pari
1364 2074 1449 2139 passu

128 2160 200 2204 cum
231 2138 349 2204 omisso
380 2137 542 2203 breviario
575 2139 683 2203 factas
714 2158 796 2203 esse,
841 2138 1061 2204 Nihilominus
1091 2141 1332 2227 eleemosynae
1354 2144 1450 2211 factm

127 2249 186 2311 pro
211 2227 383 2292 omissione
411 2226 564 2292 breviarii
595 2228 821 2310 eleemosynas
850 2228 1068 2312 praecedente
1099 2230 1290 2314 computari
1314 2240 1448 2318 possunt.

216 2325 302 2390 Hinc
326 2325 424 2390 etiam
448 2324 612 2406 colligitur
640 2346 712 2389 cum
743 2325 798 2406 qui
828 2346 903 2391 raro
934 2326 1080 2393 omiserit
1110 2329 1290 2397 materiam
1315 2352 1450 2413 gravem

128 2413 226 2479 immo
250 2419 356 2480 totum
379 2413 442 2479 diei
472 2413 631 2490 officium,
662 2413 783 2479 nostris
814 2415 1016 2498 temporibus
1046 2415 1144 2482 facile
1175 2422 1349 2487 consuetis
1377 2422 1450 2487 elee-

129 2503 274 2585 mosynis
297 2503 515 2569 restitutionis
539 2503 682 2569 debitum
699 2502 928 2585 exstinguere;
953 2504 1051 2569 immo
1067 2525 1168 2589 saepe
1191 2512 1370 2591 peccatum
1393 2509 1449 2593 qui·

130 2591 203 2656 dem
234 2592 377 2674 neglecti
406 2592 504 2656 officii
535 2592 635 2656 divini
660 2611 732 2656 esse
755 2612 875 2673 grave,
907 2592 965 2657 sed
994 2594 1192 2660 restituendi
1224 2597 1449 2681 obligationem

131 2703 193 2746 riou
225 2703 288 2746 esse
316 2703 461 2765 procem,
497 2701 536 2745 eo
569 2680 654 2762 quod
685 2680 827 2747 materia
856 2681 963 2762 quoad
992 2681 1140 2749 institiae
1171 2684 1356 2754 laesionem
1384 2709 1449 2772 gre·

132 2769 182 2834 vis
206 2770 358 2836 abfuerit.

342 2960 494 3026 MODUS
524 2961 764 3028 RECITANDI
795 2961 943 3028 HORAS
975 2961 1237 3032 CANONICAS.

686 3126 797 3194 Cusus.
817 3135 894 3205 (231)

219 3287 375 3351 liudmilla,
397 3285 533 3344 monialis
555 3286 696 3351 choristu,
720 3285 786 3342 dum
809 3285 937 3345 officium
952 3287 1083 3346 divinum
1099 3289 1288 3350 sollemniter
1308 3292 1448 3350 recitatur.

132 3365 208 3422 solet
230 3386 372 3439 organum
394 3367 527 3442 pulsare,
558 3366 634 3441 quod
662 3365 726 3423 fieri
749 3367 904 3425 consuevit
931 3367 1101 3426 alternatim
1124 3388 1192 3428 curn
1213 3375 1307 3430 cantu
1329 3372 1392 3431 sine
1411 3391 1448 3429 or·

131 3463 216 3517 gano.
260 3447 329 3521 lpsa
351 3452 448 3504 autern
471 3466 529 3505 non
550 3445 657 3503 recitat
678 3445 851 3521 quidquam,
874 3447 925 3506 sed
948 3453 1063 3524 partem
1085 3450 1183 3520 audit,
1207 3456 1326 3526 partein
1350 3470 1448 3527 organo

131 3525 296 3594 comitatur,
319 3531 405 3600 atquc
427 3526 505 3584 hunc
527 3525 664 3601 pulsandi
685 3526 817 3585 laborem
838 3528 1014 3587 recitatione
1036 3528 1177 3588 maiorem
1192 3549 1249 3607 pro
1271 3550 1347 3592 suae
1367 3532 1449 3610 pariis

129 3605 304 3663 recitatione
326 3611 452 3681 reputat.

221 3694 289 3751 Alia
310 3695 461 3764 monialis,
490 3694 661 3764 surdastra,
690 3696 814 3753 alteram
836 3703 948 3770 partem
976 3718 1036 3756 nou
1057 3697 1223 3774 intellegit,
1256 3702 1311 3761 sed
1332 3700 1449 3762 incundi·

131 3778 191 3829 tum
213 3779 326 3831 tantum
348 3775 473 3851 percipit
495 3794 614 3845 sonum,
643 3775 746 3845 immo,
769 3776 884 3849 quando
907 3797 1050 3853 organum
1072 3778 1224 3855 pulsatur,
1257 3782 1354 3842 solam
1374 3782 1448 3841 musi·

131 3871 210 3921 cam;
240 3873 330 3928 quare
359 3854 491 3929 angitur,
521 3855 636 3930 quoties
664 3874 722 3912 non
751 3854 840 3913 etiam
870 3859 1016 3917 submissa
1037 3877 1112 3917 voce
1139 3861 1320 3922 recitaverit
1348 3869 1448 3941 partem

130 3951 187 3990 non
210 3939 395 4010 perceptam3
418 3940 449 3991 at
470 3935 606 4008 (qnoniam
628 3934 656 3991 id
678 3934 707 3991 in
730 3935 821 3994 choro
836 3956 926 4013 saepe
941 3937 1091 3997 difficilius
1113 3938 1171 4016 ipsi
1186 3946 1244 4011 est,
1267 3948 1374 4021 postea
1393 3961 1447 4018 snp-

130 4012 198 4088 plet,
222 4014 380 4072 secundum
402 4033 543 4090 quemquo
563 4034 680 4071 vcrsrrrn
704 4016 882 4090 psalmorum
905 4017 1065 4077 recitando.

132 4125 308 4195 Qunanrrnn
330 4131 358 4186 1⁰
380 4131 518 4206 qaorucdo
539 4127 668 4187 officium
691 4127 822 4187 divinum
842 4130 963 4189 recitari
984 4131 1101 4192 debeat.

331 4227 360 4283 2⁰
381 4232 501 4286 rectene
523 4227 639 4302 egerint
660 4226 729 4284 illae
751 4228 902 4287 moniales.

724 4412 859 4478 Salutio.

69 4569 122 4624 790
220 4548 272 4611 Au
295 4570 484 4623 orinnsrrrrn
511 4554 548 4614 1¹²²
572 4551 608 4615 R..
636 4552 664 4615 1.
710 4553 817 4617 Debet
841 4574 912 4617 esse
945 4552 977 4633 1)
1001 4555 1154 4620 recitatio
1180 4558 1339 4627 horarum
1361 4557 1442 4627 divin

133 4634 230 4698 officii
254 4658 311 4700 seu
335 4639 573 4719 pronuntiatio,
606 4660 709 4720 eaque
740 4643 773 4721 2)
799 4642 903 4707 oratio
935 4644 976 4708 ad
1000 4646 1115 4710 Deum.
1163 4646 1253 4715 Hinc
1287 4650 1443 4736 requiritur
1484 4690 1486 4697 ·
