3044 5174
136 260 201 325 292
591 253 797 307 Sacramentum
814 253 1006 323 paenitentiae.

131 431 311 514 intellegit,
336 435 494 514 quantum
517 431 599 498 satis
623 435 690 509 est,
719 451 830 497 eorum
854 431 1024 499 malitiam.
1071 432 1174 498 Immo
1197 433 1321 500 sufficit
1344 433 1408 500 hac
1431 435 1466 499 in

42 528 45 533 ’
131 542 168 587 re
190 521 363 587 mediocris
386 520 533 586 scientia.

221 610 379 676 Doctrina
402 609 610 687 Suarezii,
635 611 798 688 Bonae,
825 609 938 692 Lugo
961 610 1057 694 (disp.
1083 614 1135 683 22,
1159 633 1191 677 u.
1217 611 1283 693 70),
1309 611 1463 696 Sporer,

132 701 183 766 De
199 703 321 784 poenit.
347 722 378 766 n.
405 701 479 776 783,
505 699 709 777 Tambur.,
734 701 784 765 De
805 704 923 785 poenit.
949 721 975 765 c.
999 704 1029 778 6,
1053 698 1072 781 ξ
1098 704 1127 776 1,
1152 701 1367 768 Mazzotta
1389 703 1412 768 l.
1436 724 1463 769 c.

133 810 164 872 q.
189 792 225 866 2,
251 810 278 856 c.
304 791 334 865 2,
360 788 378 869 ξ
403 792 433 865 2,
458 789 490 854 S.
514 788 630 871 Alph.
656 810 686 854 n.
713 791 775 854 627
801 791 882 853 baec
906 794 973 855 est:
1002 789 1127 865 „Debet
1150 790 1373 856 confessarius
1396 791 1463 857 for-

132 898 224 944 mare
243 877 396 942 iudicium
413 877 453 942 de
469 877 590 944 auditis
605 877 639 942 in
655 877 866 955 confessione,
883 883 1061 960 antequam
1077 878 1245 952 absolvat;
1269 901 1337 946 uon
1352 885 1462 947 tamen

132 971 265 1035 tenetur
285 966 429 1032 iudicare
453 966 493 1031 de
516 966 654 1049 singulis
677 967 823 1050 peccatis
847 967 1000 1033 distincte
1023 967 1057 1032 in
1080 968 1281 1050 particulari.

221 1055 390 1122 Multoties
413 1055 499 1121 euim
523 1055 601 1121 ferri
624 1057 738 1138 nequit
759 1056 912 1121 iudicium
936 1057 1199 1134 determinatum,
1223 1058 1369 1124 fueritne
1387 1079 1461 1141 pec·

131 1148 241 1211 catum
265 1144 464 1227 paenitentis
487 1146 627 1211 mortale
650 1166 692 1210 an
716 1146 854 1222 veniale,
879 1145 949 1211 sive
972 1145 1049 1228 quia
1072 1146 1212 1212 discerni
1233 1147 1351 1230 nequit
1366 1149 1461 1232 plene

132 1235 186 1299 vel
217 1233 411 1317 imperfecta
443 1234 667 1311 advertentis,
704 1234 773 1299 sive
809 1235 885 1316 quia
916 1236 986 1318 ipse
1019 1236 1239 1301 confessarius
1271 1258 1338 1302 nou
1371 1238 1461 1303 uovit

132 1344 244 1388 omnes
267 1324 412 1390 rationes
436 1327 471 1388 et
493 1323 757 1389 circumstantias
780 1324 917 1406 peccati.
956 1325 1009 1389 Ad
1033 1325 1119 1407 quod
1142 1325 1311 1391 sciendum
1330 1330 1460 1393 tenetur

132 1412 279 1494 quidem,
312 1413 370 1478 sed
402 1412 524 1478 sufficit
556 1418 593 1479 ut
624 1413 709 1478 sciat
741 1413 925 1479 discernere
957 1434 1041 1494 quae
1073 1414 1141 1479 sint
1171 1415 1343 1492 mortalia,
1380 1436 1458 1498 quae

131 1501 275 1568 venialia
297 1501 331 1566 in
353 1501 394 1567 iis
409 1524 490 1587 quoe
506 1505 711 1568 comrrzaniter
726 1511 913 1568 occurrunt:
935 1502 1062 1584 reliqua
1085 1502 1199 1569 audiat
1221 1508 1257 1570 et
1275 1505 1454 1573 absolvat.“

72 1640 125 1694 512
222 1627 274 1690 Au
298 1645 490 1700 ounusmuu
514 1628 553 1688 2⁶²
576 1625 614 1693 R.
642 1629 670 1692 1.
717 1625 819 1691 Recte
849 1625 979 1707 quidem
1004 1625 1116 1691 Licinii
1143 1626 1268 1692 amicus
1291 1628 1459 1712 respondit

132 1714 370 1780 absolutionem
400 1715 512 1778 datum
535 1716 676 1779 calidam
699 1736 781 1781 esse.
828 1715 881 1780 Ita
910 1715 996 1780 enim
1026 1721 1177 1781 auctores
1209 1716 1305 1782 modo
1336 1717 1456 1783 laudati

133 1825 175 1869 ex
198 1803 340 1869 omnium
364 1803 529 1869 sententia
552 1804 679 1869 docent.

222 1902 253 1968 S.
279 1900 327 1966 Al
335 1902 395 1985 ph.
420 1902 441 1967 l.
466 1922 510 1966 c.:
540 1901 651 1979 „Licet
673 1901 706 1966 in
730 1901 839 1983 aliquo
863 1923 941 1966 casu
965 1901 1184 1967 confessarius
1202 1923 1266 1967 non
1284 1902 1456 1980 discernat,

132 2011 216 2075 quae
246 1990 313 2055 siut
342 1991 459 2072 gravia
489 1996 547 2056 aut
577 1991 679 2055 levia:
711 1990 739 2055 si
768 1991 940 2074 paenitens
971 1991 1056 2055 bona
1085 1992 1149 2055 fide
1179 1991 1257 2057 dicit
1288 1999 1456 2076 peccatum

131 2101 242 2157 suum,
272 2079 435 2144 confessio
459 2080 566 2156 valet;
597 2085 632 2145 et
655 2079 805 2161 quamvis
827 2085 944 2163 postea
967 2080 1162 2146 advertatur
1184 2081 1286 2146 fuisse
1310 2083 1456 2159 mortale,

131 2192 196 2236 non
220 2172 272 2234 est
296 2190 353 2234 cur
376 2173 546 2251 repetatur
569 2168 602 2232 in
625 2169 691 2235 alia
714 2169 946 2235 confessione.“

222 2266 378 2332 Similiter
407 2266 459 2330 dic
489 2266 529 2330 de
559 2267 624 2331 alia
649 2266 856 2332 distinctione
879 2267 1032 2350 specifica
1054 2270 1280 2350 peccatorum,
1312 2269 1456 2334 simodo

135 2356 296 2422 obiective
313 2356 481 2421 declarata
504 2355 571 2421 siut
586 2378 606 2420 a
622 2356 821 2439 paenitente.
856 2355 948 2432 Quod
967 2377 1122 2439 expresse
1138 2361 1250 2421 monet
1265 2357 1380 2422 Elbel
1395 2359 1416 2425 l.
1433 2380 1457 2423 c.

133 2447 181 2512 Of.
218 2446 274 2510 Tb.
304 2467 345 2510 m.
377 2444 425 2521 II,
461 2446 536 2511 422.
590 2445 656 2509 Alii
690 2445 723 2509 id
745 2444 860 2527 >ipsum
895 2445 977 2509 sutis
1011 2444 1165 2522 innuunt,
1202 2466 1275 2510 cum
1310 2447 1457 2512 sufficere

134 2535 245 2600 dicant
267 2533 300 2597 in
324 2533 524 2598 confessario
549 2533 719 2599 scientiam
742 2534 937 2598 mediocrem
962 2533 1049 2598 circa
1072 2539 1280 2617 peccatorum
1299 2537 1457 2602 malitiam
1496 2540 1498 2551 '

134 2630 168 2690 et
191 2622 375 2707 specificam
401 2622 642 2687 distinctionem
668 2623 841 2704 variasque
863 2623 1062 2706 paenitentis
1085 2622 1302 2706 obligationes
1327 2629 1402 2702 etc„
1426 2631 1458 2691 ut

134 2715 216 2778 licite
246 2710 468 2776 confessiones
498 2711 713 2794 excipiantur.
767 2712 859 2788 Quod
889 2733 1002 2776 verum
1032 2732 1097 2776 non
1127 2717 1231 2790 esset,
1265 2713 1294 2778 si
1327 2719 1459 2798 propter

135 2801 313 2884 quemlibet
336 2801 500 2866 defectum
517 2802 568 2864 vel
594 2819 737 2866 errorem
754 2801 945 2866 confessarii
960 2801 992 2864 in
1010 2800 1190 2865 iudicandis
1205 2804 1354 2885 peccatis
1370 2805 1459 2869 valor

134 2891 204 2956 sive
228 2890 442 2956 absolutionis
465 2890 537 2953 sive
561 2890 774 2955 confessionis
796 2891 829 2954 in
854 2890 983 2954 dubium
1009 2895 1192 2956 vocaretur.

73 3011 125 3064 513
224 2997 262 3062 R.
281 2999 310 3061 2.
351 2997 403 3060 Ex
426 2996 522 3061 dictis
545 2995 646 3078 igitur
668 2996 801 3079 insuper
825 2997 887 3062 dici
910 2997 1007 3062 debet
1022 3017 1085 3061 non
1102 2998 1208 3061 solum
1223 2998 1458 3065 absolutionem

135 3085 301 3151 aLicinio
331 3085 442 3150 datam
474 3086 602 3163 valere,
633 3086 691 3149 sed
722 3087 821 3150 etiarn
851 3085 1049 3168 paenitentis
1074 3086 1317 3170 consessionem,
1348 3088 1397 3154 ita
1427 3095 1459 3153 ut

136 3175 302 3258 repetendi
327 3174 484 3256 obligatio
508 3195 572 3239 non
597 3174 648 3240 sit.
696 3175 782 3239 Nam
806 3196 921 3239 verum
943 3196 1007 3238 non
1031 3180 1083 3240 est
1106 3175 1291 3241 absolutam
1316 3199 1391 3242 esse
1414 3179 1459 3242 iu·

135 3265 258 3330 directe
282 3268 410 3328 tantum
433 3264 593 3329 malitiam
617 3263 781 3345 sacrilegii
804 3264 858 3328 vel
887 3263 1046 3339 incestus;
1079 3284 1155 3328 nam
1184 3270 1358 3348 peccatum
1391 3288 1459 3332 cum

135 3353 223 3419 omni
255 3373 338 3434 quae
370 3352 478 3418 inerat
510 3353 636 3418 malitie
669 3354 815 3418 clavibus
846 3352 985 3418 subiecit
1018 3353 1206 3435 paenitens,
1242 3355 1460 3421 confessarius

136 3443 258 3507 directe
282 3441 433 3508 absolvit.

224 3539 316 3615 Quod
340 3560 378 3604 eo
403 3540 507 3621 magis
532 3560 645 3604 verum
669 3544 736 3616 est,
768 3539 844 3620 quia
867 3539 1009 3604 Licinius
1032 3539 1102 3604 sine
1126 3540 1223 3605 dubio
1250 3541 1461 3609 habitualiter

135 3628 234 3693 scivit
264 3629 444 3695 sacerdotis
474 3633 645 3711 peccatum
675 3629 824 3693 luxuriae
855 3650 926 3693 csse
957 3628 1181 3709 sacrilegium,
1212 3629 1366 3696 similiter
1389 3653 1461 3716 pec·

137 3722 246 3783 catum
277 3739 350 3782 curn
383 3723 524 3799 cognata
556 3739 628 3782 esse
660 3717 837 3783 incestum:
870 3719 1016 3799 adeoque
1050 3717 1111 3783 etsi
1145 3723 1186 3783 ad
1218 3719 1292 3783 illus
1327 3721 1461 3786 circum·

135 3808 276 3873 stantiae
300 3807 424 3871 reflexa
447 3807 645 3888 cogitatione
669 3828 733 3871 non
757 3807 947 3885 adverterit,
973 3806 1077 3873 voluit
1099 3812 1211 3872 tamen
1235 3809 1276 3872 ab
1301 3809 1342 3874 iis
1364 3811 1461 3877 etiam

135 3897 307 3961 absolvere
332 3902 366 3962 ct
389 3918 424 3960 rc
447 3896 519 3979 ipsa
543 3895 694 3962 absolvit.

225 3994 276 4058 Ad
309 4015 379 4058 rem
411 3993 491 4059 facit
523 3995 608 4075 quod
640 3994 752 4058 dicunt
783 3994 916 4059 Gobat
945 3995 964 4061 l.
998 4015 1025 4060 c.
1057 4016 1088 4059 n.
1121 3997 1185 4058 280
1216 3997 1251 4059 et
1280 3995 1462 4073 Lessius,

135 4086 291 4148 Auctaor.
315 4085 398 4149 verb.
424 4084 586 4166 consessio,
612 4104 654 4147 ex
678 4104 741 4164 quo
766 4104 785 4146 a
809 4083 932 4147 maiore
956 4083 997 4147 ad
1021 4082 1127 4147 minus
1151 4083 1346 4150 concludere
1370 4086 1462 4152 licet:

140 4172 209 4249 ,An
234 4172 377 4239 tenearis
394 4177 553 4255 repetere,
579 4172 606 4236 si
623 4172 841 4237 confessarius
857 4172 1082 4255 apprehendat
1103 4176 1140 4236 ut
1155 4173 1356 4255 scrupulum,
1383 4197 1463 4257 quae

136 4283 214 4326 vere
237 4265 315 4325 sunt
337 4262 500 4340 mortalia,
526 4266 584 4326 aut
607 4267 644 4327 ut
667 4261 839 4326 non-facta
855 4283 874 4326 a
891 4261 1090 4344 paenitente,
1116 4282 1199 4342 quae
1217 4266 1332 4327 tamen
1348 4285 1464 4330 revera

136 4351 224 4417 fecit.
265 4350 303 4415 R.
328 4372 400 4415 csse
424 4352 542 4415 bonam
567 4351 813 4426 confessionem,
838 4352 933 4415 modo
957 4355 1069 4415 tamen
1091 4351 1262 4433 paenitens
1285 4373 1323 4417 se
1347 4375 1392 4419 ex
1408 4375 1464 4418 sua

136 4444 230 4523 parte
254 4439 336 4505 satis
360 4440 547 4522 explicavit,
572 4444 606 4504 et
630 4439 848 4505 confessarius
872 4441 1095 4504 absolutionem
1119 4441 1262 4522 conferat
1284 4441 1320 4506 in
1338 4464 1463 4508 ornnem

136 4533 289 4593 eventurn
320 4550 356 4592 se
386 4550 482 4611 posse
512 4529 632 4613 decipi,
664 4534 698 4594 et
725 4529 797 4593 ideo
821 4531 948 4593 ratione
971 4534 1042 4594 tum
1065 4530 1195 4594 illorum
1219 4535 1291 4594 tum
1316 4533 1464 4607 aliorum,

137 4638 220 4699 quae
244 4621 374 4683 constat
397 4639 469 4683 esse
493 4624 645 4702 peccata,
678 4620 817 4683 dandam
841 4624 952 4683 censet
982 4618 1227 4685 absolutionem.
1276 4619 1368 4687 Nam
1393 4645 1466 4689 con-
