3044 5174
684 268 724 323 De
743 287 779 324 ss.
800 269 972 324 eucharist-ia.

306 499 518 566 IEIUNIUM
540 499 601 564 AD
626 499 657 565 S.
683 498 1016 565 COMMUNIONEM
1040 497 1321 575 REQUISITUM.

463 712 478 751 Ι
718 654 828 720 Casus.
848 661 905 728 (47)

241 795 346 854 Ericus
374 795 422 870 qui
450 815 536 853 mane
565 816 587 854 s.
619 795 851 854 communionem
872 795 937 852 vult
966 813 1080 852 sumere
1108 799 1199 852 noctu
1226 793 1374 868 evigilans
1402 794 1474 853 bibit

154 894 258 950 aquam
288 875 425 934 nesciens
452 880 549 934 utrum
579 874 620 934 sit
641 880 710 934 ante
731 895 769 934 an
791 881 859 950 post
886 874 1011 933 mediam
1040 880 1170 946 noctem3
1198 880 1267 951 post
1294 874 1407 933 lactum
1429 895 1472 933 ac·

153 955 281 1012 candens
301 957 399 1013 lumen
420 955 495 1014 vidit
514 956 698 1030 horologium
719 955 850 1013 indicare
871 955 974 1013 horam
997 956 1090 1023 11¹„;
1111 954 1219 1013 iterum
1244 972 1348 1012 somno
1370 974 1404 1013 se
1426 955 1475 1013 dat

152 1054 188 1092 ac
208 1040 314 1111 postea
336 1036 482 1110 evigilans
503 1035 584 1094 videt
604 1035 748 1110 horologii
769 1034 895 1093 indicem
915 1035 946 1092 in
975 1035 1075 1092 eodem
1102 1034 1167 1093 loco
1189 1035 1361 1094 consistere.
1405 1034 1473 1094 Cum

153 1134 272 1173 somnus
300 1115 357 1173 sibi
385 1115 521 1174 videatur
549 1116 647 1173 brevis
668 1115 890 1184 intercessisse,
920 1115 1005 1173 valde
1027 1114 1142 1173 dubitat
1160 1133 1231 1172 num
1251 1121 1320 1190 post
1349 1115 1473 1173 mediam

153 1200 270 1253 noctem
291 1195 400 1253 biberit
420 1196 571 1272 possitque
592 1203 658 1253 tuta
680 1195 862 1256 conscientia
883 1215 906 1254 s.
928 1195 1159 1253 communionem
1180 1213 1305 1253 sumere.

241 1276 327 1333 Alias
348 1281 525 1351 tempestate
546 1275 682 1352 pluviosa
703 1283 734 1334 et
753 1277 859 1333 nivosa
886 1276 1077 1334 iterfaciens
1099 1275 1136 1333 ad
1158 1275 1330 1346 ecclesiam,
1362 1275 1473 1334 evitare

105 1388 109 1399 ·
152 1355 204 1412 vix
225 1361 344 1431 poterat
371 1355 526 1431 quominus
554 1358 700 1430 guttulam
728 1355 846 1432 pluviae
873 1356 922 1414 vel
942 1356 1096 1414 flosculum
1125 1354 1203 1413 nivis
1230 1374 1284 1431 per
1309 1374 1400 1413 nares
1426 1356 1473 1413 vel

154 1433 242 1492 etiam
265 1455 317 1511 per
338 1455 371 1493 os
392 1435 541 1506 hauriret;
563 1440 741 1512 quapropter
762 1435 876 1510 quaerit
897 1455 966 1494 num
986 1435 1162 1511 impediatur
1183 1453 1201 1492 a
1222 1454 1245 1494 s.
1261 1435 1472 1495 communione.

241 1514 332 1585 Dein,
364 1535 429 1573 cum
458 1516 547 1591 paulo
575 1520 645 1574 ante
665 1516 790 1574 mediam
811 1522 927 1575 noctem
949 1514 1125 1591 sumpsisset
1146 1534 1267 1583 cenam,
1299 1520 1400 1574 certus
1430 1520 1474 1574 est

153 1614 185 1651 se
206 1600 275 1669 post
294 1595 420 1653 mediam
442 1601 559 1654 noctem
580 1595 720 1670 reliquias
742 1595 872 1654 ciborum
892 1597 923 1654 in
945 1615 996 1653 ore
1016 1595 1156 1653 habuisse
1178 1600 1208 1652 et
1229 1595 1409 1669 deglutisse;
1438 1595 1472 1653 si·

152 1674 260 1732 militer
280 1694 366 1732 mane
387 1675 500 1750 aliquot
527 1676 652 1750 granula
679 1676 778 1734 tabaci
806 1676 883 1750 quod
904 1695 957 1752 per
985 1694 1073 1733 nares
1101 1675 1242 1751 snmpsit;
1274 1680 1364 1750 atque
1387 1675 1472 1734 etiam

152 1754 325 1828 sanguinem
347 1775 363 1812 e
384 1755 521 1814 dentibus
542 1756 680 1814 fluentem
702 1762 733 1815 et
752 1756 898 1830 guttulam
920 1757 1095 1814 defluentem
1123 1773 1162 1813 ex
1183 1755 1305 1813 vulnere
1327 1756 1405 1831 quod
1424 1775 1472 1814 no-

151 1836 258 1893 vacula
279 1836 357 1894 labio
379 1834 535 1894 inflixerat.

152 1956 327 2025 (inlumina
349 1959 379 2015 1ο
400 1978 473 2033 quae
496 1959 536 2016 sit
556 1959 605 2017 lex
627 1958 766 2016 servandi
787 1957 888 2016 ieiunii
909 1963 979 2016 aute
1000 1978 1023 2017 s.
1046 1956 1286 2017 communionem.

351 2058 380 2113 2⁰
401 2056 469 2130 quid
483 2056 650 2130 requiratur
664 2061 697 2114 ut
712 2055 764 2113 illa
779 2056 827 2113 lex
841 2055 943 2114 ieiunii
958 2060 1115 2114 censeatur
1128 2055 1241 2115 violata
1256 2063 1346 2132 atque
1361 2076 1385 2116 s.
1400 2076 1472 2116 com·

398 2137 566 2194 munionem
587 2136 757 2211 impediens.

351 2235 381 2292 3θ
402 2233 470 2309 quid
491 2233 521 2292 in
543 2233 662 2292 casibus
683 2233 843 2310 propositis
864 2234 904 2292 sit
924 2233 1087 2293 dicendum.

743 2415 879 2482 Salutio.

91 2572 140 2627 163
239 2560 292 2622 An
324 2578 515 2633 ouansrrun
551 2561 586 2622 1⁰¹
618 2558 657 2623 R.
694 2561 722 2624 1.
778 2558 944 2623 Communi
977 2558 1050 2639 lege
1084 2556 1268 2633 Ecclesiae,
1304 2580 1370 2625 non
1403 2561 1473 2642 lege

150 2645 276 2720 divina,
308 2647 541 2730 praescribitur
571 2654 608 2713 ut
637 2669 679 2712 ss.
706 2646 902 2712 eucharistia
932 2668 996 2711 non
1026 2650 1175 2712 sumatur
1204 2647 1266 2712 nisi
1296 2670 1318 2714 a
1346 2649 1472 2726 ieiunis,

150 2734 170 2799 i.
190 2758 216 2800 e.
243 2736 296 2817 qui
313 2757 333 2800 a
348 2736 456 2801 media
479 2741 574 2801 nocte
598 2736 687 2812 nihil,
712 2758 752 2800 ne
772 2736 938 2800 minimum
963 2736 1101 2818 quidem,
1126 2737 1345 2818 gustaverint,
1370 2760 1474 2821 neque

150 2825 249 2890 etiem
274 2846 332 2908 per
356 2825 484 2890 modum
510 2825 698 2891 medicinae.
731 2825 948 2908 Excipiuntur
968 2825 1148 2909 periculose
1172 2831 1396 2908 aegrotantes,
1421 2829 1473 2910 qui

150 2914 317 2979 commode
332 2919 498 2996 nequeunt
514 2936 642 2980 sumere
656 2914 754 2979 ieiuni
770 2916 823 2979 vel
840 2914 956 2996 quibus
971 2914 1087 2979 ieiunis
1103 2915 1271 2980 commode
1294 2916 1474 2984 ministrari

150 3003 273 3084 nequit.

150 3136 152 3140 ³
237 3110 276 3174 R.
303 3112 332 3176 2.
379 3110 470 3174 Haec
494 3110 548 3174 lex
579 3109 777 3192 parvitatem
802 3109 960 3174 ureteriae
983 3131 1047 3175 non
1072 3109 1233 3188 admitt't‚
1265 3111 1323 3176 sed
1347 3132 1476 3196 semper

151 3199 275 3280 obligat
298 3199 455 3280 graviter.

240 3305 278 3391 R,
303 3308 332 3372 3.
380 3306 537 3370 Attamen
561 3326 633 3368 cum
657 3304 701 3371 sit
730 3305 784 3368 lex
812 3305 969 3381 hnmana,
1001 3310 1111 3389 potest
1141 3310 1210 3372 tum
1234 3305 1372 3374 fortiore
1402 3309 1474 3391 lege

150 3394 235 3457 vinci
259 3399 327 3457 tum
352 3394 604 3477 dispensatione,
629 3394 687 3458 sed
711 3395 782 3458 sola
800 3393 892 3459 Rom.
918 3395 1080 3477 pontificis
1104 3394 1356 3478 dispensatione,
1381 3397 1473 3471 solvi,

150 3504 234 3564 quae
268 3483 337 3546 lere
369 3505 433 3547 non
470 3483 567 3548 datur
598 3482 660 3547 nisi
695 3482 734 3546 iis
767 3483 912 3565 aegrotis
947 3484 1002 3564 qui
1034 3506 1097 3548 non
1130 3484 1311 3568 periculose
1345 3487 1472 3568 quidem

151 3573 356 3648 decumbunt,
381 3573 439 3636 sed
463 3572 561 3636 ieiuni
584 3592 717 3636 manere
740 3593 804 3635 uon
828 3578 975 3656 possunt.

90 3721 140 3774 164
239 3707 291 3768 An
315 3725 505 3780 ounnsrrurr
531 3708 569 3769 2¹¹¹
593 3705 631 3771 R.
652 3707 679 3770 1.
717 3705 762 3771 Ut
786 3704 940 3769 ieiunium
964 3706 1116 3770 naturale
1140 3710 1314 3772 censeatur
1336 3707 1473 3784 laesum,

150 3793 326 3874 requiritur
356 3799 391 3859 ut
419 3794 541 3875 aliquid
564 3799 729 3877 sumptum
753 3793 797 3861 sit
826 3816 884 3859 seu
913 3793 947 3858 in
970 3795 1173 3860 stomachum
1203 3795 1412 3864 descenderit
1435 3800 1473 3863 ab

152 3886 333 3949 extrinsece.
380 3884 432 3948 Ex
461 3884 523 3949 hac
554 3883 740 3950 condicione
770 3904 834 3947 non
864 3884 1036 3949 verificata
1065 3884 1250 3949 excluditur
1280 3907 1300 3950 a
1329 3886 1474 3953 laesione

150 3971 260 4036 ieiunii
290 3972 323 4049 a)
347 3973 497 4039 traiectio
528 3974 737 4054 reliquiarum
762 3973 905 4038 ciborum
936 3994 1019 4054 quae
1050 3973 1136 4039 forte
1166 3974 1251 4039 inter
1281 3975 1399 4041 dentes
1423 3976 1473 4041 vel

150 4061 182 4124 in
207 4060 354 4126 faucibus
377 4062 530 4137 haerent3
556 4083 631 4127 nam
655 4067 732 4127 ante
748 4063 888 4131 mediam
904 4067 1032 4127 uectem
1057 4063 1121 4127 iam
1139 4069 1274 4147 coeptae
1290 4069 1369 4131 sunt
1392 4065 1475 4131 sumi

150 4156 183 4216 et
207 4150 326 4231 digeri;
352 4150 385 4231 b)
408 4151 558 4216 traiectio
582 4150 749 4233 sanguinis
765 4153 816 4216 vel
834 4151 934 4217 saniei
960 4152 1131 4218 defluentis
1153 4174 1194 4217 ex
1217 4157 1312 4236 parte
1329 4154 1474 4239 corporis

150 4240 320 4304 interiore:
346 4240 452 4317 aliter,
477 4239 504 4304 si
528 4240 692 4307 lambatur
715 4263 757 4305 ex
781 4241 915 4307 vulnere
939 4243 1112 4309 exteriore.

239 4346 277 4411 R.
311 4348 339 4410 2.
393 4345 582 4427 Requiritur
611 4352 648 4412 ut
677 4347 798 4429 aliquid
829 4352 991 4431 sumptum
1023 4350 1066 4413 sit
1093 4373 1152 4433 per
1180 4351 1308 4414 ruoilum
1339 4351 1403 4416 cibi
1432 4353 1475 4416 vet

146 4445 250 4518 potius,
297 4434 385 4510 Quae
410 4436 553 4500 condicio
578 4458 642 4501 non
666 4438 866 4511 verificatur,
891 4438 918 4500 si
943 4438 1017 4519 quid
1043 4439 1181 4502 sumitur
1203 4441 1237 4520 a)
1261 4460 1320 4523 per
1344 4441 1473 4506 modum

150 4523 290 4600 salivae,
325 4524 449 4589 scilicet
482 4526 513 4588 id
547 4527 631 4607 quod
665 4548 706 4591 ex
739 4527 803 4591 alio
836 4527 898 4589 fine
932 4548 1028 4607 quam
1061 4528 1307 4595 transmittendi
1340 4552 1411 4596 rem
1442 4530 1473 4595 in

150 4612 352 4677 stomachum
376 4613 408 4677 in
433 4635 469 4678 os
493 4616 641 4692 sumitur,
667 4622 703 4681 at
722 4615 764 4679 ibi
789 4623 902 4698 parum
928 4615 1003 4696 quid
1020 4637 1091 4680 cum
1116 4616 1222 4682 saliva
1244 4619 1414 4700 miscet-ur,
1438 4625 1473 4684 ut
