3044 5174
148 271 191 334 22
602 266 643 321 De
661 267 840 321 sacramentis
858 265 1018 336 generatim.

147 441 400 527 praeparatione
415 447 450 509 et
468 441 679 526 dispositione
695 441 885 524 frequenter
900 441 1003 509 velint
1019 441 1061 507 ad
1076 448 1284 508 sacramenta
1299 445 1475 508 accedere:

147 532 207 597 hos
231 531 392 596 monendo
416 535 451 597 et
473 531 652 596 cohibendo
675 552 740 596 non
762 537 887 615 peccat.
923 530 1082 598 Attamen
1105 531 1288 614 generatim
1311 533 1417 598 solum
1433 535 1474 598 ob

146 621 360 707 frequentiam
391 619 589 686 sacramenti
621 619 797 704 recipiendi
829 620 1013 704 quempiam
1043 621 1202 704 repellere
1233 621 1389 687 iniustum
1423 628 1475 689 est

148 730 190 774 ex
213 713 308 793 parte
324 709 473 793 parochi;
499 713 533 775 et
556 708 685 792 quando
701 709 763 774 hcc
777 710 908 794 saepius
932 713 978 788 lit,
1003 709 1103 776 etiam
1119 730 1199 792 erga
1214 711 1302 776 solos
1325 712 1473 789 devotos,

147 819 251 881 grave
273 798 336 882 ipsi
358 803 531 883 peccatum
553 801 615 878 est,
639 799 746 881 magis
769 799 869 865 etiem
891 798 919 864 si
942 799 1004 864 hac
1023 799 1143 881 agendi
1165 799 1293 865 ratione
1309 805 1344 866 et
1366 820 1475 864 morc-

147 889 248 954 sitate
278 908 338 953 sua
368 887 402 953 in
425 891 600 954 causaest
629 909 687 953 cur
713 887 829 970 reliqui
859 908 987 971 quoque
1016 888 1129 953 fideles
1158 888 1244 971 iique
1274 889 1329 972 qui
1359 911 1475 955 recon-

148 976 313 1043 ciliatione
337 998 409 1042 cum
433 978 503 1042 Dec
526 976 676 1060 indigent
698 978 854 1043 accedere
877 998 942 1042 non
966 976 1119 1042 audeant.

236 1093 276 1158 R.
294 1095 324 1159 2.
349 1091 462 1169 Quoad
478 1093 627 1176 graviter
642 1092 788 1157 infirmos
804 1093 904 1158 etiam
920 1092 1042 1176 optime
1058 1092 1140 1157 iacit
1155 1092 1183 1157 si
1199 1113 1297 1175 quam
1319 1092 1475 1160 citissime

148 1180 257 1247 omnia
284 1185 493 1247 sacramenta
522 1181 562 1247 iis
592 1181 816 1261 administrat,
848 1202 888 1247 ne
912 1181 1037 1248 scilicet
1066 1181 1287 1265 protrahendo
1317 1183 1351 1247 in
1374 1204 1475 1248 causa

147 1270 191 1336 sit
213 1292 271 1336 cur
295 1271 424 1336 demum
446 1271 480 1336 in
496 1271 653 1338 extremis
676 1275 812 1354 aegroto
836 1270 900 1336 iam
919 1271 1068 1336 sensibus
1091 1270 1251 1337 destituto
1267 1278 1476 1338 sacramenta

149 1360 369 1425 conferantur.

103 1456 136 1510 31
236 1448 371 1526 Quando
395 1468 473 1513 vero
504 1446 683 1532 periculum
713 1448 828 1514 mortis
857 1449 939 1513 adeo
969 1448 1137 1532 probabile
1167 1451 1219 1513 est
1249 1451 1287 1513 ut
1316 1448 1474 1515 viaticum

147 1542 182 1604 et
197 1543 347 1604 extrema
362 1537 473 1605 unctio
489 1537 632 1602 conferri
654 1537 789 1621 possint,
814 1537 894 1602 nihil
917 1557 1045 1619 quoque
1062 1538 1173 1604 obstat
1196 1536 1273 1618 quin
1289 1537 1475 1605 benedictio

147 1627 329 1710 apostolica
358 1630 495 1710 aegroto
526 1626 730 1704 conferatur,
764 1626 958 1710 praesertim
982 1647 1053 1691 cum
1078 1627 1159 1691 haec
1181 1625 1313 1692 interim
1333 1649 1476 1712 suspen·

148 1717 206 1782 dat
222 1718 373 1784 effectum
389 1737 494 1793 suum,
519 1715 574 1798 qui
590 1715 719 1780 demum
734 1715 768 1779 in
783 1736 862 1780 vero
878 1715 1017 1781 articulo
1041 1716 1156 1780 mortis
1172 1736 1230 1780 seu
1246 1715 1361 1781 ultimo
1385 1717 1477 1782 vitae

147 1809 313 1871 momento
343 1805 533 1889 producitur
565 1804 598 1870 vi
627 1803 862 1870 benedictionis
892 1809 991 1870 antea
1021 1805 1128 1871 datae.
1175 1805 1225 1870 De
1256 1825 1320 1887 qua
1343 1826 1379 1870 re
1410 1807 1476 1872 iam

148 1893 291 1960 dubitari
319 1915 384 1959 non
414 1898 535 1978 potest.
582 1893 733 1960 Habetur
761 1893 847 1959 enim
877 1914 1067 1977 responsum
1099 1893 1131 1960 S.
1156 1893 1274 1976 Gongr.
1296 1893 1425 1977 Indulg.
1458 1916 1478 1961 a

148 2005 274 2049 summo
297 1983 451 2066 pontifice
472 1983 609 2048 Leone
631 1983 710 2048 XIII
733 1983 951 2066 approbatum
974 1982 1027 2048 die
1052 1985 1092 2048 19
1116 1982 1196 2049 Dec.
1223 1984 1308 2048 1885
1333 1982 1378 2064 (v.
1396 1988 1477 2050 Actu

150 2075 182 2140 8.
207 2075 302 2140 Sedis
325 2072 445 2151 XVIII,
471 2072 568 2154 414):

243 2170 407 2252 ,Sequens
441 2169 573 2235 dubium
612 2169 760 2253 patribus
796 2167 1015 2234 cardinalibus
1050 2167 1265 2234 dirimendum
1300 2169 1364 2235 fuit
1402 2192 1478 2255 pro·

148 2259 309 2342 positum:
344 2258 482 2338 ,Utrum
512 2257 694 2324 benedictio
724 2257 907 2342 apostolica
930 2278 1002 2322 curn
1032 2257 1238 2341 indulgentia
1266 2259 1417 2342 plenaria
1445 2259 1478 2324 in

148 2347 287 2414 articulo
318 2347 434 2413 mortis
466 2348 536 2413 dari
569 2347 675 2431 possit
705 2351 781 2431 post
812 2346 934 2413 collata
966 2349 1116 2412 extrema
1145 2352 1370 2427 sacramenta,
1405 2370 1476 2414 curn

148 2436 328 2520 periculum
359 2436 489 2519 quidem
519 2436 635 2502 mortis
664 2436 775 2515 adest,
808 2457 873 2501 non
904 2441 1015 2502 tamen
1045 2434 1241 2501 imminens?
1287 2437 1341 2501 ΕΙαί
1365 2441 1400 2503 et
1423 2438 1477 2503 R¹¹²i

148 2526 318 2611 patrosin
342 2525 490 2609 generali
512 2525 770 2608 congregatione
792 2525 906 2592 habita
929 2525 981 2590 die
1007 2526 1046 2590 18
1071 2526 1149 2591 Dec.
1177 2527 1261 2591 1885
1285 2525 1319 2591 in
1343 2527 1477 2593 aedibus

148 2615 321 2682 Vaticanis
352 2614 606 2699 responderunt:
647 2614 910 2693 ,Affirmative,“
948 2635 1046 2697 quam
1078 2614 1321 2698 responsionem
1355 2636 1399 2680 ex
1431 2616 1477 2681 rei

149 2711 269 2772 natura
298 2726 357 2788 pro
389 2703 537 2769 omnibus
567 2703 712 2786 aegrotis
737 2703 1000 2769 christifidelibus
1029 2703 1064 2768 in
1086 2703 1201 2768 mortis
1230 2704 1376 2787 periculo
1402 2726 1477 2771 con-

149 2795 276 2861 stitutis
292 2795 404 2860 valere
427 2793 605 2860 dixerunt.
624 2845 631 2860 .
651 2845 658 2859 .
682 2792 743 2858 Die
764 2793 972 2875 insequenti.
991 2845 999 2858 .
1018 2844 1025 2858 .
1048 2791 1103 2859 SS.
1121 2792 1160 2859 D.
1178 2793 1219 2858 N.
1236 2793 1303 2857 Leo
1319 2793 1383 2860 ΡΡ.
1400 2795 1478 2860 XIII

149 2884 394 2967 responsionem
416 2882 642 2966 adprobavit‘

106 3006 140 3061 32
239 2998 277 3064 R.
296 3002 326 3066 3.
358 2999 483 3063 Verum
507 2997 592 3080 quod
609 2997 713 3063 Titius
737 3000 853 3081 postea
868 3017 933 3061 non
950 2995 1089 3079 amplius
1110 2995 1153 3060 ad
1176 2999 1348 3079 aegrotum
1364 2998 1478 3064 redeat

149 3091 201 3153 est
225 3087 355 3152 omnino
378 3088 464 3152 male
488 3091 607 3153 actum.
654 3085 764 3168 Atque
787 3086 814 3150 si
839 3086 920 3151 haec
944 3085 1022 3150 Titii
1045 3086 1246 3151 consuetudo
1270 3091 1337 3163 est,
1369 3087 1478 3154 itaut

149 3176 263 3242 fideles
293 3182 471 3242 vereantur
500 3177 677 3259 parochum
701 3176 806 3240 denuo
836 3175 878 3240 ad
908 3178 1078 3257 aegrotum
1110 3194 1245 3252 vocare,
1276 3175 1421 3241 maxime
1451 3177 1478 3242 si

150 3266 265 3333 mortis
290 3265 448 3331 articulus
470 3265 584 3343 instat,
611 3285 727 3330 censeo
752 3263 881 3329 omnino
905 3263 1026 3330 'litium
1050 3263 1200 3345 graviter
1221 3285 1369 3347 peccare.

239 3362 400 3428 Nimirum
431 3365 560 3429 Ritnole
587 3364 676 3428 Rern.
708 3365 836 3427 monet:
870 3361 1143 3443 ,Ingravescente
1172 3361 1284 3426 morbo
1316 3363 1477 3445 parochus

150 3452 311 3517 infirmum
346 3451 550 3534 frequentius
580 3451 730 3518 visitabit
759 3455 793 3517 et
823 3451 863 3515 ad
894 3451 1033 3516 salutem
1064 3450 1239 3532 diligenter
1268 3451 1383 3516 iuvare
1415 3474 1477 3518 non

151 3541 293 3618 desinet;
318 3541 513 3627 monebitqne
535 3543 674 3605 instante
692 3542 836 3627 periculo
859 3561 891 3605 ae
907 3539 1068 3622 confestim
1085 3543 1201 3622 occari,
1229 3549 1261 3605 ut
1285 3545 1317 3605 in
1342 3549 1479 3626 ternpore

147 3639 275 3716 praesto
291 3633 333 3695 eit
348 3627 525 3697 morienti.“
560 3629 609 3694 De
625 3649 688 3711 quo
705 3630 736 3696 S.
754 3629 871 3711 Congr.
888 3629 1094 3711 interrogata
1110 3629 1196 3694 sitne
1212 3629 1292 3694 haec
1309 3630 1476 3713 obligatio,

151 3741 254 3801 eaque
277 3718 390 3802 gravis
414 3740 435 3784 a
457 3739 522 3800 qua
545 3719 616 3783 sola
639 3718 884 3801 impossibilitas
904 3719 956 3783 vel
979 3718 1113 3800 gravior
1136 3718 1273 3783 aliorum
1297 3720 1477 3786 necessitas

150 3812 334 3886 excusaret,
360 3808 411 3873 die
435 3810 477 3873 23
502 3807 614 3872 Martii
639 3809 724 3872 1878
748 3806 931 3892 respondit:
964 3807 1142 3885 ,Standum
1165 3806 1477 3890 praescriptionibus

149 3898 291 3964 Ritualis
314 3897 468 3975 Romani,
492 3897 526 3962 in
549 3895 682 3977 reliquis
706 3897 857 3964 consulat
878 3896 1034 3980 probatos
1057 3898 1238 3962 auctores.“
1287 3897 1372 3962 Vide
1396 3903 1478 3965 Acta

152 3990 185 4055 S.
210 3989 305 4055 Sedis
327 3987 383 4065 XI,
410 3987 474 4051 188
490 4008 560 4070 sqq.

239 4082 355 4149 Noluit
384 4082 486 4165 igitur
510 4082 542 4149 S.
566 4081 784 4165 Congregatio
809 4083 849 4147 de
872 4082 1040 4165 gravitate
1062 4081 1158 4146 huius
1181 4083 1348 4166 praecepti
1373 4084 1478 4167 deque

151 4173 258 4239 causis
291 4171 525 4238 excusantibus
556 4170 723 4238 decretum
755 4171 859 4248 ferre;
892 4176 927 4237 et
958 4171 1093 4248 merito,
1127 4171 1203 4253 quia
1235 4193 1300 4236 non
1329 4194 1395 4238 una
1427 4181 1478 4241 est

151 4263 297 4345 aegrotis
315 4261 496 4327 necessitas
519 4281 624 4343 neque
639 4282 704 4326 una
727 4260 878 4344 parochis
902 4260 1145 4344 opportunitas:
1170 4261 1226 4342 qui
1249 4260 1333 4325 enim
1357 4265 1477 4346 populo

152 4353 293 4433 quinque
324 4351 447 4415 milium
477 4350 657 4415 animarum
688 4351 777 4415 solus
807 4355 953 4433 praeest,
985 4371 1065 4414 sane
1095 4349 1232 4430 singulis
1262 4371 1333 4414 earn
1365 4373 1477 4418 curam

152 4441 339 4524 impendere
355 4441 477 4521 nequit,
495 4461 591 4522 quam
608 4439 663 4503 ille
680 4439 733 4520 qui
750 4461 808 4522 pro
825 4438 979 4522 parochia
995 4439 1084 4502 mille
1100 4439 1280 4502 animarum
1298 4441 1477 4507 subsidium

153 4528 352 4596 coadiutoiis
382 4529 491 4595 habet.
538 4528 756 4594 Nihilominus
786 4528 965 4592 necessitas
995 4528 1027 4592 in
1052 4528 1190 4593 articulo
1214 4528 1345 4602 mortis,
1378 4531 1476 4596 etiam

153 4622 230 4702 post
252 4623 405 4702 suscepta
421 4625 638 4695 sacramenta,
663 4617 860 4699 gravissima
876 4637 948 4681 esse
971 4620 1096 4700 potest:
1122 4638 1223 4698 quare
1239 4617 1266 4681 si
1283 4639 1363 4699 erga
1379 4641 1478 4685 sanos
