3044 5174
430 301 627 371 Indulgentiae.
646 331 682 342 -
700 301 786 358 Valor
803 306 832 357 et
849 302 1029 358 condiciones.
1330 308 1395 373 363

59 541 475 611 INDULGENTIARUM
502 540 794 608 CONDIGIONES
823 541 879 607 ΕΤ
909 540 1055 607 OPERA
1083 541 1394 609 PRAESCRIPTA.

633 709 744 776 Casus.
759 716 836 786 (186)

154 857 315 930 Anatolia,
344 857 394 933 pia
415 856 536 929 mulier,
567 876 654 933 quam
682 857 826 933 plurimas
854 858 955 917 studet
981 858 1093 917 lucrari
1118 858 1320 934 indulgentias
1341 879 1395 937 pro

61 939 221 999 animabus
242 936 415 1015 purgatorii.
445 937 517 997 (lum
537 937 628 1012 igitur
649 938 696 996 die
710 938 729 995 2
744 939 821 1012 Aug.
843 938 883 997 sit
903 940 1013 998 festum
1028 938 1239 998 Portiuuculae
1263 946 1293 1000 et
1307 939 1396 1000 simul

62 1019 238 1090 Dominica‚
260 1037 319 1095 qua
340 1016 446 1094 incipit
466 1017 734 1077 extraordinarium
754 1018 928 1078 iubilaeum:
952 1037 1008 1093 quo
1030 1019 1167 1079 devotius
1188 1040 1249 1078 rem
1270 1025 1396 1097 peragat

62 1100 113 1159 die
137 1102 152 1158 1
174 1101 253 1175 Aug.
274 1117 370 1169 mane,
392 1097 441 1157 ubi
463 1099 618 1157 confluxus
632 1103 735 1158 tantus
750 1119 810 1157 nou
826 1104 881 1169 eet,
904 1099 1062 1158 confitetur
1077 1105 1107 1158 et
1121 1119 1145 1159 s.
1161 1101 1394 1160 communionem

62 1180 172 1252 sumit3
201 1185 232 1239 et
258 1177 393 1254 sequenti
421 1177 468 1238 die
496 1180 668 1254 frequenter
688 1178 792 1238 visitat
822 1179 979 1238 ecclesiam
1006 1179 1104 1256 ibique
1132 1180 1288 1257 quinquies
1308 1183 1397 1241 Pater

63 1266 96 1320 et
115 1262 177 1321 Ace
196 1259 306 1319 recitat
325 1278 380 1336 pro
400 1258 551 1318 lucrandis
572 1258 765 1334 indulgentiis
786 1264 849 1318 tum
864 1259 1084 1328 Portiunculae‚
1106 1265 1168 1319 tum
1183 1260 1312 1332 iubilaei,
1333 1266 1396 1320 tum

63 1340 142 1400 alias
168 1340 207 1400 ad
236 1358 310 1415 quas
331 1339 418 1398 titulo
440 1339 717 1399 confraternitatum
739 1345 828 1416 atque
849 1339 964 1416 piarum
985 1359 1104 1417 precum
1126 1360 1331 1417 parmensem
1352 1342 1396 1401 fu·

62 1439 165 1480 aarum
186 1421 304 1480 titulum
325 1419 425 1478 habet.

61 1543 245 1613 Qunamrua
267 1545 296 1601 1ο
316 1541 485 1602 sufficiatue
507 1542 656 1602 confessio
678 1548 708 1602 ct
729 1563 752 1602 a.
775 1543 940 1603 communio
969 1542 1063 1619 pridie
1090 1544 1189 1615 facta,
1220 1550 1255 1603 ut
1282 1545 1329 1604 die
1350 1564 1397 1604 se·

320 1623 421 1699 quenti
443 1623 586 1681 Anatolio
606 1622 808 1698 indulgentias
829 1623 941 1682 lucrari
961 1623 1065 1700 possit.

268 1730 298 1787 2⁰
319 1730 421 1789 eadem
443 1729 593 1788 confessio
614 1735 644 1789 et
665 1729 829 1790 communio
851 1730 1019 1789 sufficiatne
1040 1749 1093 1806 pro
1113 1729 1307 1806 indulgentiis
1324 1731 1396 1791 utri·

320 1829 376 1886 que
398 1809 456 1869 diei
477 1809 610 1869 annexis.

268 1918 297 1975 3⁰
319 1936 394 1994 quae
415 1922 446 1976 et
466 1922 577 1994 quanta
598 1917 693 1977 oratio
715 1917 883 1994 requiratur
903 1917 942 1978 ad
955 1917 1148 1977 intentionem
1171 1918 1281 1977 Summi
1295 1918 1395 1978 Ponti·

320 1997 385 2057 ficis
406 1997 565 2057 fundenda.
608 1997 727 2057 Satisne
749 1997 789 2056 sit
810 1997 980 2057 mentaliter
1001 2017 1095 2057 orare.

664 2195 800 2264 Solutio.

153 2348 208 2415 An
240 2368 432 2425 quassrrun
466 2352 503 2412 1¹¹²
534 2347 573 2412 R.
607 2351 635 2413 1.
682 2347 720 2411 ln
750 2347 961 2430 indulgentiis
991 2348 1124 2414 iubilaei
1153 2347 1322 2431 quodlibet
1352 2362 1458 2418 exuto

63 2438 218 2524 operibus
241 2437 453 2522 praescriptis
476 2437 547 2501 fieri
564 2436 661 2502 debet
677 2436 765 2502 intra
780 2441 911 2522 tempus
934 2458 993 2520 pro
1016 2437 1156 2503 iubilaeo
1173 2438 1394 2520 assignatum:

63 2529 152 2611 quod
174 2527 291 2611 incipit
313 2547 334 2593 a
356 2525 470 2610 primis
493 2525 640 2609 vesperis
663 2525 759 2610 primi
783 2526 846 2591 diei
868 2526 999 2606 indicti,
1025 2527 1045 2593 i.
1071 2548 1097 2594 e.
1122 2526 1156 2591 in
1178 2532 1292 2593 nostro
1316 2549 1395 2593 casu

62 2622 213 2702 ternpore
237 2615 425 2700 vespertino
450 2614 581 2681 sabbati
604 2619 682 2680 ante
707 2618 726 2679 2
750 2615 836 2698 Aug.

155 2733 195 2797 R.
219 2735 250 2798 2.
282 2731 346 2797 Pro
370 2731 444 2797 aliis
467 2730 679 2812 indulgentiis
702 2730 864 2796 confessio
888 2735 988 2814 atque
1012 2731 1112 2797 etiam
1136 2731 1319 2797 communio
1343 2732 1395 2797 die

63 2820 274 2889 antecedenti
297 2820 362 2886 iam
386 2821 457 2885 fieri
480 2822 607 2903 potest,
638 2819 666 2884 si
689 2820 785 2886 modo
816 2820 942 2902 reliqua
971 2819 1177 2904 praescripta
1200 2841 1301 2903 opera
1323 2820 1395 2904 ipso

64 2912 118 2976 die
142 2910 313 2992 assignato
336 2912 555 2994 peragantur:
587 2909 656 2974 dies
686 2914 797 2975 autem
828 2908 1017 2991 assignatus
1048 2909 1224 2991 aliquando
1249 2910 1351 2974 currit
1374 2931 1395 2976 a

63 3001 188 3084 Ivesp.
213 2999 248 3080 (i.
269 3021 296 3065 e.
315 2998 418 3082 pridie
434 3020 454 3064 a
469 2996 631 3081 vesperis)
656 3019 757 3080 usque
781 2998 823 3063 ad
847 2999 1073 3081 crepusculum
1097 2997 1321 3082 vespertinum
1345 2998 1394 3082 ip-

62 3089 133 3155 sius
164 3088 243 3167 diei,
274 3087 450 3171 aliquando
481 3108 501 3152 a
531 3087 639 3153 media
661 3091 758 3153 nocte
789 3087 830 3152 ad
861 3087 1000 3152 mediam
1031 3091 1171 3154 noctem.
1218 3088 1271 3151 ΕΚ
1294 3088 1395 3153 Rac-

63 3179 181 3245 colta
205 3181 267 3243 etc.
292 3176 342 3243 ed.
367 3177 444 3243 anni
471 3178 573 3254 1898,
607 3178 839 3242 Praenotoodo
862 3197 894 3242 n.
919 3176 960 3254 V,
985 3180 1016 3242 3.
1041 3179 1072 3243 4.
1119 3178 1153 3243 S.
1180 3178 1293 3263 Conpr.
1317 3177 1393 3242 In'd.

62 3268 95 3334 d.
114 3267 145 3334 d.
171 3267 281 3334 dOct.
301 3268 386 3331 1870
410 3265 558 3331 decrevit
581 3265 651 3331 sive
675 3266 778 3330 solam
801 3264 1037 3330 confessionem
1062 3264 1133 3330 sive
1156 3265 1393 3331 confessionem

63 3361 100 3423 et
119 3355 377 3422 communionem
402 3355 472 3421 fieri
493 3376 589 3438 posse
614 3355 665 3419 dio
688 3354 876 3419 immediate
892 3354 1101 3438 praecedenti
1118 3375 1201 3433 eam,
1226 3355 1277 3420 cui
1293 3375 1395 3438 quae·

62 3466 204 3528 cumque
227 3444 431 3528 indulgentia
454 3465 609 3511 concessa
632 3444 686 3509 sit.
725 3443 789 3508 Pro
809 3443 1013 3525 indulgentia
1029 3444 1257 3509 Portionculae
1272 3443 1395 3510 sufficit

62 3534 227 3602 confessio
251 3556 272 3600 a
294 3534 346 3599 die
369 3537 412 3599 30
435 3533 508 3599 Iulii
534 3533 634 3600 facta.
681 3532 762 3599 Ibid.
787 3554 862 3617 pag.
889 3535 963 3599 557.

153 3650 193 3716 R.
212 3652 242 3718 3.
274 3650 338 3714 Pro
362 3648 402 3714 iis
426 3649 480 3731 qui
504 3648 621 3731 quavis
644 3648 850 3714 hebdomada
865 3647 1014 3714 confiteri
1029 3649 1147 3727 solent,
1172 3649 1295 3715 sufficit
1318 3649 1395 3714 heb-

61 3739 257 3806 domadaria
279 3738 441 3804 confessio
458 3760 517 3822 pro
534 3738 682 3803 omnibus
706 3737 918 3820 indulgentiis
941 3737 1197 3816 occurrentibus,
1221 3738 1255 3803 in
1278 3738 1395 3820 quibus

62 3827 229 3895 confessio
253 3827 408 3911 exigitur,
432 3827 460 3893 si
484 3827 579 3893 modo
604 3827 804 3894 conscientia
826 3827 980 3892 immunis
995 3832 1130 3893 servata
1146 3827 1190 3893 sit
1213 3849 1233 3892 a
1257 3832 1394 3911 peccato

62 3918 206 3984 mortali.
253 3917 372 3983 Racc.
396 3918 515 3982 Proca.
541 3938 571 3981 n.
598 3916 636 3993 V,
664 3919 680 3981 l
706 3937 748 3981 ex
771 3917 858 3983 decr.
884 3919 902 3982 9
927 3916 1006 3983 Dec.
1033 3919 1136 3982 1763:
1167 3917 1259 3982 nulla
1282 3921 1393 3982 tamen

62 4029 119 4073 res
142 4010 290 4073 mutatur
313 4006 419 4088 quoad
444 4005 629 4072 iubilaeum.

155 4122 193 4190 R.
218 4123 248 4188 4.
302 4121 438 4198 Quando
468 4120 605 4205 penuria
635 4124 687 4186 est
710 4120 1000 4198 confessariorum,
1035 4120 1224 4186 ordinariis
1254 4123 1393 4185 locorum

55 4212 240 4299 petentibus
263 4211 469 4277 conceditur:
504 4214 536 4290 1)
567 4215 604 4276 ut
633 4209 838 4291 indulgentia
869 4209 956 4275 festo
987 4230 1117 4274 annexa
1141 4209 1265 4292 acquiri
1288 4209 1394 4292 possit

61 4301 165 4368 etiam
188 4300 229 4366 ab
253 4299 293 4365 iis
317 4300 372 4382 qui
402 4321 467 4365 non
497 4300 605 4365 solent
634 4298 780 4381 qualibet
809 4298 1014 4364 hebdomada
1038 4298 1201 4374 confiteri,
1233 4319 1292 4381 per
1315 4319 1394 4363 con·

62 4390 240 4456 sessionem
269 4389 357 4456 iufra
389 4389 532 4473 spatium
562 4388 799 4455 hebdomadale
829 4394 907 4454 anta
937 4389 1075 4464 festum3
1109 4387 1142 4469 2)
1166 4390 1203 4451 ut
1231 4386 1393 4453 confessio

61 4501 148 4563 quae
172 4479 280 4546 soleat
302 4479 439 4544 alternis
463 4478 632 4561 quibusvis
655 4477 868 4542 hebdomadis
892 4478 961 4542 fieri
992 4477 1223 4558 („decurreute
1247 4476 1394 4559 quolibet

64 4573 107 4636 14
132 4569 257 4635 dierum
280 4568 425 4653 spati0“)
449 4567 593 4632 sufficiat
622 4567 665 4632 ad
694 4567 871 4632 lucrandas
894 4587 1006 4631 omnes
1037 4565 1275 4647 indulgentias,
1308 4566 1395 4632 sicut

61 4659 147 4726 aliae
170 4657 295 4725 sufficit
317 4656 479 4723 confessio
502 4656 766 4723 hebdomadaria.
812 4656 929 4722 llacc.
953 4655 1029 4722 ibid.
