3044 5174
342 101 507 155 Matrimonii
527 103 720 171 impedimenta
739 103 915 174 impedientia
933 121 981 158 seu
1002 105 1180 173 prohibentia.
1362 113 1426 174 523

95 279 296 346 Holtondc‘cc
317 279 349 349 d.
374 283 394 344 4
418 280 503 346 ch,
532 283 632 356 1741,
661 280 717 345 ubi
740 280 757 362 g*
783 283 803 345 3
826 280 972 363 loquitur
994 281 1034 346 de
1061 282 1152 356 ,istis
1176 282 1427 350 detestabilibus

94 367 245 435 conubiis
274 389 359 450 quae
383 369 414 434 S.
439 369 548 436 Mater
572 369 721 436 Ecclesia
751 389 881 453 semper
905 369 1075 437 damnavit
1098 376 1198 454 atque
1221 373 1425 440 interdixit“:

93 457 250 524 similiter
278 457 375 523 Pius
405 457 484 542 VIII
520 458 552 523 in
581 460 677 524 Brevi
707 459 752 523 ad
785 462 941 543 episcopos
971 461 1143 525 Bhenanus
1179 462 1209 527 d.
1242 465 1283 526 25
1314 463 1427 528 Martii

99 549 203 613 1830:
231 547 402 629 ,Ignotum
427 547 520 612 vobis
543 569 607 612 non
631 552 683 613 est
698 547 880 613 Ecclesiam
903 548 1008 630 ipsam
1031 569 1051 614 a
1073 549 1219 614 conubiis
1244 551 1425 616 huiusmodi

94 656 183 718 quae
213 656 277 703 non
305 657 422 720 parurn
453 636 672 704 deformitatis
703 642 737 703 et
766 637 948 720 spiritualis
978 639 1112 720 periculi
1142 660 1222 722 prae
1245 661 1281 705 se
1305 640 1425 716 ferunt,

96 725 308 802 abhorrere“,
342 730 377 791 et
414 730 468 801 ,ut
498 726 675 792 canonicae
707 727 798 808 leges
830 725 1040 792 matrimonia
1072 727 1186 793 eadem
1217 730 1427 811 prohibentes

95 813 253 899 religiose
283 814 555 882 custodirentur.“
617 815 735 896 Greg.
767 814 844 879 XVI
880 815 914 880 in
950 818 1063 882 litteris
1093 819 1138 882 ad
1170 819 1306 903 archiep.
1337 820 1425 885 Frib.

95 903 389 972 deamblare
413 903 558 986 loquitur
584 905 643 982 ,de
668 907 869 988 deplorando
892 904 923 969 in
948 904 1022 972 istis
1045 906 1232 988 regionibus
1248 909 1428 973 catholicos

94 993 185 1061 inter
208 998 243 1061 et
266 992 466 1059 acatholicos
491 992 771 1059 matrimoniorum
794 993 1006 1075 frequentia.“
1050 995 1098 1061 cf.
1115 994 1194 1061 Leo
1211 996 1299 1069 ΧΙΠ,
1324 1003 1426 1062 const.

97 1086 275 1150 Arcanum.
309 1081 501 1149 anteriores
516 1082 684 1148 Ecclesiae
708 1081 941 1166 prohibitiones
959 1104 989 1148 v.
1007 1083 1094 1166 apud
1110 1083 1240 1167 Feije,
1266 1086 1316 1150 De
1330 1091 1427 1152 matr.

96 1172 214 1239 mixtis
236 1193 267 1256 p.
291 1171 323 1247 I;
348 1172 516 1251 Bangen
541 1171 597 1247 IV,
624 1175 730 1254 6sqq.
755 1192 798 1237 ex
822 1171 941 1255 Gasp.
967 1194 997 1238 n.
1023 1175 1099 1238 443.

189 1279 230 1345 R.
253 1281 283 1344 2.
325 1278 534 1344 Matrimonia
550 1278 654 1343 mixta
678 1278 893 1343 communiter
916 1278 1080 1361 prohibita
1104 1284 1182 1345 sunt
1198 1281 1271 1362 lege
1288 1282 1490 1350 naturalibos

97 1373 133 1435 et
156 1367 285 1444 divina,
316 1388 355 1433 eo
386 1367 472 1449 quod
501 1367 679 1451 periculum
711 1387 821 1432 secum
846 1367 955 1433 ferant
978 1367 1161 1449 generatim
1185 1390 1248 1434 non
1273 1371 1347 1435 leve
1370 1392 1428 1454 pro

97 1463 197 1542 parte
227 1456 390 1523 catholica
420 1456 590 1521 deficiendi
620 1477 640 1521 a
669 1455 733 1521 tide
763 1457 816 1520 vel
847 1457 878 1520 in
909 1477 949 1522 ea
976 1456 1189 1539 frigescendi,
1220 1463 1320 1540 atque
1343 1460 1429 1543 peri·

96 1547 209 1613 culum
232 1545 437 1613 acatholicae
461 1545 601 1611 filiorum
625 1545 837 1611 educationis.

189 1652 228 1717 R.
255 1656 284 1718 3.
339 1651 429 1729 Quae
463 1651 609 1735 pericula
644 1673 715 1717 curn
752 1673 810 1735 pro
846 1651 1008 1718 adiunctis
1043 1673 1173 1718 cessare
1205 1653 1257 1717 vel
1290 1655 1428 1719 multum

98 1741 236 1809 diminui
259 1740 404 1825 possint,
435 1741 487 1806 vel
512 1741 688 1823 aliquando
717 1744 852 1825 propter
881 1742 997 1806 summi
1027 1741 1100 1806 boni
1125 1742 1303 1807 communis
1326 1765 1428 1827 spem.

98 1830 257 1898 adhibitis
280 1831 427 1905 cautelis,
452 1829 541 1896 licite
556 1829 684 1914 possint
702 1829 819 1895 subiri:
843 1830 927 1912 legis
943 1829 1232 1897 divino-naturalis
1254 1832 1429 1915 prohibitio

98 1925 213 2006 potest
235 1920 268 1985 in
292 1919 391 1985 certis
415 1919 545 1985 casibus
569 1939 714 1995 cessare;
739 1924 839 2002 atque
862 1918 894 1984 in
918 1918 969 1984 his
988 1920 1118 1984 casibus
1142 1921 1183 1986 ab
1207 1922 1428 1988 ecclesiastica

98 2010 174 2093 lege
199 2030 259 2093 per
276 2009 308 2075 S.
326 2008 442 2074 Sedem
467 2007 677 2092 dispensatim
702 2008 729 2072 si
746 2008 871 2092 petitur
886 2028 928 2073 ex
944 2009 1097 2090 graviore
1114 2029 1223 2087 causa,
1249 2010 1319 2076 dari
1335 2010 1430 2077 solet.

191 2107 229 2173 R.
248 2111 277 2172 4.
311 2105 487 2184 Quominus
504 2127 581 2172 vero
605 2127 678 2170 cum
702 2106 863 2189 aliquibus
885 2105 1049 2189 theologis
1066 2107 1231 2173 veteribus
1247 2108 1431 2174 consentire

101 2196 276 2281 possimus,
302 2195 395 2279 quasi
411 2196 443 2260 in
460 2195 646 2279 regionibus
663 2195 775 2261 mixtis
796 2195 850 2259 ubi
866 2195 1004 2260 diversis
1021 2196 1278 2263 confessionibus
1294 2197 1430 2263 liberum

101 2286 271 2369 religionis
293 2284 485 2351 exercitium
510 2284 698 2350 conceditur
721 2283 944 2351 ecclesiastica
971 2286 1025 2350 lex
1050 2290 1165 2352 contra
1188 2286 1293 2352 mixta
1316 2287 1431 2352 matri·

100 2376 211 2442 monia
243 2379 389 2440 cessaret
419 2378 518 2456 atque
553 2372 839 2439 divino-naturalis
872 2375 1087 2440 communiter
1122 2396 1186 2440 non
1218 2375 1430 2442 subsisteret:

101 2464 276 2551 prohibent
306 2467 374 2528 tum
406 2463 606 2529 recentiores
636 2463 756 2528 aetatis
787 2463 982 2528 documenta
1012 2464 1194 2547 pontificia,
1226 2470 1295 2532 tum
1326 2465 1431 2531 tristis

101 2553 323 2639 experientia,
355 2572 439 2635 quae
470 2553 504 2618 in
534 2552 613 2636 ipsis
645 2551 758 2617 mixtis
789 2552 977 2634 regionibus
1007 2573 1047 2621 ex
1078 2555 1294 2620 matrimoniis
1320 2555 1431 2620 mixtis

102 2641 286 2711 catholicae
309 2641 459 2724 religioni
482 2639 680 2723 regulariter
695 2662 849 2722 magnum
866 2641 1018 2706 damnum
1036 2642 1112 2706 oriri
1130 2644 1234 2708 docet.
1276 2643 1323 2709 uf.
1341 2644 1431 2708 Bal-

102 2731 382 2800 lerini·Palm.
410 2730 429 2797 l.
454 2752 481 2796 c.
506 2752 537 2795 n.
566 2732 650 2795 1089
667 2750 737 2812 sqq.

191 2856 245 2921 An
269 2873 459 2930 euaesrruu
484 2855 524 2917 2¹²
547 2853 585 2918 R.
613 2855 642 2916 1.
688 2851 837 2917 Ecclesia
866 2851 969 2932 igitur
1000 2874 1038 2916 ec
1060 2875 1120 2917 sua
1140 2860 1234 2936 porte
1264 2874 1328 2917 uon
1356 2873 1494 2925 raroslu

102 2944 265 3012 rationem
288 2942 409 3008 habere
432 2945 543 3026 potest
566 2943 600 3007 et
615 2940 715 3005 habet
738 2941 937 3005 relaxandae
960 2940 1043 3023 legis
1066 2962 1152 3022 auae,
1178 2941 1276 3006 etiam
1302 2942 1431 3023 quando

100 3035 156 3100 lex
169 3031 456 3099 divino-naturalis
466 3031 518 3096 vel
532 3050 605 3107 non,
619 3030 673 3095 vel
686 3051 748 3094 uon
759 3029 854 3113 plene
865 3029 1054 3106 cessaverit,
1065 3030 1259 3112 permittens
1272 3031 1432 3112 quaedam

102 3123 200 3195 mala,
226 3126 263 3186 ut
286 3120 411 3186 maiora
434 3124 705 3203 praecaveantur.
753 3118 843 3195 Quae
867 3118 1012 3184 rationes
1042 3122 1118 3184 sunt
1142 3141 1172 3186 v.
1197 3141 1230 3201 g.
1253 3120 1432 3203 pericnlum

102 3234 145 3278 ne
167 3211 251 3277 alias
274 3230 352 3293 pars
375 3208 537 3275 catholica
560 3207 691 3273 omnino
714 3229 735 3272 a
757 3208 821 3273 fide
840 3207 1010 3284 desciscat,
1035 3207 1276 3274 matrimonium
1294 3209 1435 3276 civiliter

101 3302 168 3368 iam
193 3302 408 3367 contractum.
456 3298 563 3375 Quare
593 3318 656 3361 non
681 3317 811 3378 semper
838 3318 880 3361 ex
904 3297 1146 3380 dispensatione
1170 3318 1230 3381 per
1252 3299 1432 3364 Ecclesiam

103 3391 184 3457 data
207 3408 347 3471 arguere
373 3386 485 3454 licebit
510 3387 552 3452 ad
575 3385 773 3452 matrimonii
792 3385 886 3451 mixti
903 3386 1099 3453 liceitatem:
1125 3388 1165 3452 ad
1182 3408 1280 3470 quam
1305 3389 1432 3453 demum

103 3479 217 3546 licebit
240 3476 451 3549 concludere,
484 3476 512 3541 si
535 3496 612 3560 pars
643 3474 821 3551 catholica,
857 3476 1016 3558 expositis
1046 3476 1172 3541 sincere
1196 3476 1376 3542 rationibus
1400 3483 1434 3542 et

102 3566 276 3644 adiunctis,
301 3586 373 3631 sese
396 3565 590 3630 submissam
615 3564 744 3628 omnino
768 3564 932 3638 exhibeat,
958 3565 1029 3630 sive
1053 3566 1084 3632 S.
1111 3566 1213 3632 Sedes
1236 3566 1434 3631 concesserit

103 3659 175 3724 sive
199 3654 414 3738 denegaverit
438 3653 612 3721 licentiam.

193 3754 233 3820 R.
251 3756 281 3818 2.
313 3753 358 3819 Et
373 3774 409 3817 re
426 3772 505 3817 vera
521 3750 670 3815 Ecclesia
693 3751 724 3815 in
747 3751 940 3832 quibusdam
965 3753 1219 3819 circumstantiis
1244 3753 1434 3835 permittere

102 3845 156 3910 vel
188 3847 305 3926 optare
331 3844 442 3925 potest
474 3840 631 3906 eiusmodi
662 3840 921 3915 matrimonium,
953 3842 980 3905 si
1012 3843 1283 3924 quod'magnum
1315 3841 1433 3904 honum

104 3952 277 4000 commune
293 3930 525 4011 Ecclesiaeque
549 3929 698 3995 dilatatio
723 3950 764 3993 ex
789 3950 827 3994 eo
843 3935 1009 4013 speretur:
1033 3930 1066 3994 in
1083 3951 1146 4011 quo
1163 3951 1239 3996 casu
1255 3929 1434 4013 periculum

103 4044 169 4088 non
200 4022 274 4086 leve
304 4040 324 4085 a
354 4024 449 4103 parte
480 4018 641 4085 catholica
671 4017 770 4083 subiri
796 4019 943 4083 Ecclesia
967 4019 1157 4102 permittere
1184 4022 1310 4102 potest,
1341 4020 1435 4082 firma

102 4118 217 4180 tamen
233 4113 387 4174 manente
402 4108 574 4174 voluntate
591 4107 695 4190 partis
717 4107 898 4173 catholicae
922 4112 954 4173 et
979 4108 1131 4191 propriae
1154 4108 1337 4173 servandae
1360 4108 1435 4171 fidei

103 4206 139 4268 ct-
162 4198 264 4285 prolis
287 4198 320 4263 in
345 4218 385 4262 ea
408 4218 466 4281 pro
491 4197 615 4261 viribus
639 4196 836 4262 educandae.

194 4286 389 4369 Ceteroquin
417 4285 587 4353 consuevit
610 4286 775 4358 Ecclesia,
810 4292 846 4351 ut
877 4286 974 4350 liceat
1005 4285 1248 4368 dispensatione
1280 4285 1344 4356 uti,
1376 4285 1435 4349 has

102 4377 311 4447 condiciones
334 4377 518 4460 postulare,
550 4374 703 4440 videlicet
733 4381 769 4441 ut
800 4378 904 4439 cautio
928 4377 1023 4439 detur
1052 4374 1151 4439 etiam
1184 4397 1202 4440 a
1234 4380 1329 4458 parte
1359 4394 1435 4439 aca-

100 4468 229 4537 tholica
254 4468 288 4547 l)
305 4466 345 4531 de
361 4464 465 4530 libero
481 4463 649 4545 religionis
670 4463 828 4529 exercitio
845 4463 1026 4529 catholicae
1042 4464 1200 4547 comperti
1219 4463 1435 4536 concedendo,
