3044 5174
513 499 843 568 CONDIGIONATA
866 498 1111 569 REPETITIO.

728 669 839 735 tasas.
858 675 899 744 (a)

242 810 325 870 Inter
346 810 513 870 Decianum
535 815 565 869 et
585 810 711 870 Decium
732 811 880 887 parochos
901 809 1017 870 vicinos
1039 812 1190 872 contentio
1219 818 1286 872 orta
1314 820 1363 873 est
1391 819 1474 891 atque

151 910 189 949 ex
212 889 330 950 diversa
359 911 459 951 eorum
486 890 573 967 praxi
601 891 775 967 populorum
804 889 975 963 admiratio,
1003 890 1144 950 videlicet
1172 891 1252 952 circa
1279 893 1421 972 baptismi
1440 897 1473 955 ab

151 969 311 1030 haereticis
334 971 436 1031 collati
457 970 664 1048 repetitionem
686 970 930 1039 conditionatam,
953 971 1078 1046 quando,
1101 971 1150 1047 qui
1171 972 1215 1031 sic
1235 975 1380 1051 baptizati
1401 980 1474 1047 sunt,

150 1056 257 1128 postea
277 1052 402 1111 redeant
421 1052 452 1110 in
472 1051 616 1127 gremium
636 1050 798 1111 Ecclesiae.

240 1131 392 1191 Decianus
421 1133 499 1190 enim
527 1150 565 1190 ox
592 1130 724 1206 generali
751 1131 855 1206 regula
882 1131 960 1206 quod
987 1136 1033 1190 tot
1061 1133 1284 1192 committantur
1304 1136 1343 1193 ab
1364 1135 1474 1195 hetero-

152 1210 238 1269 doxis
258 1211 393 1271 deiectus
421 1211 485 1271 sive
506 1211 537 1270 iu
558 1210 736 1288 applicanda
765 1211 891 1269 materia
912 1210 1028 1269 sivein
1049 1211 1145 1271 forma
1166 1211 1230 1271 sive
1251 1213 1282 1271 in
1302 1214 1474 1286 intentione,

150 1291 408 1350 indiscriminatim
430 1311 532 1351 omnes
553 1291 734 1368 rebaptizat,
756 1295 844 1367 atque
865 1309 960 1367 nuper
983 1291 1071 1350 etiam
1094 1311 1169 1363 eum,
1192 1311 1277 1368 quem
1298 1294 1364 1371 ipse
1385 1300 1475 1372 pater,

151 1371 285 1431 minister
306 1373 491 1431 acatholicus
522 1372 574 1432 sed
595 1372 642 1431 vir
662 1370 763 1447 gravis
785 1375 815 1430 et
836 1370 971 1430 sincerae
992 1371 1100 1430 mentis
1121 1371 1209 1432 simul
1230 1392 1296 1432 cum
1318 1374 1380 1434 filio
1402 1395 1476 1435 nunc

151 1451 270 1510 rediens
291 1452 329 1511 ad
349 1451 531 1524 Ecclesiam,
557 1451 780 1528 baptizaverat,
809 1457 840 1510 et
866 1470 952 1526 quem
973 1471 992 1510 a
1014 1471 1047 1511 se
1068 1451 1270 1512 essentialiter
1290 1453 1349 1514 rite
1378 1462 1410 1514 et
1429 1475 1475 1516 va·

151 1530 210 1590 lide
232 1532 416 1609 baptizatum
437 1551 504 1591 esso
526 1536 607 1591 certo
628 1533 806 1591 testabatur.
847 1531 958 1590 Decius
986 1551 1058 1591 vero
1085 1531 1208 1592 iunixus
1235 1534 1295 1593 alio
1323 1534 1475 1614 principio,

151 1611 227 1687 quod
248 1612 322 1671 fides
343 1611 524 1690 baptizantis
554 1611 627 1670 nihil
654 1611 729 1670 facit
749 1618 780 1671 et
800 1612 877 1687 quod
905 1611 1034 1671 ministri
1056 1612 1145 1671 otiam
1160 1612 1272 1673 Christi
1293 1614 1475 1676 divinitatem

151 1697 297 1767 negantes
319 1694 435 1752 soleant
464 1712 497 1751 se
525 1692 596 1752 ritui
623 1692 740 1769 publice
761 1691 947 1768 praescripto
970 1691 1170 1765 conformare,
1201 1698 1288 1769 putat
1314 1697 1476 1773 baptismos

152 1771 304 1832 moraliter
333 1777 415 1833 certo
453 1791 520 1832 esse
542 1771 658 1831 validos
688 1790 783 1847 neque
813 1771 880 1849 plus
913 1791 1000 1847 quam
1030 1773 1171 1832 moralem
1199 1775 1407 1835 certitudinem
1437 1796 1476 1836 rs·

152 1852 246 1927 quiri,
279 1857 313 1912 ut
336 1856 391 1913 sub
414 1858 500 1912 reatu
523 1851 674 1928 sacrilegii
694 1851 835 1929 baptismi
862 1851 1000 1928 repetitio
1029 1852 1118 1911 otiam
1147 1854 1354 1915 condicionata
1377 1857 1477 1917 debeat

151 1931 297 1993 interdici.

606 272 648 327 Do
665 273 845 328 sacramentis
863 274 1023 344 generatim.
1504 207 1512 447 1

154 2047 333 2118 Quamurua
354 2050 384 2107 1⁰
401 2047 504 2186 lpintus
526 2067 628 2139 omncs
657 2049 694 2107 ab
716 2047 907 2107 heterodoxis
928 2047 1072 2124 baptizati
1094 2050 1149 2107 sub
1177 2049 1352 2109 condicione
1373 2052 1474 2112 iterum

352 2219 382 2275 2⁰
405 2127 675 2293 qhiiiiimddititudo
702 2215 842 2294 baptismi
871 2215 1037 2291 requiratur
1058 2221 1089 2275 et
1117 2218 1248 2278 sufficiat
1277 2224 1311 2278 ut
1333 2221 1473 2281 condicio

401 2301 473 2355 nata
494 2295 632 2373 repetitio
654 2295 750 2354 omitti
771 2295 868 2372 possit
888 2296 937 2354 vel
959 2294 1073 2355 debeat.

354 2387 384 2443 3⁰
405 2385 471 2461 quis
492 2384 523 2443 in
544 2384 698 2462 proposito
720 2404 793 2444 casu
814 2389 895 2444 recte
917 2384 1021 2460 egerit,
1042 2385 1196 2447 Dacianus
1217 2407 1256 2446 an
1277 2387 1398 2451 Decius.

748 2566 883 2634 Solutio.

127 2723 142 2775 7
242 2707 295 2772 An
311 2726 504 2783 coenemus
518 2709 555 2770 lm
568 2706 606 2774 R.
624 2712 651 2773 1.
676 2708 725 2772 Eo
742 2709 827 2789 quod
844 2709 1045 2774 acatholicus
1063 2709 1162 2775 fuerit
1178 2710 1234 2792 qui
1251 2711 1474 2794 baptizaverit

153 2798 340 2863 nullatenus
363 2797 440 2862 licet
462 2799 614 2879 repetere
637 2796 849 2880 baptismum,
874 2798 902 2861 si
925 2799 1021 2864 modo
1045 2798 1234 2880 ceteroquin
1258 2799 1369 2866 omnia
1391 2806 1474 2868 recte

59 2963 60 2966 Ἴ
152 2886 327 2970 peregerit.
375 2886 461 2952 Nam
490 2886 555 2950 fide
585 2890 710 2951 certum
742 2890 793 2951 est
824 2908 952 2951 omnem
981 2888 1144 2953 hominem
1175 2889 1303 2954 ratione
1332 2893 1473 2957 utentem

153 2997 211 3059 per
234 2996 270 3040 se
293 2995 389 3058 posse
413 2973 522 3040 valide
553 2975 737 3058 baptizare,
769 2975 838 3040 sive
863 2976 1042 3042 catholicus
1066 2978 1136 3042 sive
1160 2977 1380 3058 acatholicus,
1412 2981 1475 3046 sive

151 3065 222 3149 ipse
245 3064 431 3149 baptizatus
454 3063 525 3128 sive
548 3084 613 3128 non
636 3064 694 3129 sed
717 3065 865 3130 infidelis.
902 3064 987 3130 Hinc
1011 3065 1110 3132 etiam
1134 3066 1302 3133 decretum
1323 3068 1355 3134 S.
1374 3067 1475 3135 Officii

152 3155 183 3220 d.
208 3154 237 3219 d.
264 3157 315 3222 20.
340 3152 426 3219 Nov.
454 3155 555 3218 1878:

246 3242 383 3320 ,Utrum
407 3241 547 3306 conferri
577 3242 696 3306 debeat
725 3241 906 3325 baptismus
930 3242 990 3307 sub
1014 3244 1202 3310 condicione
1227 3245 1404 3313 haereticis
1428 3246 1475 3330 qui

152 3332 194 3396 ad
225 3331 419 3396 catholicam
448 3331 545 3396 fidem
570 3335 821 3406 convertuntur,
855 3332 893 3395 de
923 3353 1114 3418 quoe-uirique
1144 3337 1207 3399 loco
1236 3339 1427 3420 proveniant
1448 3339 1477 3402 et

153 3422 196 3485 od
219 3443 445 3508 quamcumque
468 3428 583 3485 sectam·
603 3420 816 3504 pertincant.“
853 3419 892 3486 R.
921 3420 1121 3503 ,Negative;
1146 3422 1253 3488 sedin
1269 3426 1476 3492 conversione

151 3508 406 3586 haereticorum,
431 3531 452 3575 a
475 3529 678 3591 quocumque
702 3509 771 3573 loco
796 3513 830 3574 et
852 3531 873 3575 a
897 3530 1100 3591 quacumque
1123 3516 1214 3578 secta
1237 3515 1408 3592 venerint,
1433 3516 1476 3580 in·

153 3598 343 3681 quirendum
373 3601 425 3664 est
454 3598 494 3663 de
518 3596 690 3664 validitate
721 3597 873 3681 baptismi
903 3597 935 3661 in
965 3600 1093 3665 haeresi
1123 3603 1276 3684 suscepti.
1325 3604 1476 3671 Inst'tuto
1509 3634 1512 3701 Ι

152 3687 253 3770 igitur
279 3688 312 3753 in
337 3686 473 3770 singulis
504 3687 633 3752 casibus
656 3687 823 3763 examine,
854 3685 882 3750 si
906 3693 1108 3771 compertum
1138 3690 1238 3756 fuerit
1268 3695 1326 3758 aut
1356 3694 1476 3760 nullum
1509 3714 1512 3726 ·

152 3782 211 3843 aut
234 3776 366 3842 nulliter
390 3776 543 3841 collatum
568 3774 687 3852 fuisse,
712 3775 898 3859 baptizandi
922 3783 999 3844 sunt
1022 3780 1187 3855 absolute;
1218 3780 1246 3845 si
1270 3785 1399 3860 autem,
1425 3803 1477 3868 pro
1509 3748 1512 3859 i

153 3871 337 3949 temporum
361 3869 396 3931 et
424 3865 569 3929 locorum
592 3863 720 3929 ratione
750 3864 1005 3947 investigatione
1035 3873 1187 3951 peracte,
1218 3868 1297 3934 nihil
1321 3871 1393 3937 sive
1424 3893 1477 3957 pro
1508 3874 1512 3897 ³

154 3954 325 4020 validitate
341 3954 412 4018 sive
435 3975 495 4036 pro
519 3952 726 4018 invaliditate
750 3953 924 4036 detegatur
948 3961 1006 4022 aut
1029 3957 1134 4022 adhuc
1157 3958 1325 4040 probabile
1349 3961 1477 4028 dubium

153 4044 193 4109 de
215 4042 368 4127 baptismi
384 4041 557 4107 validitate
573 4041 724 4126 supersit,
748 4046 818 4108 tum
834 4044 894 4108 sub
916 4045 1104 4111 condicione
1120 4052 1247 4113 secreto
1263 4048 1477 4133 baptizentur.

152 4135 291 4198 Demum
321 4131 349 4196 si
380 4130 564 4197 constiterit
594 4130 737 4196 validum
768 4132 885 4209 fuisse,
919 4134 1094 4218 recipiendi
1126 4141 1222 4203 erunt
1253 4140 1478 4207 tantummodo

153 4222 195 4287 ad
219 4219 456 4286 abiurationem
479 4241 537 4286 seu
560 4220 795 4305 professionem
819 4223 921 4288 fidei.“
1509 4237 1512 4311 q

241 4328 281 4392 R.
307 4329 336 4392 2.
383 4326 524 4428 Racilius
554 4331 665 4395 tamen
689 4349 731 4429 ex
755 4349 793 4393 eo
824 4330 910 4410 quod
940 4331 1111 4414 baptizans
1141 4331 1241 4399 fuerit
1268 4334 1475 4410 acatholicus,
1508 4314 1512 4427 l

154 4416 284 4481 dubium
309 4437 434 4499 concrpr
457 4420 567 4501 potest
590 4438 633 4482 au
657 4417 778 4498 ahquid
803 4418 978 4484 essentiale
1002 4419 1156 4485 omissum
1180 4421 1232 4487 sit.

128 4552 145 4605 8
242 4536 296 4602 An
319 4559 510 4615 quassrrcn
535 4543 574 4603 2¹³¹
597 4539 635 4605 R.
657 4543 684 4605 l.
722 4541 914 4606 Generalem
938 4542 1085 4622 regulam
1110 4543 1150 4607 de
1166 4545 1382 4611 sacramentis
1404 4569 1475 4614 con·

155 4625 316 4693 dicionate
339 4628 525 4711 repetendis
549 4629 650 4694 habes
673 4630 707 4694 in
731 4651 808 4694 casu
832 4629 949 4712 priore.
989 4631 1193 4713 Baptismum
1217 4638 1327 4700 autem
1351 4636 1407 4718 qui
1431 4657 1465 4702 es
