3044 5174
581 277 788 334 Sacramentum
806 276 997 348 paenitentiae.

746 471 880 538 Solutio.

83 634 136 688 579
236 613 289 678 An
312 633 504 688 ouansrnuu
530 616 567 678 1ἠ
589 612 629 679 R.
656 616 684 680 l.
721 613 906 679 Communis
929 619 980 681 est
1004 613 1154 679 doctrina
1176 613 1295 680 violari
1318 614 1477 697 sigillum,

145 702 174 767 si
198 702 271 785 quis
294 701 533 768 confessionem
556 703 722 786 scriptam,
747 724 844 786 quam
868 703 941 786 quis
964 703 1165 769 confessario
1182 703 1299 770 fecerit
1322 725 1382 769 seu
1406 709 1477 770 tra-

146 790 283 868 diderit.
315 811 359 855 ex
381 791 451 857 eius
483 791 632 857 manibus
662 791 781 876 eripiat
804 793 954 876 legatve‚
985 792 1040 858 vel
1063 792 1164 859 etiam
1187 813 1260 858 earu
1290 793 1477 876 paenitenti

146 881 289 946 nondum
313 881 502 947 restitutam
524 880 677 947 invadat:
708 882 795 964 quod
816 881 960 947 maxime
982 883 1074 948 valet
1103 883 1144 947 de
1173 886 1264 947 muto
1294 882 1344 948 ita
1375 884 1475 947 conli-

145 973 248 1047 tente‚
273 973 422 1035 attamen
445 969 545 1036 etiam
570 970 609 1035 de
633 970 715 1038 aliie.
751 970 1058 1037 Ballou-Palm.
1082 970 1104 1037 l.
1129 992 1156 1037 c.
1181 993 1211 1038 n.
1238 973 1321 1037 971:
1345 971 1403 1036 ubi
1425 972 1474 1036 in-

146 1058 259 1124 venies
282 1058 365 1124 alios
395 1063 558 1125 auctores.
604 1059 732 1143 Lago,
764 1061 814 1126 De
838 1063 960 1146 poenit.
985 1060 1015 1126 d.
1041 1062 1099 1138 23,
1133 1082 1164 1125 n.
1189 1062 1339 1137 47-493
1372 1060 1473 1144 Lay-

146 1168 280 1226 mann,
308 1149 365 1213 Tb.
388 1170 442 1231 m,
467 1149 506 1213 de
526 1152 645 1233 poenit.
671 1171 697 1215 c.
724 1151 776 1221 14.
801 1171 832 1215 n.
861 1152 917 1224 19;
943 1149 974 1215 S.
998 1148 1116 1233 Alph.
1141 1148 1197 1227 VI,
1223 1151 1297 1215 649.

234 1245 273 1313 R.
298 1247 328 1311 2.
375 1245 468 1310 Alias
492 1245 640 1312 chartam
663 1247 787 1329 legere,
811 1247 845 1311 in
868 1267 933 1330 qua
956 1247 1029 1328 quis
1052 1246 1153 1312 libere
1176 1246 1310 1330 scripsit
1333 1252 1472 1330 peccata

144 1356 205 1400 sua
228 1334 261 1399 in
285 1333 397 1399 ordine
416 1335 457 1399 ad
474 1334 708 1401 confessionem
726 1335 909 1401 faciendam
926 1337 980 1401 vel
995 1357 1093 1417 quam
1109 1357 1130 1401 a
1146 1334 1346 1401 confessario
1363 1336 1470 1401 reddi·

144 1429 215 1490 tam
237 1423 339 1488 libere
362 1428 491 1501 servat,
515 1423 651 1490 violatio
675 1424 806 1506 quidem
829 1424 948 1490 secreti
971 1425 1132 1491 naturalis
1155 1429 1223 1502 est,
1248 1425 1306 1490 scd
1331 1446 1398 1491 non
1421 1447 1471 1490 se·

144 1512 226 1579 creti
250 1512 517 1591 sacramentalis,
551 1534 624 1577 cum
654 1513 738 1579 hanc
768 1513 979 1598 scriptionem
1003 1514 1150 1581 Christus
1174 1513 1333 1579 Dominus
1358 1514 1470 1580 nullibi

143 1601 276 1696 iusserit
299 1602 352 1666 vel
375 1601 557 1669 instituerit
585 1623 644 1685 pro
675 1607 770 1686 parte
800 1602 1000 1669 sacramenti
1029 1623 1135 1686 neque
1165 1623 1208 1668 ex
1230 1603 1326 1668 huius
1351 1607 1470 1669 natura

143 1690 189 1758 sit
212 1692 411 1758 sacramenti
434 1691 716 1775 complementum.

234 1797 273 1864 R.
298 1799 328 1864 3.
376 1797 411 1864 Si
434 1797 507 1880 quis
530 1801 640 1864 autem
664 1800 701 1864 tit
724 1819 876 1863 recursus
899 1799 941 1864 ad
964 1798 1165 1882 superiorem
1193 1818 1253 1881 per
1274 1798 1409 1865 litteras
1432 1799 1473 1865 ad

142 1887 328 1953 habendam
344 1887 582 1953 absolutionem
599 1908 619 1952 a
634 1887 786 1970 graviore
801 1892 939 1971 peccato
956 1887 1164 1968 (reservato),
1184 1887 1254 1952 sive
1270 1887 1342 1970 ipse
1358 1888 1471 1972 paeni-

142 1982 218 2043 tens
241 1976 311 2041 sive
335 1976 556 2042 confessarius
571 1997 630 2059 pro
647 1997 685 2041 eo
702 1998 869 2042 recursum
885 1977 1001 2042 habet:
1025 1976 1083 2042 illa
1105 1976 1331 2043 manifestatio
1348 1977 1472 2061 scripta

144 2065 275 2130 omnino
291 2069 454 2131 secretum
471 2065 711 2130 sacramentale
726 2066 883 2149 postulat,
903 2065 1037 2148 eiusque
1054 2065 1156 2130 laesio
1173 2070 1226 2132 est
1241 2065 1344 2131 laesio
1362 2067 1470 2149 sigilli.

142 2155 229 2220 Nam
253 2155 330 2221 talis
353 2154 395 2220 ad
418 2153 618 2238 superiorem
642 2175 793 2219 recursus
823 2175 865 2219 ex
888 2154 961 2238 ipsa
989 2153 1196 2221 institutione
1226 2155 1336 2221 iudicii
1360 2177 1472 2222 sacra·

143 2244 297 2310 mentalis
326 2244 364 2309 fit
387 2243 563 2325 aliquando
587 2243 791 2308 necessarius
821 2246 936 2325 estque
966 2243 1186 2308 necessarium
1216 2247 1471 2330 complementum

143 2332 358 2398 confessionis
381 2332 640 2411 sacramentalis,
664 2335 763 2416 prout
786 2353 806 2397 a
829 2332 957 2398 Christo
980 2332 1134 2398 instituta
1156 2337 1218 2399 est.
1264 2333 1473 2418 Quapropter

143 2422 221 2488 talis
244 2441 412 2498 recursus,
438 2421 539 2487 etiam
562 2421 733 2498 litteralis,
758 2421 871 2486 eodem
898 2421 991 2486 modo
1015 2421 1145 2505 protegi
1169 2426 1203 2487 et
1226 2422 1335 2488 claudi
1360 2424 1471 2489 debuit

143 2510 340 2577 strictissimi
365 2511 485 2577 secreti
508 2510 626 2592 sigillo,
651 2511 736 2576 sicut
758 2510 830 2594 ipsa
852 2510 951 2576 oralia
976 2510 1147 2587 confessio,
1172 2531 1213 2576 ne
1229 2517 1472 2579 sacramentum

143 2599 367 2684 paenitentiae
397 2600 456 2664 fiat
486 2600 634 2665 fidelibus
664 2599 822 2665 odiosum.
869 2599 917 2666 cf.
940 2600 1200 2676 Ball-Palm.
1231 2599 1252 2666 l.
1279 2622 1306 2667 c.
1337 2622 1370 2667 n.
1396 2604 1470 2667 972.

81 2748 134 2803 530
233 2723 285 2788 An
308 2743 500 2798 ouansrruu
524 2727 563 2787 2·
592 2723 629 2789 R.
658 2727 685 2790 l.
733 2724 785 2787 Ex
816 2722 912 2789 dictis
942 2727 1036 2805 patet
1059 2724 1201 2788 Leonem
1231 2745 1296 2789 non
1327 2724 1471 2807 sigillum

143 2813 381 2878 sacramentale
404 2812 560 2890 violasse,
585 2812 727 2878 violasse
751 2833 830 2877 vero
853 2818 1016 2877 secretum
1040 2812 1285 2879 strictissimum
1308 2815 1470 2890 naturale,

142 2903 228 2985 quod
253 2923 295 2966 ex
318 2922 439 2983 genere
462 2923 521 2967 suo
545 2901 675 2968 omnino
699 2902 758 2966 sub
782 2901 877 2983 gravi
901 2901 1036 2984 obligat.

231 2999 270 3065 R.
295 3001 324 3065 2.
374 2999 437 3065 Sed
467 3021 506 3064 eo
536 3000 622 3082 quod
652 2999 802 3064 naturale
825 3002 954 3064 tantum
980 3003 1142 3064 secretum
1166 3004 1236 3078 est,
1270 2999 1471 3083 parvitatem

143 3088 301 3155 materiae
325 3088 490 3155 admittat.
522 3088 629 3165 Quare
651 3089 678 3153 si
695 3088 761 3153 Leo
785 3092 901 3171 postea
924 3109 977 3152 res
1000 3087 1124 3152 minimi
1145 3088 1302 3154 momenti
1317 3094 1472 3156 narraret

143 3177 231 3255 aliis,
257 3198 363 3259 neque
386 3199 443 3242 eas
466 3198 550 3259 quae
573 3177 717 3243 Antonio
740 3177 890 3259 graviter
912 3176 1135 3260 displicerent,
1160 3199 1225 3242 non
1249 3179 1471 3245 committeret

142 3271 314 3351 peccatum
337 3288 451 3349 grave,
476 3271 651 3349 utcumque
674 3267 745 3349 ipse
768 3266 907 3349 primum
930 3267 1044 3348 legens
1066 3267 1263 3350 peccaverit.

227 3356 277 3420 ut
299 3376 417 3420 revera
440 3360 630 3439 postquam,
662 3354 716 3436 qui
740 3355 888 3421 chartam
913 3354 1091 3433 invenerit,
1117 3355 1271 3422 advertat
1295 3377 1369 3421 esse
1393 3378 1470 3441 pec·

144 3449 220 3510 cata
244 3444 457 3509 confessionis
481 3466 581 3509 causa
604 3444 737 3527 scripta,
762 3443 977 3510 communiter
992 3465 1096 3526 grave
1112 3449 1286 3528 peccatum
1301 3449 1354 3511 est
1372 3466 1470 3528 porro

142 3534 271 3615 legere,
304 3533 380 3615 quia
411 3555 446 3598 se
470 3533 588 3598 saltem
619 3534 764 3616 periculo
794 3533 930 3616 exponit
959 3534 1088 3616 legendi
1113 3555 1197 3616 quiae
1220 3534 1371 3616 graviter
1395 3541 1471 3601 sunt

143 3622 332 3688 contraius
364 3623 492 3689 secreti.
539 3622 574 3687 Si
604 3629 714 3688 autem
744 3623 857 3705 legens
888 3625 1050 3687 moraliter
1082 3631 1185 3689 certus
1215 3623 1260 3689 sit
1292 3623 1333 3688 ob
1357 3629 1469 3690 notam

142 3711 315 3776 scribentis
331 3711 562 3779 conscientiam
580 3710 660 3775 nihil
675 3733 778 3793 grave
795 3711 971 3788 continere,
989 3711 1110 3793 aliquid
1127 3712 1237 3794 legere
1254 3712 1318 3779 erit
1334 3713 1471 3779 curiosi·

141 3806 196 3868 tas
219 3803 362 3866 taeniolis.

232 3899 270 3965 R.
296 3901 326 3963 3.
358 3898 430 3963 Nisi
454 3898 566 3963 statim
592 3898 633 3962 ab
656 3896 760 3976 initio,
785 3903 961 3981 antequam
984 3919 1080 3982 porro
1104 3899 1240 3981 legeret,
1265 3899 1368 3965 Leoni
1392 3904 1471 3966 nota

142 3992 216 4053 erat
238 4008 359 4070 magna
382 3987 516 4052 Antonii
541 3987 684 4070 purime,
718 3987 876 4069 incipiens
906 3989 1017 4070 legere
1040 3988 1106 4052 Leo
1136 3987 1285 4070 graviter
1307 3989 1470 4072 peccavit,

142 4076 204 4142 nisi
227 4077 503 4142 inconsiderantia
526 4080 711 4141 excusatur.
743 4115 787 4124 —
817 4077 895 4141 Cum
919 4098 997 4142 vero
1028 4076 1227 4159 singularem
1258 4077 1360 4144 animi
1384 4078 1470 4163 puri-

142 4170 247 4232 tatem
271 4187 306 4230 se
330 4166 484 4231 admirari
508 4186 605 4248 posse
627 4169 771 4248 putaret,
795 4187 935 4248 pergens
959 4167 1069 4249 legere
1086 4166 1218 4231 videtur
1233 4188 1298 4232 non
1314 4189 1470 4251 peccasse

142 4256 203 4320 nisi
220 4255 410 4322 venialiter:
427 4254 569 4320 maxime
585 4254 671 4337 quia,
695 4258 829 4337 praeter
845 4255 1124 4338 exspectationem
1140 4255 1350 4337 gravioribus
1366 4258 1470 4324 anim·

142 4345 300 4422 adversis,
326 4366 345 4410 a
369 4345 507 4425 legendo
531 4344 605 4408 ilico
630 4343 819 4410 desistebat.

231 4451 270 4516 R.
295 4453 326 4516 4.
374 4453 510 4514 Demum
536 4450 601 4514 Leo
625 4450 710 4514 male
733 4449 812 4514 feeit
835 4450 1045 4532 relinquendo
1070 4452 1218 4516 chartam
1242 4451 1415 4520 inventam
1437 4454 1468 4519 iu

142 4541 213 4604 loco
237 4540 310 4604 aliis
334 4539 457 4621 pervio.
505 4539 633 4603 Caritas
657 4539 740 4603 onim
766 4539 955 4621 postulabat
979 4544 1016 4604 ut
1039 4540 1183 4605 Antonio
1207 4561 1280 4605 eam
1304 4544 1467 4622 redderet,

142 4628 284 4693 maxime
308 4634 480 4712 postquam
506 4627 651 4694 advertit
674 4650 737 4692 non
761 4629 832 4692 sola
855 4629 980 4693 leviora
1004 4630 1189 4712 conscripta
1212 4651 1296 4697 esse.
