3044 5174
146 251 212 314 212
600 246 805 300 Sacramentum
824 245 1014 316 paenitentiae.

146 428 222 488 rent
237 423 405 490 addiscere
421 424 461 489 de
477 443 673 506 unaquaque
687 423 802 505 lingua
816 422 895 489 inibi
911 422 1017 487 usuali
1039 420 1097 487 illa
1119 440 1225 506 pauca
1249 421 1365 500 verba,
1389 439 1467 504 quae

147 518 224 578 sunt
247 512 433 579 necessaria
456 512 499 579 ad
523 512 718 597 explicanda
740 510 917 595 praecipua
939 512 1106 595 peccata.“
1155 511 1241 577 Ibid.

82 635 135 690 363
236 626 288 691 An
313 647 504 702 ouaesrrun
521 628 560 691 3¹¹²
576 626 614 692 R.
634 629 662 692 1.
694 626 850 712 inprime
867 646 945 690 casu
962 624 1108 704 Plautus,
1131 624 1160 689 si
1177 622 1350 690 moraliter
1365 627 1468 689 certus

146 720 219 782 erat
243 737 289 795 se,
313 716 625 798 interrogationibus
649 715 755 792 factis,
780 735 876 798 posse
900 713 1008 780 omnia
1030 718 1168 798 peccata
1189 713 1348 779 mortalia
1363 733 1467 779 essen·

145 805 271 871 tialiter
293 806 423 888 integre
446 804 648 887 intellegere,
673 809 763 870 recte
787 804 872 885 egit;
897 804 981 868 alias
1004 803 1116 869 debuit
1138 801 1365 887 paenitentem
1390 800 1467 867 omni

145 899 266 960 conatu
290 915 310 959 a
333 915 369 960 se
393 894 574 973 dimittere,
605 893 681 976 qnia
708 893 743 958 in
765 892 827 959 hoc
850 914 928 958 casu
951 892 1132 958 necessitas
1164 890 1338 958 deficiendi
1361 891 1403 957 ab
1425 890 1468 956 in·

144 983 304 1065 tegritate
327 1004 392 1049 non
415 982 540 1050 aderat.

235 1081 274 1146 R.
299 1083 329 1146 2.
368 1081 406 1146 In
430 1083 567 1146 serrendo
590 1101 668 1145 casu
692 1079 799 1164 potuit
822 1078 996 1162 aliquoties
1018 1078 1052 1144 in
1068 1100 1163 1158 anno,
1188 1077 1217 1144 si
1239 1076 1417 1162 paenitens
1436 1098 1468 1142 se
1509 1076 1512 1159 l

144 1169 285 1236 sistebat
308 1175 342 1237 et
365 1169 518 1254 cupiebat
540 1169 682 1246 absolvi,
714 1190 788 1234 eum
811 1170 983 1234 absolvere
1006 1171 1082 1253 post
1111 1171 1265 1234 conatum
1290 1166 1467 1234 adhibitum
1510 1195 1512 1201 ·

145 1258 376 1341 intellegendi,
407 1263 565 1341 quantum
588 1257 741 1343 possibile
765 1264 854 1335 erat,
888 1258 998 1340 aliqua
1030 1261 1167 1341 peccata
1198 1256 1232 1322 in
1264 1255 1395 1340 specie:
1426 1255 1467 1322 ita

145 1349 263 1415 saltem
288 1349 316 1413 si
339 1349 501 1431 agebatur
523 1348 563 1413 de
587 1346 777 1432 paenitente
800 1347 872 1412 rndi
903 1351 938 1413 et
967 1368 1111 1431 paupere
1134 1346 1166 1411 in
1190 1346 1231 1410 iis
1254 1345 1467 1412 circumstan-

145 1437 201 1503 tiis
225 1443 397 1516 versante,
422 1437 538 1520 quibus
561 1437 658 1502 valde
681 1457 784 1518 grave
808 1441 882 1502 erat
904 1459 960 1502 sea
982 1437 1094 1501 leucas
1117 1437 1288 1501 conficere.
1336 1434 1373 1501 si
1396 1454 1466 1499 vero

145 1528 308 1608 agebatur
331 1526 371 1592 de
394 1526 539 1605 homine,
571 1527 622 1592 cni
654 1547 757 1609 grave
779 1525 1018 1591 incommodum
1042 1546 1107 1589 non
1137 1529 1211 1591 erat
1233 1523 1298 1590 iter
1321 1545 1384 1590 sex
1405 1524 1467 1589 leu-

146 1637 258 1681 carum
282 1616 352 1682 aive
375 1616 518 1700 peditem
542 1616 612 1680 sive
635 1636 731 1680 curru
755 1616 924 1692 conficere,
949 1613 1119 1698 paenitens
1143 1613 1254 1698 potius
1276 1613 1466 1697 relegandus

145 1710 220 1771 erat
243 1706 285 1770 ad
308 1704 544 1770 confessarium
568 1705 634 1769 illic
651 1705 834 1786 degentem,
859 1704 921 1769 nisi
937 1703 1147 1770 instantanea
1165 1703 1277 1786 aliqua
1293 1703 1465 1770 necessitas

146 1794 247 1859 fuerit
269 1799 352 1860 orta.
383 1832 428 1841 -
453 1795 574 1859 Verum
597 1793 625 1858 si
648 1793 821 1876 paenitens
844 1798 961 1877 sponte
984 1792 1154 1877 praeferat
1175 1813 1235 1877 per
1256 1790 1462 1878 interpretem

146 1883 293 1948 confiteri
326 1883 456 1966 integre
489 1903 587 1966 quam
619 1883 684 1949 iter
715 1882 843 1961 facere,
877 1882 1015 1949 Plautus
1046 1881 1154 1965 potuit
1186 1886 1221 1948 et
1251 1881 1368 1948 debuit
1399 1901 1461 1948 eum
1510 1904 1512 1908 ⁴

145 1972 330 2040 admittere.

212 2071 288 2224 ἀΒί
299 2073 329 2137 3.
361 2069 475 2146 Quoad
498 2069 730 2151 obligationem
754 2069 943 2153 interpretis
967 2067 1141 2135 adhibendi
1163 2071 1258 2154 patet
1279 2088 1459 2154 responsum
1508 2098 1512 2128 .-

146 2180 188 2224 ex
234 2182 262 2225 re
280 2182 317 2226 rs.
1506 2193 1512 2202 ·

147 2337 402 2405 ANGUSTIAE
432 2338 680 2404 TEMPORUM
707 2336 849 2405 CAUSA
877 2338 936 2403 AB
964 2337 1264 2404 lurnesianus
1288 2335 1457 2405 CONFES

604 2461 745 2528 SIONIS
769 2461 1008 2529 EXCUSANS.

711 2609 821 2676 Casus.
842 2617 919 2686 (106)

237 2730 332 2789 Rufus
353 2731 522 2807 praefectus
550 2732 735 2803 sodalitatis,
766 2753 842 2808 quae
870 2734 1002 2793 celebrat
1030 2734 1198 2809 generalem
1227 2735 1456 2800 communionem,
1506 2744 1512 2798 ἶ

146 2830 211 2870 cum
226 2810 393 2886 insignibus
408 2812 455 2870 sni
468 2812 599 2870 muneris
615 2813 739 2872 devotus
753 2814 846 2873 flectit
860 2814 890 2872 in
906 2815 995 2873 choro
1010 2815 1164 2887 ecclesiae,
1179 2815 1232 2874 sed
1249 2834 1317 2874 cum
1332 2815 1457 2876 sacerdos

145 2889 266 2951 missam
289 2892 442 2950 celebrans
471 2893 508 2951 ad
530 2894 618 2951 Pater
645 2907 740 2953 noster
760 2894 963 2971 pervenisset,
992 2895 1087 2954 Rufus
1115 2894 1242 2954 stimulis
1271 2895 1458 2956 conscientiae
1503 2904 1512 2934 ³

145 2972 277 3048 agitatus
300 2972 398 3031 subito
420 2973 532 3047 surgit,
563 2972 657 3031 intrat
677 2973 804 3032 vicinam
826 2975 1011 3046 sacristiam,
1032 2974 1130 3052 ibique
1151 2976 1303 3035 sacerdoti
1324 2996 1407 3053 quem
1425 2993 1459 3034 re
1506 2995 1512 3031 ·:

146 3053 224 3130 perit
245 3053 331 3111 dicit:
355 3052 419 3111 heri
439 3053 585 3128 sacrilege
607 3055 763 3113 confessus
784 3074 864 3124 sum;
892 3055 962 3130 quid
982 3055 1073 3114 miser
1094 3075 1173 3115 nunc
1194 3055 1320 3128 faciam,
1343 3076 1408 3117 curn
1426 3056 1459 3115 in·
1505 3080 1512 3122 ς

145 3139 206 3192 stet
233 3154 257 3193 s.
286 3133 471 3192 communio?
519 3133 727 3193 Confessarius
762 3154 828 3193 eum
858 3134 939 3194 iubet
968 3135 1037 3194 ilico
1068 3136 1175 3195 elicere
1206 3137 1414 3197 contritionem
1438 3140 1461 3194 et

145 3219 250 3290 postea
272 3213 414 3283 confiteri,
437 3213 554 3272 interim
577 3232 642 3271 eum
664 3214 793 3273 absolvit
814 3220 844 3273 et
864 3215 956 3274 mittit
977 3215 1014 3273 ad
1036 3236 1059 3275 s.
1082 3216 1325 3277 communionem.

235 3293 376 3351 Similiter
397 3293 540 3370 Serapion
562 3293 726 3366 celebrans,
748 3315 813 3353 cum
834 3295 912 3354 inter
933 3296 1100 3355 contionem
1125 3316 1191 3357 cum
1212 3297 1359 3358 ministris
1380 3297 1463 3367 sedet,

146 3373 282 3432 contione
304 3378 402 3432 tactus
430 3374 535 3451 incipit
555 3375 659 3433 timere
681 3375 716 3433 de
738 3380 818 3434 statu
841 3395 911 3447 suo,
943 3395 1008 3434 cum
1038 3379 1076 3435 ab
1104 3396 1182 3436 anno
1210 3376 1268 3436 iam
1297 3378 1421 3439 haereat
1438 3377 1466 3436 in

145 3473 237 3512 caeno
256 3454 381 3529 peccati.
409 3454 552 3514 Contione
567 3455 660 3526 finita,
682 3456 831 3514 sacerdoti
852 3455 1005 3515 assistenti
1027 3457 1076 3531 qui
1098 3476 1217 3516 munera
1239 3457 1358 3518 diaconi
1378 3456 1466 3534 fungi·

145 3543 202 3605 tur,
224 3534 357 3593 breviter
377 3534 463 3593 dicit:
487 3535 532 3606 da,
555 3555 674 3610 quaeso,
696 3534 768 3595 mihi
789 3535 1005 3596 absolutionem
1026 3557 1045 3595 a
1066 3537 1231 3613 sacrilegiis
1252 3537 1380 3615 aliisque
1400 3538 1468 3599 meis

144 3614 286 3689 peccatis,
308 3619 412 3690 postea
434 3616 526 3690 plura.
565 3615 620 3685 Qui
641 3636 750 3675 morem
772 3617 857 3691 gerit.
900 3617 1010 3676 Postea
1031 3617 1185 3695 Serapion,
1207 3636 1307 3678 secum
1328 3627 1469 3697 reputans

144 3714 178 3753 se
200 3695 387 3768 confessione
409 3703 439 3754 et
461 3696 647 3754 absolutione
668 3696 706 3755 ad
728 3702 840 3755 statum
860 3697 975 3770 gratiae
990 3699 1162 3758 restitutum
1184 3717 1260 3770 ease,
1283 3699 1386 3760 differt
1406 3720 1469 3760 con·

144 3775 313 3846 sessionem,
336 3775 402 3834 dum
425 3775 519 3834 denuo
540 3781 693 3853 peccatum
715 3796 806 3851 grave
829 3778 1016 3838 commiserit.

144 3879 321 3949 Quannrrun
344 3883 373 3938 1ο
394 3881 551 3955 angustiae
578 3887 741 3959 temporum
770 3888 800 3941 et
827 3883 916 3942 timor
942 3884 1082 3943 infamiae
1111 3885 1210 3944 sintne
1239 3903 1351 3946 causae
1373 3889 1410 3947 ab
1431 3887 1471 3947 iu·

394 3962 536 4035 tegritate
557 3963 752 4023 confessionis
775 3969 964 4023 excusantes.

346 4052 376 4107 2⁰
397 4051 585 4126 potuerintne
606 4052 701 4111 Rufus
723 4060 753 4112 et
774 4053 926 4130 Serapion,
948 4054 1032 4112 utin
1054 4073 1136 4126 casu,
1159 4055 1283 4116 absolvi.

345 4141 375 4197 3⁰
396 4139 738 4279 eomplzrlrdatconfessio
766 4144 935 4218 potueritne
957 4143 1084 4215 differri,
1114 4144 1181 4203 dum
1203 4145 1323 4206 aliunde
1345 4148 1473 4209 oriretur

395 4239 457 4277 erus
480 4240 496 4278 o
530 4240 578 4295 rga
593 4241 629 4280 ιο.
1339 4232 1345 4242 ”

743 4386 877 4452 solutio.

82 4531 136 4585 364
234 4509 287 4574 An
311 4530 502 4585 onsnsrrrn
527 4513 564 4575 1m
587 4510 625 4586 R.
650 4512 678 4577 1.
711 4510 798 4577 Ante
822 4512 929 4576 omnia
953 4513 1131 4579 notandum
1156 4519 1208 4582 est
1230 4517 1472 4587 incommodum

147 4618 251 4680 neque
274 4599 407 4682 pudoris
430 4621 535 4681 neque
551 4598 687 4665 alterius
703 4600 833 4682 generis
852 4602 963 4679 ullum,
989 4602 1074 4685 quod
1094 4628 1155 4690 per
1177 4627 1211 4672 ae
1233 4626 1398 4676 conexum
1423 4615 1473 4676 est
