3044 5174
135 273 200 338 288
586 272 793 328 Sacramentum
811 274 1002 344 paenitentiae.

73 459 124 513 505
223 446 275 511 Ao
299 466 490 522 Quassrruu
515 448 553 510 2⁰
576 446 616 515 R.
643 450 672 514 1.
716 447 770 512 Ex
792 448 1056 531 praesumptione
1078 448 1238 533 imprimis
1262 449 1443 518 confessam

133 535 286 601 iudicium
311 535 372 599 sibi
396 534 539 600 formare
562 536 682 616 licebit,
708 536 829 602 omissa
852 537 1007 604 ulteriore
1028 538 1298 621 interrogatione,
1324 541 1443 623 quand<

134 624 294 708 spectatis
317 645 476 707 personae
500 624 672 703 adiunctis,
695 625 757 690 sibi
781 626 978 708 persuadere
1002 627 1098 693 debet
1120 627 1401 712 interrogationes
1423 651 1442 696 s

134 719 260 780 certam
283 713 501 795 cognitionem
525 735 590 778 non
613 735 686 779 esse
704 716 896 781 servituras.
936 715 972 780 ln
997 736 1060 798 quo
1084 737 1163 782 casu
1185 717 1350 785 inutiliter
1372 740 1409 785 se
1431 740 1443 786 e

134 804 357 887 paenitentem
380 802 556 884 torquebit.

225 908 264 975 R.
290 911 320 976 2.
368 908 400 974 Si
431 908 522 974 brevi
552 908 809 992 interrogatione
839 910 966 993 sperari
995 916 1106 994 potest
1130 912 1262 978 dubium
1288 913 1329 979 de
1353 915 1443 997 gravi

134 1003 207 1065 tate
236 997 364 1081 peccati
392 998 536 1063 accusati
560 999 644 1062 solvi
667 1020 780 1082 posse,
811 999 893 1065 haec
917 1004 968 1066 est
991 1000 1184 1067 adhibenda.
1231 1001 1443 1069 Nihilominus

135 1088 199 1153 etsi
222 1087 388 1153 accusatio
411 1086 444 1152 in
469 1108 505 1152 se
527 1091 660 1171 sumpta
683 1087 813 1153 dubium
837 1110 902 1154 non
922 1088 1041 1167 aufert,
1065 1089 1093 1154 si
1115 1094 1229 1157 tamen
1244 1091 1443 1159 confessario

135 1176 304 1243 moraliter
327 1181 435 1242 certus
464 1180 515 1242 est
545 1176 676 1241 dubium
708 1198 780 1242 6666
810 1176 923 1256 inane,
954 1178 1065 1244 licebit
1095 1180 1248 1246 omittere
1277 1180 1443 1265 interroga

135 1267 257 1331 tionem
282 1269 317 1331 et
339 1287 382 1331 ex
404 1265 669 1350 praesumptione
691 1265 853 1332 iudicare:
877 1266 925 1333 ita
945 1267 1120 1350 aliquando
1137 1269 1170 1334 in
1185 1269 1337 1335 favorem
1352 1272 1443 1355 paeni

134 1356 245 1432 tentis,
271 1354 445 1436 aliqnando
469 1355 569 1420 etiam
593 1359 708 1422 contra
730 1356 962 1439 paenitentem.
1159 1378 1161 1382 ⁴

224 1443 346 1509 Elbel
369 1444 404 1511 P.
428 1444 491 1521 IX,
523 1446 643 1510 11435
674 1444 771 1511 docet
800 1445 936 1511 subinde
965 1466 1009 1510 ex
1037 1446 1304 1531 praesumptione
1332 1448 1443 1532 procot

134 1554 247 1617 posse,
279 1554 320 1598 ne
344 1538 584 1599 sacramentum
609 1534 775 1600 exactiore
797 1534 1057 1617 interrogatione
1086 1539 1156 1600 tum
1180 1537 1365 1621 paenitenti
1396 1542 1443 1605 tur

136 1621 336 1687 confessario
359 1624 419 1688 fiat
441 1622 536 1687 nimis
559 1622 715 1690 odiosum.
759 1623 950 1702 ,Studiosus
972 1625 1179 1690 academicus
1203 1626 1375 1692 confessus
1398 1628 1443 1692 for

136 1711 333 1777 nicationem
362 1712 540 1795 prudenter
569 1711 789 1795 praesumitur
818 1734 882 1778 non
913 1734 986 1777 esse
1016 1714 1139 1796 ligatus
1168 1715 1380 1781 matrimonio
1408 1737 1443 1781 au

136 1804 215 1866 voto
246 1800 427 1878 castitatis,
459 1800 519 1864 nisi
551 1805 703 1866 occurrat
733 1802 907 1885 peculiaris
937 1823 1037 1868 causa
1067 1804 1108 1867 de
1137 1803 1198 1868 hoc
1229 1804 1401 1872 dubitandi
1429 1826 1443 1870 e

136 1893 373 1972 consequenter
402 1889 635 1971 interrogandi.
687 1889 843 1956 Similiter
873 1892 1001 1974 quando
1031 1890 1203 1975 paenitens
1233 1893 1415 1960 abhorrens
1439 1916 1443 1959 1

136 1979 330 2045 mortalibus
360 1980 534 2044 confitetur
562 1999 599 2042 se
630 1979 718 2062 turpi
751 1979 943 2061 cogitationi
974 1980 1108 2046 habenti
1137 2002 1303 2047 annexum
1336 1987 1443 2068 turpen

136 2072 260 2134 motum
276 2070 491 2151 neglegenter
513 2067 677 2134 restitisse
699 2067 749 2132 bis
772 2072 831 2135 aut
854 2073 914 2148 ter,
938 2070 1117 2152 prudenter
1138 2071 1360 2154 praesumiter
1383 2073 1443 2137 han

136 2158 378 2239 neglegentiam
394 2178 458 2222 non
479 2157 582 2222 fuisse
597 2158 786 2223 mortalem:
812 2159 1081 2241 quemadmodum
1098 2180 1117 2225 6
1133 2160 1310 2240 6611556516,
1335 2161 1443 2244 quand

136 2248 307 2331 paenitens
324 2251 414 2312 certo
438 2246 647 2328 cognoscitur
670 2268 741 2312 esse
764 2247 861 2312 valde
885 2247 1028 2313 lubricus
1051 2252 1086 2315 et
1109 2248 1149 2313 de
1171 2248 1231 2314 tali
1253 2250 1443 2334 neglegentis

136 2357 172 2400 se
188 2341 331 2414 accusat,
356 2335 535 2419 prudenter
557 2336 778 2419 praesumitur
801 2356 872 2402 eam
896 2337 1140 2419 neglegentiam
1161 2337 1264 2403 fuisse
1279 2340 1443 2407 mortalita

137 2425 397 2508 peccaminosam
421 2424 490 2489 sine
513 2424 668 2490 ulteriore
691 2426 879 2508 scrupuloso
904 2426 1069 2504 examine,
1101 2447 1144 2492 an
1171 2426 1229 2492 illa
1253 2428 1443 2512 neglegentis

135 2514 286 2580 habuerit
310 2514 496 2580 adiunctam
521 2513 791 2597 complacentiam
814 2514 848 2578 in
873 2536 912 2580 oa
936 2515 1142 2598 voluptate:‘
1176 2515 1259 2582 haec
1282 2518 1407 2584 scilicet
1426 2518 1443 2582 ir

137 2624 175 2668 eo
198 2602 328 2668 homine
351 2602 580 2688 praesumitur.
619 2602 709 2678 Quae
732 2608 863 2687 sumpta
887 2608 963 2670 sunt
987 2626 1028 2670 ex
1053 2604 1203 2685 Gobat,
1233 2607 1338 2674 Theoi.
1360 2630 1442 2694 caper

136 2697 176 2760 55.
204 2695 233 2770 7,
258 2714 288 2758 n.
315 2695 389 2768 338,
413 2692 466 2756 ubi
490 2693 586 2775 plura
608 2691 765 2758 invenies.

75 2824 127 2878 506
225 2818 278 2881 An
308 2837 499 2891 quassrruu
530 2818 569 2880 3¹n
599 2815 638 2882 R..
672 2818 699 2880 1.
750 2815 952 2899 Quamquam
985 2816 1164 2900 culpandus
1194 2838 1258 2882 non
1290 2823 1343 2886 665
1373 2821 1442 2886 Cato

136 2905 222 2986 quod
245 2906 279 2970 in
302 2905 359 2970 illa
382 2905 498 2970 novitii
522 2904 726 2969 confessione
750 2926 786 2969 se
809 2905 981 2971 certiorem
1004 2905 1195 2982 reddiderit,
1219 2906 1366 2975 fueritne
1387 2929 1443 2993 peo

136 2999 244 3059 catum
268 3014 372 3075 grave
395 3015 436 3058 an
466 2994 556 3058 leve:
587 2998 697 3059 tamen
728 2993 944 3076 interrogatio
974 2993 1137 3074 formalis,
1168 3016 1246 3060 num
1276 2998 1377 3081 plena
1406 2997 1443 3064 ad

135 3084 300 3149 vertentia
316 3082 494 3148 inhaeserit
510 3082 772 3164 cogitationibus,
797 3082 849 3147 hic
866 3104 928 3147 non
945 3087 1018 3148 erat
1034 3083 1247 3160 conveniensz
1272 3088 1331 3152 sed
1356 3088 1443 3171 potio

136 3174 276 3239 debebat
299 3173 346 3237 ita
368 3173 582 3254 interrogare,
608 3178 644 3238 ut
660 3173 860 3255 exprimeret
875 3193 910 3236 se
926 3193 1109 3256 supponere
1126 3174 1336 3242 contrarium.
1374 3177 1443 3254 Quo(

135 3261 302 3328 tamenin
327 3261 400 3326 aliis
424 3260 680 3326 confessionibus
704 3283 767 3325 non
791 3261 839 3326 ita
862 3262 981 3344 accipe.
1021 3262 1107 3327 Nam
1125 3263 1180 3346 qui
1195 3264 1322 3346 pudore
1338 3264 1443 3333 fatend

135 3356 272 3434 peecata
295 3372 355 3415 sua
378 3355 547 3429 tenentur,
578 3351 676 3432 longe
699 3350 828 3415 facilius
850 3350 1063 3433 respondent,
1095 3351 1123 3416 si
1148 3352 1259 3417 licebit
1284 3354 1443 3420 diminuen

136 3462 191 3519 ea,
226 3461 310 3522 quae
340 3441 549 3521 interrogans
578 3438 835 3521 interrogatione
861 3461 920 3505 sua
944 3441 1117 3506 commissa
1140 3462 1212 3506 esse
1235 3441 1443 3510 insinuaverit

136 3529 242 3606 Quare
265 3530 447 3612 generatim
464 3528 682 3594 confessarius
698 3533 859 3611 proponat
882 3529 990 3612 potius
1006 3531 1161 3612 graviora
1177 3535 1211 3596 65
1226 3531 1443 3615 frequentiora

135 3618 183 3684 ita
215 3623 252 3684 ut
285 3618 456 3701 paenitens
489 3618 713 3701 respondendo
748 3618 852 3701 possit
883 3619 916 3684 in
949 3640 1042 3684 suum
1075 3619 1223 3685 favorem
1255 3621 1443 3706 interrogat

136 3708 309 3789 corrigere.

223 3797 260 3861 ln
284 3796 399 3862 ultima
422 3816 457 3860 re
478 3817 574 3877 quam
592 3794 735 3861 novitius
752 3796 928 3869 accusavit,
951 3796 1203 3880 repugnantiam
1219 3798 1253 3863 in
1270 3800 1443 3866 obediendo

135 3887 224 3951 nulla
247 3891 321 3952 erat
343 3885 427 3950 ratio
452 3885 590 3968 amplius
614 3884 801 3967 indagandi,
825 3907 898 3950 curn
922 3885 1092 3951 evidenter
1112 3908 1176 3951 non
1200 3888 1406 3972 pertingeret
1419 3910 1443 3955 a<

134 3980 304 4059 peccatum
328 3996 441 4057 grave.

223 4082 262 4147 R.
280 4086 310 4148 2.
351 4082 384 4146 Si
407 4080 551 4147 novitius
574 4101 616 4144 ex
639 4080 800 4164 prioribus
824 4080 1080 4146 confessionibus
1104 4082 1219 4147 Catoni
1243 4085 1342 4166 plene
1365 4092 1443 4153 notu

135 4175 208 4237 erat
231 4176 268 4237 ut
290 4171 465 4237 timoratae
482 4170 700 4235 conscientiae
717 4175 750 4236 ct
767 4171 862 4252 plane
879 4170 1056 4236 abhorrens
1073 4193 1093 4236 a
1109 4176 1246 4254 peccato
1263 4173 1438 4241 deliberato

134 4261 241 4344 potuit
265 4260 395 4325 omnino
419 4258 584 4324 abstinere
607 4260 648 4324 ab
665 4259 751 4323 omni
767 4259 1023 4341 interrogatione
1040 4265 1139 4342 atque
1155 4282 1368 4344 praesumere
1383 4263 1442 4330 nihi

135 4350 278 4416 adfuisse
303 4350 517 4415 deliberatum
541 4349 594 4412 vel
617 4369 730 4430 grave.
777 4349 823 4415 Cf.
854 4351 908 4416 Tb.
934 4372 973 4414 m.
998 4349 1039 4426 ll,
1064 4371 1094 4415 n.
1120 4353 1201 4425 421;
1228 4351 1443 4422 (1656516

73 4473 124 4528 565
224 4459 261 4523 lt.
295 4462 323 4523 3.
371 4457 472 4521 Immo
503 4457 599 4537 longe
630 4455 758 4520 facilius
788 4456 895 4538 potuit
925 4456 1005 4520 Cato
1038 4461 1070 4521 ia
1098 4457 1241 4539 sororem
1272 4462 1390 4527 novitii
1418 4483 1443 4526 61

134 4547 204 4611 sola
234 4546 497 4630 praesumptione
528 4545 686 4620 iudicare,
719 4566 815 4627 quam
846 4546 878 4608 in
908 4545 1014 4610 altera
1044 4546 1248 4612 confessione
1272 4559 1384 4617 corrtra
1407 4573 1443 4617 ru

134 4636 261 4705 sticum.
307 4637 393 4701 Nam
425 4636 487 4700 6561
517 4657 537 4700 6
568 4643 716 4721 qrroltuor
745 4634 909 4699 mensibus
941 4635 1110 4700 confessus
1139 4657 1204 4700 non
1235 4643 1326 4717 erat,
1359 4642 1443 4724 quir
