3044 5174
460 277 576 334 Ordines
594 280 673 334 sacri.
693 309 728 318 —
747 279 861 334 Vocatio
880 277 981 332 divine.
1321 280 1384 344 401

59 452 182 520 tionem
211 452 407 531 invalidam,
440 451 503 518 nisi
532 452 699 518 induxerit
729 452 943 518 ordinandum
973 452 1015 518 ad
1039 452 1290 519 simulationem.
1338 453 1385 518 cf.

63 543 119 608 Tb.
143 564 186 608 m.
210 541 236 620 l,
261 544 322 619 25;
347 541 550 625 Gasparri
573 563 604 608 n.
631 545 704 608 634.

149 665 204 732 An
222 685 414 740 ouansrruu
431 668 471 728 2m
486 665 526 733 u.
545 668 573 730 1.
605 664 707 729 Nulla
730 668 782 730 est
805 665 890 730 ratio
915 664 1052 748 putandi
1074 664 1263 730 Evaristum
1287 664 1446 729 simu-701

58 755 163 832 lasse,
198 753 256 820 sed
279 775 322 819 ex
345 757 417 820 tota
441 754 560 836 agendi
583 753 711 819 ratione
735 758 867 820 constat
890 775 963 819 eum
988 755 1083 838 pleno
1106 753 1322 831 deliberasse,
1354 759 1389 818 et

59 843 215 926 expensis
237 843 280 908 ab
309 846 450 925 utraque
480 847 574 926 parte
604 842 832 920 incommodis,
863 843 923 909 sub
953 842 1079 908 influxu
1110 842 1238 925 quidem
1269 846 1387 917 metus,

58 932 116 997 sed
141 933 245 998 libare
268 931 410 1014 elegisse
431 936 556 997 statum
580 932 774 999 clericalem.
822 931 929 1008 Quare
959 932 1000 997 de
1030 933 1143 998 valore
1175 931 1389 996 ordinationis

60 1022 152 1087 nulla
174 1024 286 1104 potest
308 1020 433 1087 moveri
456 1020 627 1087 dubitatio.

150 1136 189 1202 u.
207 1139 238 1203 2.
270 1135 373 1203 Simul
396 1140 508 1202 autem
530 1139 625 1220 patet
640 1136 830 1202 Evaristum
855 1136 1003 1219 graviter
1021 1156 1184 1220 peccasse,
1210 1157 1281 1201 oum
1299 1141 1387 1202 metu

59 1230 94 1291 et
115 1229 271 1310 respectu
294 1224 435 1291 humano
460 1226 576 1291 ductus
599 1225 669 1290 sine
685 1226 897 1309 persuasione
913 1225 966 1291 vel
983 1226 1142 1309 probabili
1159 1224 1199 1289 de
1215 1246 1274 1290 sua
1291 1246 1389 1292 voca·

60 1314 153 1380 tione
175 1314 357 1381 securitate
379 1335 418 1380 ac
441 1314 512 1380 sine
535 1315 642 1380 animo
666 1315 850 1380 servandae
866 1314 1087 1381 continentiae
1103 1335 1201 1379 ausus
1217 1314 1262 1381 sit
1277 1335 1389 1380 sacros

60 1403 194 1469 ordines
215 1403 392 1487 suscipere.
429 1404 589 1469 Parentes
612 1424 691 1468 vero
714 1404 919 1487 importunas
942 1424 1056 1488 preces
1079 1404 1272 1470 adhibentes
1295 1403 1389 1469 mini-

61 1514 150 1558 mum
173 1491 471 1577 imprudentissime
495 1497 634 1575 egerunt
657 1497 707 1569 et,
741 1493 770 1557 si
801 1497 1027 1576 cognoverunt
1055 1492 1109 1559 vel
1132 1493 1290 1576 suspicati
1313 1495 1390 1558 sunt

62 1581 247 1647 vocationis
270 1581 434 1648 defectum
458 1581 491 1646 in
514 1581 590 1659 filio,
615 1581 715 1647 etiam
738 1581 801 1667 ipsi
824 1604 845 1647 a
860 1581 1056 1665 gravissimo
1071 1586 1208 1666 peccato
1225 1587 1391 1664 nequeunt

62 1691 224 1738 excusam.

151 1801 206 1867 An
229 1823 421 1879 ounnsrruu
445 1801 546 1868 3³11.
573 1806 602 1868 1.
635 1802 714 1868 (ium
737 1802 912 1868 Evaristus
935 1802 1064 1868 demum
1089 1803 1194 1868 sciens
1218 1807 1252 1868 et
1277 1802 1452 1868 volens702

62 1912 176 1957 saeros
199 1890 330 1956 ordines
352 1891 543 1975 susceperit,
568 1892 713 1957 saneah
738 1892 887 1957 Ecclesia
910 1913 974 1957 non
999 1895 1147 1969 coactus,
1172 1914 1268 1975 quam
1294 1891 1391 1956 scivit

62 2001 136 2045 cum
161 1980 264 2046 sacris
294 1980 460 2046 ordinibus
489 1980 682 2064 imposuisse
713 1981 935 2046 continentiae
964 1981 1214 2062 obligationem:
1245 1980 1287 2045 ad
1317 2001 1388 2045 eam

62 2069 259 2134 servandam
292 2070 392 2136 etiam
421 2073 533 2135 motivo
563 2072 727 2154 relipionie
756 2073 791 2135 et
820 2074 899 2135 voto
928 2069 1150 2152 aequivalenti
1179 2069 1391 2152 probabiliter

63 2164 214 2232 tanetum
247 2162 284 2224 at
313 2158 482 2242 probabile
511 2158 610 2224 etiarn
641 2163 692 2224 est
722 2181 795 2224 eum
826 2180 891 2224 non
922 2159 954 2222 vi
984 2167 1146 2243 susceptae
1177 2157 1390 2224 ordinationis

64 2247 173 2313 teneri
196 2250 296 2329 etque
319 2248 352 2312 in
376 2249 490 2313 eadem
515 2247 703 2313 condicione
727 2269 799 2313 esse
830 2271 868 2314 ac
898 2248 988 2313 illum
1019 2248 1074 2329 qui
1103 2247 1156 2311 vel
1187 2253 1265 2312 ante
1297 2269 1390 2311 usum

62 2335 204 2402 rationis
227 2336 280 2401 vel
314 2341 392 2402 ante
424 2357 527 2402 annos
558 2337 742 2419 pubertatis
776 2337 877 2403 fuerit
907 2337 1086 2404 ordinatus.
1135 2337 1166 2402 S.
1194 2337 1390 2419 Alphons.

62 2426 120 2503 Vl,
147 2427 222 2492 811.
253 2424 353 2491 Ratio
377 2429 429 2491 est
452 2425 528 2508 quia
549 2425 607 2490 illa
631 2425 787 2507 obligatio
811 2428 880 2493 voti
903 2427 958 2491 vel
982 2430 1059 2492 voto
1083 2425 1294 2508 aequivalens
1318 2446 1392 2509 per-

61 2515 236 2581 fectiorem
260 2514 447 2581 libertatem
470 2514 636 2597 requirere
659 2519 828 2593 censetur,
861 2516 978 2583 saltem
1003 2536 1075 2580 eam
1099 2535 1184 2597 quae
1207 2513 1393 2579 necessaria

62 2605 166 2672 sitin
191 2608 364 2670 contractu
388 2624 526 2669 oneroso
549 2603 774 2670 indissolubili.
806 2604 853 2671 Cf.
879 2603 1081 2688 Gasparri
1104 2626 1135 2671 n.
1161 2607 1242 2679 6343
1268 2605 1392 2668 Bene-

63 2694 165 2761 dict.
182 2692 271 2771 XIV,
295 2693 345 2758 De
367 2716 435 2778 ayn.
461 2695 556 2759 dioec.
575 2692 595 2758 l.
622 2696 673 2769 12,
698 2715 725 2760 c.
750 2697 781 2768 4,
806 2716 836 2759 n.
855 2698 884 2760 2.
917 2693 1108 2776 Requiritur
1130 2698 1241 2759 autem
1264 2693 1297 2757 in
1321 2691 1392 2758 foro

64 2787 205 2849 externo
227 2781 327 2865 plena
348 2786 455 2848 metus
478 2781 645 2866 probati0;
669 2803 701 2850 v.
725 2781 873 2847 Wernz
896 2783 917 2850 l.
943 2804 970 2849 c.
995 2804 1026 2848 n.
1051 2784 1126 2850 201.

156 2896 195 2962 R.
222 2900 251 2963 2.
291 2896 509 2962 Nihilominus
533 2897 588 2978 qui
612 2901 761 2963 cessante
785 2902 874 2965 matu
898 2896 965 2979 (vel
989 2898 1128 2982 adeptus
1151 2896 1311 2978 aetatem)
1341 2918 1393 2962 or·

65 2987 161 3052 dines
183 2990 355 3070 susceptos
378 2988 518 3070 ratificat
541 2986 595 3050 vol
617 2987 747 3052 ordines
771 2996 906 3070 exercet,
939 2986 1045 3052 sciens
1075 3007 1111 3051 ee
1143 2987 1205 3052 hoc
1237 2985 1393 3051 exercitio

66 3097 141 3142 sese
164 3075 278 3157 ligare,
303 3075 420 3140 abhinc
443 3075 608 3157 obligatus
632 3080 684 3142 est
707 3080 805 3158 atque
821 3075 1088 3158 impedimentum
1104 3075 1300 3141 matrimonii
1317 3074 1394 3140 diri-

66 3186 160 3230 mens
185 3164 368 3242 contraxit,
399 3165 448 3230 ita
471 3169 595 3231 utnon
619 3165 758 3247 amplius
781 3171 904 3232 metum
931 3186 990 3229 seu
1020 3163 1184 3230 defectum
1214 3163 1395 3230 voluntatis

67 3254 285 3339 praetendere
315 3252 428 3336 possit.
475 3252 567 3330 Quod
597 3253 629 3317 in
654 3253 825 3331 Eraristo,
857 3254 912 3337 qui
942 3275 1002 3336 per
1031 3274 1133 3319 annos
1162 3275 1280 3318 munus
1303 3274 1394 3337 pres-

68 3342 176 3426 byteri
201 3342 358 3416 exercuit,
387 3342 485 3408 debet
507 3341 600 3408 sumi.
625 3381 669 3389 —
692 3342 795 3408 lmmo
818 3342 851 3408 in
874 3342 961 3408 omni
985 3364 1063 3408 casu
1087 3342 1272 3409 consultum
1295 3347 1395 3424 atque

69 3432 111 3498 ad
135 3431 272 3497 vitanda
296 3432 452 3496 scandala
475 3451 633 3515 persaepe
657 3431 877 3497 necessarium
909 3431 973 3497 erit
1003 3431 1255 3514 dispensationis
1286 3431 1395 3515 gratia

69 3521 160 3587 adiro
183 3520 215 3586 S.
241 3521 374 3586 Sedem:
406 3520 588 3585 cumcuim
613 3527 720 3587 metus
743 3521 856 3603 gravis
885 3521 918 3585 in
949 3520 1021 3585 foro
1051 3524 1189 3586 externo
1220 3520 1396 3587 difficulter

10 3602 13 3615 '
68 3611 236 3695 probetur,
261 3609 395 3693 expedit
418 3615 456 3676 ut
479 3609 560 3674 haec
584 3630 683 3674 causa
706 3609 838 3676 iuvetur
861 3611 913 3674 vel
937 3610 1130 3693 suppleatur
1146 3633 1209 3694 per
1229 3613 1395 3695 dispenso-

68 3705 194 3782 tionem,
219 3720 316 3782 quam
340 3699 429 3764 solus
452 3698 491 3766 It.
516 3699 671 3765 Pontifex
694 3701 873 3765 concedere
896 3703 1017 3783 potest.
1051 3699 1253 3783 Gasparri
1276 3700 1297 3764 l.
1323 3721 1350 3764 o.

158 3814 198 3880 lt.
216 3816 247 3881 3.
280 3813 419 3879 Etiamsi
443 3813 544 3895 igitur
567 3834 668 3878 causa
690 3818 798 3879 metus
821 3813 978 3879 similisve
997 3834 1099 3879 causa
1114 3834 1177 3878 non
1195 3818 1305 3897 potest
1320 3834 1395 3897 pro·

69 3904 150 3979 bari,
175 3903 228 3968 vel
253 3902 280 3968 si
303 3903 385 3969 haee
410 3923 509 3967 causa
532 3923 597 3966 non
621 3903 789 3969 exstiterit
807 3904 859 3968 vel
877 3902 1113 3987 exspiraverit:
1135 3910 1235 3988 potest
1251 3923 1395 3966 summus

70 3992 221 4077 pontifex
244 3992 443 4075 dispensare,
468 4012 573 4072 neque
597 3991 716 4058 desunt
739 3992 890 4075 exempla
912 3993 991 4059 talis
1014 3992 1276 4076 dispensationis,
1303 4012 1396 4056 acce·

70 4084 168 4148 dente
191 4081 387 4163 gravissima
411 4102 521 4157 causa,
546 4080 664 4147 saltem
688 4103 747 4166 pro
771 4082 987 4148 subdiaconis.

159 4187 250 4265 Quae
272 4187 320 4253 ita
341 4187 473 4252 concedi
491 4186 576 4253 solet
591 4191 638 4263 ut,
662 4188 741 4254 data
756 4187 889 4252 licentia
904 4187 1036 4253 ineundi
1051 4185 1248 4252 matrimonii
1265 4187 1396 4269 dispen-

70 4281 164 4344 satus
187 4277 228 4341 ad
252 4280 377 4342 etatum
401 4275 550 4341 laicalem
574 4276 759 4354 redigatur,
791 4277 966 4344 interdicto
990 4275 1136 4358 quolibet
1159 4275 1244 4339 sacri
1276 4275 1396 4340 ordinis

71 4366 240 4433 exercitio.
268 4403 306 4412 —
333 4366 456 4431 Verum
481 4365 580 4431 etiam
604 4365 703 4432 alitor
726 4365 901 4447 aliquando
923 4387 977 4430 res
1001 4364 1220 4448 componitur,
1245 4370 1283 4431 ut
1305 4365 1397 4429 vide-

70 4457 148 4522 licet
179 4455 274 4520 detur
303 4454 446 4520 facultas
476 4459 552 4538 post
580 4454 695 4520 initum
727 4454 968 4520 matrimonium
999 4453 1189 4519 transeundi
1220 4454 1261 4518 ad
1298 4454 1396 4519 ritum

70 4544 264 4611 orientalem
288 4547 322 4609 et
351 4564 442 4609 more
472 4542 679 4608 sacerdotum
709 4543 915 4609 orientalium
945 4541 1087 4607 vivendi.
1133 4541 1340 4626 Quapropter
1370 4544 1397 4608 si

70 4635 246 4701 Eraristus
269 4632 412 4715 alioquin
436 4633 666 4716 gravissimam
689 4631 837 4716 patiatur
860 4632 1105 4698 difficultatem:
1135 4636 1173 4698 ut
1202 4633 1286 4697 hanc
1309 4632 1397 4697 viam

122 4742 293 4791 Lehmknhl,
308 4743 380 4784 cneus
393 4741 553 4784 conscientiae.
572 4742 600 4784 11.
1157 4735 1191 4789 26
