3044 5174
491 282 593 336 Missae
612 299 628 334 a
647 281 784 352 superiore
803 281 949 336 iniunctae.

654 490 788 557 Salutio.

144 637 200 701 Ao
224 655 417 712 ouausrruu
442 636 479 698 1⁰¹
504 633 543 700 R.
571 636 599 700 1.
642 634 695 698 Ex
718 634 883 701 constanti
906 634 1002 718 praxi
1025 633 1204 711 Ecclesiae,
1228 654 1312 716 quae
1334 633 1448 701 in·280

55 726 163 808 iungit
187 723 339 790 omnibus
362 722 560 789 ordinariam
584 743 695 788 curam
719 723 902 788 animarum
918 721 1139 807 parochialem
1155 722 1385 789 exercentibus

56 836 113 899 pro
145 813 248 880 certis
280 811 394 878 diebus
424 812 544 877 missae
575 812 845 896 applicationem,
879 817 1011 878 constat
1043 812 1173 878 omnino
1204 813 1288 878 hanc
1318 812 1385 877 suis

56 902 283 970 sacerdotibus
294 900 483 985 praecipere
495 922 560 967 non
572 901 732 967 excedere
744 905 944 986 potestatem
957 901 1224 967 ecclesiasticam.
1249 900 1385 978 Quando

56 993 157 1076 igitur
172 990 275 1074 aliqui
290 994 409 1075 putant
424 988 544 1056 missae
561 990 822 1074 applicationem,
847 995 962 1074 utpote
978 994 1089 1056 actum
1105 1009 1194 1055 mere
1209 988 1384 1065 internum,

57 1080 203 1166 praecipi
226 1102 248 1147 a
278 1079 498 1163 superioribus
528 1078 759 1146 ecclesiasticis
789 1101 854 1146 non
884 1101 997 1164 posse,
1029 1084 1087 1145 aut
1117 1083 1231 1145 errant
1260 1078 1293 1144 in
1323 1079 1386 1145 hoc

59 1169 219 1255 principio
242 1168 446 1235 admittendo
470 1172 528 1234 aut
551 1174 664 1235 errant
679 1169 712 1234 in
728 1169 785 1234 illo
801 1168 1006 1254 applicando,
1030 1189 1102 1235 cum
1118 1167 1251 1234 missam
1268 1168 1386 1234 offerre

58 1260 97 1326 ad
130 1263 258 1326 certam
287 1257 502 1325 intentionem
532 1278 590 1322 seu
614 1261 740 1323 certum
761 1259 857 1324 finem
880 1257 925 1325 sit
947 1259 1219 1342 complementum
1247 1256 1387 1324 actionis

58 1351 217 1415 externae
240 1345 469 1413 celebrationis
492 1367 531 1412 ac
553 1344 647 1430 proin
671 1345 847 1413 celebratio
869 1368 942 1412 cum
958 1345 1178 1432 applicatione
1201 1346 1245 1412 ad
1260 1351 1386 1412 certum

59 1439 155 1504 finem
179 1441 218 1502 ut
241 1440 337 1502 actus
360 1435 484 1502 mixtus
507 1435 706 1502 considerari
730 1436 857 1503 debeat.
890 1436 995 1503 Actus
1018 1439 1129 1502 autem
1144 1435 1267 1502 mixtos
1290 1456 1387 1520 prae-

59 1527 118 1611 cipi
143 1545 243 1610 posse
266 1546 287 1591 a
309 1523 439 1591 nemine
461 1544 614 1606 umquam
638 1524 671 1590 in
695 1525 827 1591 dubium
852 1529 904 1593 est
926 1529 1090 1592 vocatum.

146 1632 187 1698 R.
224 1634 256 1697 2.
308 1631 511 1714 Quamquam
549 1631 582 1697 in
620 1651 742 1714 genere
779 1637 929 1716 potestas
967 1631 1179 1716 imperandae
1212 1630 1385 1697 missarum

59 1720 288 1806 applicationis
317 1720 432 1801 negari
461 1719 591 1802 nequit,
623 1721 708 1787 ratio
740 1725 852 1788 tamen
883 1720 997 1787 haberi
1029 1721 1128 1787 debet
1159 1719 1268 1786 damni
1301 1725 1386 1788 tem-

59 1810 198 1894 poralis,
232 1809 319 1892 quod
351 1809 539 1875 sacerdotes
569 1808 699 1875 defectu
731 1809 884 1893 stipendii
913 1810 996 1875 alias
1027 1809 1090 1875 sibi
1121 1808 1295 1876 obventuri
1327 1830 1387 1894 per

59 1898 284 1983 frequentiora
307 1897 464 1964 eiusmodi
479 1903 656 1982 praecepta
682 1899 860 1965 incurrant.
893 1898 1001 1976 Quare
1026 1899 1219 1975 ordinarius,
1244 1899 1387 1965 maxime

10 2064 12 2071 ι
59 1989 181 2056 nostris
210 1986 429 2072 temporibus,
460 1986 590 2070 quando
621 1987 743 2053 salaria
765 1989 819 2054 vel
848 1987 1024 2054 honoraria
1048 2009 1158 2053 annua
1186 2008 1251 2053 non
1277 1988 1385 2054 solent

60 2077 300 2144 abundantiora
329 2097 418 2153 esse,
451 2076 578 2143 modice
607 2080 736 2144 tantum
766 2077 824 2143 illa
854 2081 1021 2160 potestate
1044 2077 1093 2144 uti
1116 2077 1230 2152 debet;
1263 2076 1386 2158 alioqui

60 2167 248 2234 sacerdotes
278 2166 439 2231 rationem
469 2165 592 2232 habent
622 2166 664 2231 ad
693 2166 894 2250 superiorem
925 2166 1075 2232 altiorem
1107 2165 1296 2232 recurrendi
1326 2186 1385 2250 pro

60 2255 211 2323 remedio.

145 2363 186 2427 R.
212 2365 243 2427 3.
291 2360 326 2426 Si
349 2360 451 2425 semel
475 2363 606 2426 constat
635 2360 755 2425 missae
786 2359 1038 2444 applicationem
1069 2382 1142 2426 cum
1166 2359 1386 2427 celebratione

62 2452 216 2516 inunum
241 2449 393 2532 coniungi
424 2453 524 2531 atque
547 2453 585 2515 ut
614 2470 683 2514 rem
713 2469 812 2514 unam
842 2449 987 2533 praecipi
1010 2449 1152 2516 humana
1181 2448 1256 2532 lege
1278 2469 1386 2533 posse,

63 2541 166 2624 magis
195 2560 293 2622 quam
323 2539 397 2621 lege
427 2537 650 2604 ecclesiastica
680 2537 841 2602 communi
871 2539 971 2605 etiam
1001 2543 1178 2624 praecepto
1210 2537 1388 2623 superioris

64 2628 205 2711 religiosi
230 2627 355 2710 iniungi
378 2631 504 2712 potest,
537 2648 609 2692 curn
632 2627 735 2692 multo
766 2626 894 2693 facilins
924 2631 958 2694 et
987 2627 1086 2694 latius
1116 2627 1287 2712 imperium
1311 2626 1387 2692 reli·

63 2719 173 2801 mosae
194 2716 420 2783 oboedientiae
436 2716 470 2781 in
486 2715 633 2783 actiones
648 2716 838 2800 personales
861 2717 1065 2783 subditorum
1081 2716 1266 2783 dominetur
1289 2736 1387 2800 quam

64 2810 210 2890 potestas
233 2804 465 2871 iurisdictionis
480 2803 621 2889 praelati
644 2805 868 2873 ecclesiastici.
901 2805 1017 2888 Neque
1033 2828 1188 2888 umquam
1209 2826 1269 2890 pro
1286 2826 1387 2871 causa

63 2899 244 2962 excusante
268 2894 377 2960 afferri
400 2898 512 2978 potest
541 2894 723 2977 temporale
753 2895 906 2960 damnum
939 2895 1025 2978 quod
1055 2894 1193 2978 singulis
1223 2897 1387 2974 causetur,

64 3007 132 3051 cum
157 2983 316 3067 religiosa
338 2987 518 3067 paupertas
541 2982 614 3048 iura
636 2985 670 3049 et
693 2982 813 3050 damna
836 2984 898 3050 hac
921 2983 955 3049 in
978 3004 1016 3050 re
1038 2985 1219 3051 sustulerit.

147 3107 202 3173 An
226 3126 418 3183 ouaasrruu
442 3108 481 3170 2¹²
503 3106 542 3171 R.
562 3109 591 3173 1.
624 3106 661 3171 ln
684 3105 794 3189 rigore
817 3107 980 3190 loquendo
1003 3129 1068 3173 non
1091 3112 1172 3193 puto
1192 3105 1313 3173 missas
1336 3106 1385 3172 in·
1395 3115 1446 3170 ‘231

10 3200 12 3284 ζ
62 3196 189 3263 iunctas
220 3195 378 3262 excedere
400 3199 601 3280 potestatem
626 3195 769 3280 episcopi
800 3197 907 3279 quoad
930 3197 1119 3264 sacerdotes
1141 3195 1204 3281 ipsi
1228 3194 1385 3262 subditos.

62 3286 172 3351 Nolim
194 3289 306 3352 tamen
331 3285 439 3350 dicere
463 3305 535 3350 esse
559 3285 743 3350 consultum
766 3284 851 3351 hanc
875 3285 993 3351 seriem
1008 3286 1182 3353 missarum
1205 3284 1385 3368 iniungere.

62 3376 109 3441 ad
136 3373 224 3457 quod
247 3395 299 3438 me
322 3373 408 3439 inter
430 3374 497 3439 alie
520 3378 632 3440 movet
655 3375 840 3458 exemplum
864 3375 913 3440 Pii
936 3375 999 3451 IX,
1030 3375 1085 3458 qui
1108 3375 1279 3441 occasione
1309 3394 1388 3440 con-

62 3464 125 3529 cilii
165 3461 316 3530 Vaticani
351 3462 564 3547 praescripsit
603 3462 732 3545 quidem
773 3463 918 3547 qualibet
953 3464 1158 3530 hebdomada
1192 3464 1386 3547 qualitatem

10 3571 13 3601 ¹
61 3554 180 3619 missae
212 3552 251 3617 de
282 3550 403 3636 Spiritu
435 3551 573 3629 Sancto,
608 3550 858 3636 applicationem
898 3557 1010 3619 tamen
1040 3553 1177 3619 liberam
1207 3553 1386 3619 celebranti

61 3641 273 3794 dimisit11ne
304 3640 431 3706 scilicet
454 3661 551 3706 onere
575 3647 818 3725 premerentur,
850 3643 936 3725 quod
965 3664 1076 3709 secum
1105 3642 1210 3710 ferret
1233 3643 1385 3708 damnum

60 3736 210 3816 tempora
224 3750 252 3796 e.

149 3835 189 3903 R..
215 3838 245 3902 2.
293 3835 429 3902 sivero
460 3835 629 3918 quaeritur
659 3835 744 3903 sitne
774 3858 879 3920 grave
908 3842 1080 3922 peccatum
1110 3838 1228 3904 missas
1257 3837 1306 3905 ita
1335 3837 1385 3904 in·

60 3927 190 3993 iunctas
213 3924 382 4002 omittere,
412 3925 445 3991 id
470 3925 573 3990 videri
597 3925 692 3991 alicui
722 3931 833 4010 potest
855 3948 897 3992 ex
928 3927 1079 4009 analogia
1104 3948 1175 3992 cum
1199 3928 1273 4010 lege
1297 3948 1385 3993 com·

60 4016 149 4083 muni
174 4014 350 4091 Ecclesiae,
373 4014 407 4079 in
431 4035 496 4097 qua
519 4019 731 4099 praeceptum
755 4016 808 4081 vel
832 4016 1013 4082 audiendae
1029 4016 1148 4081 missae
1171 4017 1213 4082 ab
1237 4016 1386 4081 omnibus

60 4120 118 4190 pro
142 4103 240 4187 gravi
255 4104 403 4169 habetur.
434 4104 593 4169 Attamen
609 4104 796 4171 nullatenus
814 4108 890 4189 puto
913 4125 978 4170 una
1001 4106 1149 4172 alterave
1165 4105 1236 4171 vice
1252 4106 1385 4170 missam

61 4195 215 4260 omittere
247 4213 306 4276 pro
330 4191 425 4275 gravi
448 4192 561 4258 haberi
584 4215 689 4276 posse.
729 4193 818 4259 Finis
841 4194 927 4259 enim
950 4196 1119 4279 praecepti
1143 4194 1321 4260 communis
1345 4193 1385 4258 de

60 4282 225 4350 audienda
247 4282 353 4348 missa⁴
371 4281 484 4348 diebus
514 4282 609 4347 festis
640 4287 691 4347 est
720 4283 817 4365 longe
847 4284 946 4349 altior
968 4289 1003 4350 et
1034 4282 1168 4368 gravior
1191 4304 1289 4365 quam
1312 4282 1385 4346 finis

60 4373 148 4439 illius
179 4371 347 4456 praecepti
377 4370 547 4437 occasione
577 4371 807 4437 exercitiorum
837 4374 915 4439 dati.
963 4374 1048 4438 Nam
1078 4373 1168 4456 prior
1196 4376 1248 4438 est
1278 4372 1385 4437 cultus

61 4462 122 4528 Dei
145 4461 295 4545 publicus
319 4464 354 4526 et
383 4459 530 4535 socialis,
561 4461 647 4526 alter
675 4460 808 4543 privata
837 4462 997 4543 quaedam
1027 4461 1215 4545 opitulatio:
1247 4481 1381 4543 quorum

61 4551 160 4635 prior,
184 4571 257 4615 curn
281 4548 327 4615 sit
349 4570 402 4614 res
425 4549 541 4614 summi
564 4549 739 4627 momenti,
763 4551 860 4633 longe
882 4551 1012 4617 facilius
1035 4550 1171 4615 eandem
1194 4570 1263 4615 rem
1287 4569 1383 4632 prae-

61 4645 190 4725 ceptam
213 4638 310 4722 gravi
334 4637 532 4720 obligatione
556 4638 669 4705 afficit.
