3044 5174
453 298 484 351 In
503 300 732 352 sacramentonum
752 299 807 353 ritu
825 299 995 371 interruptio.

302 525 412 592 UNIO
437 525 576 592 INTER
600 526 792 594 FORMAM
815 526 872 592 ET
897 525 1144 593 MATERIAM.

641 693 751 760 Casus.
771 701 812 769 (5)

145 831 288 907 Agnitius
319 833 350 891 in
379 838 513 892 extrema
541 834 682 893 unctione
713 834 894 893 conferenda
921 834 1154 911 praecipitanter
1183 853 1275 910 agens
1305 835 1391 895 modo

56 912 142 989 ungit
164 912 202 972 ad
225 914 321 972 verba
352 933 423 990 „per
443 913 531 973 istam
552 934 575 974 s.
596 917 788 983 urrdionem“,
818 915 903 973 modo
926 914 962 972 ad
984 914 1253 991 pronuntiationem
1284 935 1392 974 sensus

59 992 221 1069 ,quidquid
243 1012 298 1069 per
319 997 412 1053 nistera
435 993 601 1070 deliquisti3
625 994 735 1054 accidit
756 995 846 1053 etiam
868 999 901 1053 ut
916 995 1053 1053 celeriter
1068 1014 1161 1070 agens
1183 996 1241 1053 iarn
1263 996 1304 1054 sit
1324 1001 1394 1072 post

56 1078 165 1213 inlitos
200 1073 304 1133 oculos
336 1074 367 1132 in
400 1074 547 1150 ungendis
575 1076 715 1146 auribus,
748 1094 813 1134 cum
844 1077 982 1134 absolvat
1012 1075 1167 1133 formulam
1199 1095 1269 1152 „per
1295 1075 1392 1135 visum

75 1153 235 1231 e'quisti.“

146 1242 185 1302 In
206 1241 387 1320 baptizando
407 1242 518 1302 accidit
545 1249 579 1303 ut
606 1243 753 1320 inciperet
772 1244 896 1303 formam
921 1243 1002 1319 „Ego
1029 1248 1061 1302 te
1081 1243 1230 1320 baptizo“,
1261 1245 1328 1303 dum
1349 1245 1390 1303 in·

58 1323 144 1382 terim
165 1321 305 1382 minister
318 1322 452 1383 hauriret
466 1343 581 1400 aquam,
604 1343 691 1400 quam
705 1324 881 1400 porrigeret,
904 1330 944 1396 et,
966 1325 1061 1384 forma
1075 1322 1133 1382 iam
1155 1324 1301 1394 absoluta,
1324 1324 1391 1384 dum

58 1403 147 1464 addat
172 1403 318 1475 ,Amen“‚
339 1402 445 1481 incipit
465 1422 570 1479 aquarn
592 1403 755 1465 infundere.

135 1492 210 1551 Alia
240 1492 309 1551 vice
335 1492 536 1570 pronuntiatis
557 1493 658 1552 verbis
690 1494 770 1568 „Ego
797 1497 828 1552 te
856 1493 992 1570 baptizo“
1023 1511 1129 1552 versus
1158 1492 1196 1551 ad
1223 1492 1392 1552 ministrum

58 1572 128 1632 dicit
161 1571 242 1645 ,cito
264 1573 339 1632 affer
359 1572 431 1631 mihi
458 1582 601 1649 aquam“,
631 1593 688 1649 qua
710 1579 835 1649 accepta
855 1573 954 1650 pergit
986 1573 1033 1645 „in
1054 1573 1172 1632 nomine
1193 1572 1293 1632 Patris
1314 1576 1387 1633 etc.“

58 1653 127 1712 Alis
154 1653 242 1725 vics,
272 1671 338 1712 cum
367 1652 493 1712 dixisset
524 1652 604 1728 „Ego
633 1660 664 1712 te
692 1653 848 1731 baptism,
878 1672 981 1712 errans
1007 1653 1106 1731 pergit
1136 1673 1206 1730 „per
1232 1654 1391 1713 Dominum

57 1739 193 1792 nostrum
211 1781 218 1792 .
234 1779 241 1792 .
259 1734 284 1792 ‚⁴⁴
330 1731 394 1801 Quo
422 1733 522 1793 audito
550 1734 675 1793 adstans
703 1733 840 1793 minister
867 1734 1015 1793 acclamat
1047 1733 1094 1803 „in
1121 1734 1241 1793 nornine
1261 1734 1391 1805 Patris“;

59 1813 131 1889 quod
161 1832 324 1873 resumens
353 1813 489 1888 agritius
516 1813 592 1881 dicit
626 1814 742 1890 „utique
776 1814 808 1873 in
843 1814 961 1873 nomine
992 1814 1091 1873 Patris
1122 1816 1195 1874 stof‘
1229 1819 1318 1890 atque
1348 1815 1392 1874 ita

59 1894 187 1972 complet
208 1894 401 1971 baptismum.

59 2017 238 2089 Quarmrrra
262 2017 293 2075 1⁰
314 2034 389 2091 quae
415 2015 584 2092 requiratur
611 2016 681 2075 unio
702 2020 764 2075 tum
784 2016 866 2076 iuter
886 2016 980 2094 ipsius
1001 2017 1114 2075 formas
1136 2016 1270 2093 singulas
1291 2024 1393 2094 partes

311 2100 373 2154 tum
394 2095 473 2155 inter
493 2096 618 2156 formam
640 2103 670 2156 et
690 2097 854 2158 materiam.

262 2186 294 2243 2ο
314 2184 383 2260 quid
402 2184 590 2246 iudicandum
612 2186 648 2244 ds
677 2186 785 2245 collato
815 2190 1002 2245 sacramento
1022 2185 1054 2243 in
1082 2186 1201 2245 casibus
1222 2186 1391 2264 propositis.

660 2378 795 2446 Salutio.

144 2529 200 2593 An
225 2548 422 2604 quaeamus
448 2531 485 2592 1¹¹¹
508 2529 546 2594 R.
575 2532 602 2596 1.
650 2529 769 2595 Forma
798 2529 872 2614 ipsa
895 2527 943 2595 ita
968 2528 1159 2594 continuate
1188 2528 1391 2612 pronuntiari
1403 2541 1436 2593 14

61 2617 155 2683 (lebet
185 2621 225 2682 ut
256 2617 345 2701 apud
374 2617 545 2684 audientes
575 2618 679 2703 possit
709 2623 799 2684 certo
831 2619 940 2684 facere
971 2639 1064 2682 suum
1088 2638 1236 2696 sensum,
1268 2618 1393 2684 scilicet

61 2727 98 2772 ea
126 2704 284 2772 cohaesio
310 2705 424 2772 adesse
448 2706 546 2773 debet
569 2729 652 2789 quae
682 2707 825 2774 sufficiat
854 2707 1053 2772 inhumana
1077 2706 1326 2773 conversatione
1350 2708 1391 2773 ad

60 2793 260 2861 sententiam
284 2794 416 2861 indubie
438 2796 683 2864 efformandam.

148 2901 189 2968 R.
216 2904 249 2968 2.
294 2900 494 2968 Brevissima
523 2924 615 2969 mora
645 2903 818 2969 interiecta
848 2907 923 2986 post
952 2902 1063 2984 aliqua
1084 2903 1187 2967 verba
1216 2903 1287 2966 sine
1317 2924 1392 2984 pro·

61 2990 270 3058 nuntiatione
285 2990 460 3056 verborum
484 2997 714 3058 extraneorum
738 2991 868 3056 facilius
883 2990 1039 3073 relinquit
1061 3011 1193 3056 sensum
1216 2991 1391 3073 integrum,

62 3080 212 3163 quamsi
234 3080 275 3145 fit
296 3100 356 3164 per
379 3079 636 3147 interiectionem
660 3080 798 3146 alicuius
821 3080 971 3147 extranei
996 3079 1090 3153 dicti;
1115 3079 1310 3165 interruptio
1334 3102 1393 3165 per

62 3168 167 3235 verba
189 3174 367 3248 extranea,
399 3169 427 3235 si
456 3177 492 3234 ct
521 3179 674 3236 extranea
703 3191 760 3253 per
789 3168 951 3237 actionem
981 3170 1146 3251 loquentis
1175 3191 1211 3235 ss
1241 3170 1392 3255 produnt,

62 3256 193 3325 facilius
222 3257 384 3325 intactum
414 3259 601 3341 relinquunt
631 3280 761 3324 sensum
793 3259 933 3336 formae,
966 3258 1114 3342 quamsi
1145 3280 1248 3340 aequo
1279 3262 1394 3325 tenore

63 3369 137 3413 cum
161 3345 298 3430 reliquis
320 3347 549 3432 proferuntur3
574 3347 757 3414 interiectio
774 3349 827 3413 vel
850 3347 1045 3433 interruptio
1069 3351 1145 3432 post
1167 3348 1261 3414 finita
1284 3348 1395 3432 aliqua

64 3437 168 3503 verba
190 3456 256 3502 non
278 3442 349 3504 tam
371 3436 469 3503 facile
492 3442 589 3503 nocet
612 3437 720 3502 sensui
744 3437 870 3502 formae
894 3459 989 3519 quarn
1014 3437 1210 3521 interruptio
1235 3443 1269 3504 et
1291 3438 1394 3504 inter·

64 3524 164 3593 iectio
185 3524 274 3592 inter
296 3525 392 3592 unius
415 3527 625 3608 eiusdemque
649 3526 740 3591 verbi
763 3526 919 3609 syllabas.

153 3632 194 3700 R.
219 3635 250 3699 3.
297 3631 409 3709 Quoad
440 3632 591 3698 unionem
623 3655 680 3698 seu
712 3632 970 3699 coniunctionem
1001 3633 1126 3699 formae
1158 3654 1230 3697 oum
1254 3632 1394 3699 materia

64 3742 104 3788 ea
127 3720 313 3788 coniunctio
338 3721 467 3787 omnino
491 3722 679 3788 necessaria
702 3726 753 3787 est
783 3743 848 3804 qua
870 3722 1009 3788 materia
1032 3743 1092 3807 per
1121 3722 1261 3788 formam
1285 3723 1393 3788 deter-

63 3811 208 3878 minetur
224 3815 324 3893 atque
339 3809 468 3893 signum
485 3810 614 3893 aliquod
631 3811 800 3877 moraliter
816 3833 914 3876 unum
931 3810 1063 3878 efficiat.
1097 3811 1183 3877 Hinc
1199 3833 1263 3876 non
1280 3814 1392 3877 eadem

64 3899 251 3967 coniunctio
279 3898 314 3964 in
344 3899 492 3965 omnibus
522 3901 740 3967 sacramentis
763 3900 948 3966 necessaria
972 3904 1039 3976 est;
1070 3900 1103 3965 in
1134 3901 1337 3985 paenitentia
1360 3905 1394 3966 et

63 3988 273 4058 matrimonio
303 3987 408 4054 minor
437 4010 534 4071 quam
563 3990 595 4055 in
625 3989 768 4072 reliquis.
814 3990 851 4054 In
882 3989 1033 4055 hisvero
1064 3991 1279 4057 sacramentis
1310 4011 1394 4071 quae

64 4080 146 4145 fiunt
176 4078 243 4144 ritu
273 4078 382 4160 aliquo
412 4100 507 4144 sacro
531 4079 618 4144 circa
641 4078 820 4155 hominem,
852 4079 975 4162 optima
998 4084 1049 4145 est
1073 4084 1108 4145 et
1130 4078 1273 4163 practice
1298 4079 1394 4144 debet

65 4188 137 4234 esse
169 4187 211 4233 ea
241 4166 391 4233 cohaesio
419 4171 457 4232 ut
487 4168 664 4252 applicatio
693 4168 852 4234 materiae
876 4173 934 4235 fiat
958 4189 996 4232 eo
1026 4173 1175 4253 tempore
1205 4190 1267 4250 quo
1292 4169 1394 4232 verba

65 4257 191 4323 formae
221 4256 475 4340 pronuntiantur
504 4279 561 4323 seu
593 4263 769 4339 antequam
799 4258 964 4322 finiantur.
1011 4257 1105 4323 Alias
1135 4257 1232 4323 facile
1263 4257 1393 4338 aliquod

67 4346 200 4412 dubium
235 4349 346 4429 potest
381 4345 468 4412 omri.
523 4347 555 4413 S.
587 4347 703 4431 Alph.
735 4347 798 4422 VI,
834 4352 852 4412 9
881 4368 935 4427 sq:
971 4347 1129 4413 Reuter
1158 4348 1177 4413 l.
1212 4369 1238 4412 c.
1272 4369 1302 4411 n.
1338 4349 1392 4420 10;

10 4492 13 4505 ,
64 4434 378 4502 Bellen-Palm.
403 4436 423 4500 l.
449 4456 476 4500 c.
502 4458 532 4502 n.
559 4439 661 4518 5sq.;
687 4438 799 4500 Marc
823 4458 854 4501 n.
883 4438 983 4506 1402:
1008 4436 1200 4518 Aertnijs
1225 4439 1254 4510 6,
1281 4439 1309 4500 6.

10 4534 13 4565 ι

150 4567 208 4633 An
231 4585 423 4642 quassinun
447 4568 486 4630 2¹¹
509 4567 547 4634 R.
575 4572 603 4634 1.
652 4568 727 4634 Sine
757 4568 853 4633 dubio
885 4568 926 4633 ad
957 4569 1102 4633 valorem
1135 4568 1230 4650 plane
1261 4566 1392 4644 sufficit,
1405 4581 1438 4634 15

65 4657 134 4723 sive
163 4656 207 4722 ad
239 4675 354 4720 vocem
388 4656 610 4731 „unctionem
645 4658 714 4723 sive
745 4659 786 4723 ad
818 4679 930 4722 vocem
966 4656 1107 4735 „visum“
1136 4656 1245 4721 unctio
1275 4659 1328 4722 fit:
1361 4656 1393 4720 in
