3044 5174
165 285 229 349 234
618 280 824 336 Sacramentum
842 280 1032 352 paenitentiae.

164 459 364 542 computatio
389 465 505 526 contra
528 480 656 525 omnem
672 459 800 544 praxim
818 463 852 525 et
869 459 1147 538 consuetudinem,
1173 480 1246 526 cum
1268 458 1509 527 confessarius

165 552 337 615 censeatur
361 569 461 633 opera
484 548 542 615 illa
565 549 695 615 omnino
719 548 911 631 singillatim
935 549 1138 633 imposuisse.
1190 549 1246 616 Tb.
1271 572 1313 616 m.
1337 548 1416 615 ibid.

256 646 292 712 a.
318 649 348 712 3.
396 646 487 723 Quod
518 646 712 712 Pancratius
742 645 862 711 ieiunia
892 647 1081 730 peragenda
1111 650 1207 713 curat
1236 668 1296 731 per
1326 646 1427 725 alios,
1457 647 1500 713 in

163 736 225 800 hoc
247 735 483 819 paenitentiam
508 736 780 801 sacramentalem
804 757 868 801 non
892 735 1049 819 implevit.
1096 736 1183 802 Nam
1207 736 1277 820 ipse
1300 736 1417 819 nequit
1439 741 1500 803 ta-

164 824 232 889 lem
251 824 382 890 modum
406 824 545 906 eligere,
570 824 632 890 nisi
655 825 876 890 confessarius
899 823 1101 909 permiserit;
1126 845 1200 890 eum
1223 830 1336 892 autern
1360 825 1393 890 id
1417 847 1499 910 per-

165 912 300 992 misisse,
325 914 392 978 ullo
416 913 510 996 signo
534 934 575 978 ne
599 913 767 998 probabile
791 914 921 996 quidem
945 913 1102 980 redditur.

253 1011 292 1076 R.
318 1013 348 1080 4.
394 1011 512 1078 Relate
536 1012 577 1076 ad
600 1012 843 1095 eleemosynam
866 1032 925 1095 per
947 1010 1086 1076 amicum
1117 1010 1229 1077 datam
1252 1011 1391 1078 nonita
1415 1033 1493 1078 con·

164 1102 234 1166 stat
263 1100 470 1166 satisfactum
500 1122 564 1166 non
596 1122 677 1166 esse.
724 1100 827 1178 Nam,
859 1099 1062 1183 paenitentia
1091 1099 1262 1185 imposita,
1294 1101 1488 1168 Pancratice

164 1210 230 1254 non
252 1188 506 1274 impediebatur,
531 1189 607 1272 quin
631 1191 673 1255 ab
696 1190 801 1255 amico
825 1189 945 1254 donum
968 1193 1114 1273 peteret,
1145 1189 1290 1272 illudque
1313 1191 1435 1256 donum
1456 1191 1487 1256 in

165 1278 406 1362 eleemosynam
430 1299 488 1361 pro
512 1279 716 1361 paenitentia
739 1283 902 1434 erogaret.
949 1279 1050 1357 Quod,
1074 1277 1136 1343 nisi
1160 1279 1355 1357 formaliter,
1380 1280 1485 1362 aequi·

165 1368 279 1433 valent
264 1372 316 1433 ter
344 1369 469 1434 factum
500 1372 560 1435 est.
613 1368 793 1434 Laudanda
822 1373 880 1434 aut
881 1389 933 1433 em
964 1367 1129 1434 Pancratii
1159 1368 1278 1451 agendi
1308 1368 1396 1434 ratio
1426 1390 1484 1434 non

165 1461 233 1533 est,
259 1478 332 1522 cum
356 1456 575 1523 confessarius
600 1457 708 1541 potius
731 1457 1080 1534 intenderetutille
1102 1455 1321 1560 privationem
1347 1456 1481 1540 aliquam

164 1544 310 1612 sentiens
333 1545 593 1612 satisfactionem
616 1551 813 1631 praestaret,
839 1567 936 1628 quam
960 1552 998 1612 ut
1012 1548 1053 1612 ab
1069 1546 1142 1611 aliis
1158 1547 1252 1628 quasi
1274 1547 1480 1612 mendicando

164 1634 438 1719 eleemosynam
429 1635 562 1720 1mposit
564 1656 617 1700 am
641 1636 702 1700 sibi
726 1656 980 1701 non-onerosam
1005 1634 1166 1702 redderet.

281 1826 532 1893 PAENITENS
555 1825 889 1893 PAENITENTIAE
913 1825 1150 1892 IMPOSITAE
1175 1826 1372 1895 OBLITUS.
1409 1882 1416 1897 .

730 1985 842 2055 dasne.
861 1992 936 2061 (116)

253 2125 329 2184 Brut
317 2129 365 2183 tus
393 2143 458 2183 cum
486 2129 566 2184 totus
594 2130 676 2184 esset
702 2124 732 2183 in
761 2124 987 2184 enarrandiset
1014 2123 1196 2182 detestandis
1217 2128 1324 2200 peccat
1311 2123 1369 2194 ιι,ι
1396 2122 1481 2183 obiter
1512 2134 1514 2143 ·

164 2204 281 2280 quidem
303 2204 435 2282 percepit
456 2205 668 2281 paenitentiam
690 2205 746 2264 sibi
767 2205 950 2282 impositam,
979 2204 1031 2262 sed
1052 2209 1241 2280 peccatorum
1269 2223 1391 2263 suorum
1413 2203 1514 2279 cogi·

165 2285 278 2343 tatione
299 2291 551 2361 praeoccupatus,
580 2304 645 2343 cum
674 2285 705 2344 in
726 2305 847 2345 scamno
869 2284 1036 2424 precatorio
1057 2285 1141 2343 sedet
1169 2289 1200 2342 et
1218 2285 1322 2343 reflect
1310 2284 1363 2354 tit,
1392 2283 1514 2378 paeni-,-

164 2365 276 2424 tentiae
297 2384 357 2424 non
378 2365 504 2504 atmplius
525 2365 663 2424 recordat
650 2370 713 2436 tur;
742 2371 909 2440 quaresta
911 2364 969 2424 tuit
956 2364 1081 2424 tsibi
1072 2383 1136 2456 ipse
1157 2384 1210 2440 pro
1237 2365 1403 2440 poenitent
1395 2385 1425 2423 ιι
1382 2332 1514 2431 tterl

165 2445 271 2504 rosarii
297 2446 406 2504 recitat
374 2445 503 2504 aionem
530 2451 560 2504 et
587 2445 632 2505 bis
655 2411 865 2504 abstinentiam
893 2464 1039 2516 acarna,
1067 2445 1137 2503 vino
1158 2450 1189 2504 et
1209 2446 1333 2505 tabaco.
1363 2444 1514 2521 quod
1458 2460 1514 2503 ιιι

165 2526 357 2600 subsequenti
333 2525 579 2585 tconfessione
614 2525 815 2584 confessarius
850 2525 1010 2584 confirmat.
1059 2525 1145 2583 Alias
1179 2523 1319 2584 dubitans
1354 2524 1484 2584 recitavit

164 2606 327 2677 rosarium;
359 2611 464 2683 postea
494 2624 565 2664 vero
596 2605 675 2664 clare
705 2605 878 2664 recordatur
908 2605 964 2664 sibi
994 2604 1156 2663 iniunctam
1187 2623 1254 2664 esse
1284 2604 1485 2665 recitationem

165 2684 335 2744 litaniarum
358 2686 485 2745 omnium
506 2690 693 2746 sanctorum:
716 2685 764 2743 cui
784 2690 905 2762 reputat
926 2705 958 2744 se
980 2684 1164 2743 satisfecisse
1185 2703 1239 2761 per
1259 2685 1486 2760 praestationem

165 2766 345 2843 ampliorem.

165 2871 341 2942 Qunanmon
363 2874 392 2930 1⁰
413 2892 488 2949 quae
503 2872 543 2931 ιιι
556 2871 698 2947 obligatio
713 2870 903 2947 paenitentis,
926 2870 975 2947 qui
989 2868 1189 2946 paenitentiae
1208 2869 1297 2946 plane
1312 2871 1423 2930 oblitus
1438 2876 1487 2930 ιιι.

364 2962 394 3019 2ο
416 2962 526 3020 Brutus
546 2960 744 3036 perfeceritne
765 2980 797 3018 re
818 2979 890 3018 vera
912 2958 1156 3018 sacramentalem
1176 2959 1402 3036 paenitentiam.

364 3051 394 3110 3⁰
415 3049 628 3109 iudicaveritne
649 3053 730 3107 recte
751 3048 782 3106 in
803 3047 967 3124 posteriore
990 3068 1070 3108 casu.

760 3232 895 3300 Solutio.

102 3392 154 3446 404
252 3376 305 3441 An
330 3396 520 3452 qunusrrum
547 3378 584 3439 1¹²¹
607 3374 646 3441 R.
673 3377 701 3441 1.
748 3375 856 3440 Finito
878 3373 997 3438 iudicio
1020 3373 1252 3440 sacramentali
1276 3396 1336 3459 per
1360 3377 1487 3442 absolu·

163 3463 295 3542 tionem,
321 3465 530 3550 paenitenst
515 3469 647 3531 tenetur
670 3465 712 3529 ad
736 3462 972 3547 paenitentiam
994 3465 1183 3549 impositum,
1208 3464 1250 3529 ad
1273 3484 1414 3547 eamque
1437 3487 1486 3531 so·

164 3555 239 3621 lam.
287 3554 452 3630 Quamut
475 3552 663 3636 adimpleat,
639 3553 844 3619 tmoralem
870 3551 968 3618 debet
992 3552 1146 3618 adhibere
1169 3552 1385 3636 diligentiam.

252 3652 291 3717 R.
317 3655 347 3717 2.
379 3650 535 3729 Quare
509 3672 537 3715 ιι
561 3651 756 3716 oblitust
705 3655 756 3716 est
777 3648 1031 3734 paenitentiae
1022 3649 1155 3751 1mposit
1157 3671 1206 3728 ae,
1232 3651 1488 3719 considerandae

164 3744 241 3807 sunt
271 3739 553 3818 circumstantiae,
585 3761 662 3805 num
692 3740 808 3805 morali
839 3739 986 3841 diligent
977 3761 1026 3819 ιι,
1058 3739 1078 3805 ι.
1104 3761 1131 3807 ι.
1163 3741 1234 3805 sine
1264 3761 1364 3807 onere
1394 3741 1487 3807 nimis

164 3829 269 3913 gravi,
295 3834 363 3895 ιιοιι
356 3828 445 3894 tiam
469 3829 530 3895 sibi
553 3850 764 3983 recuperaret
772 3828 885 3912 possit.
862 3829 1002 3894 tEam
1027 3850 1047 3894 a
1071 3828 1140 3894 solo
1159 3829 1361 3896 confessario
1385 3830 1487 3915 accipi

164 3940 260 4002 posse
292 3918 427 3983 evidens
459 3923 520 3985 est.
567 3918 711 3983 Videri
702 3919 764 4001 igit
766 3940 804 3983 ur
828 3918 941 3997 debet,
974 3940 1050 3982 num
1075 3918 1166 3983 adire
1189 3918 1296 3983 denuo
1320 3919 1488 3986 confessa·

165 4009 248 4073 rium
271 4008 316 4072 sit
331 4007 512 4090 paenitenti
527 4007 623 4073 nimis
639 4007 787 4083 difficile;
813 4007 930 4086 sinon,
955 4029 1030 4072 num
1055 4007 1235 4090 prudenter
1256 4009 1371 4092 putari
1385 4010 1488 4093 possit

165 4097 398 4162 confessarium
434 4097 598 4162 recordari
633 4097 821 4164 etiamnunc
855 4096 1078 4180 paenitentiae
1112 4096 1297 4180 impositae.
1352 4099 1390 4164 In
1426 4120 1487 4181 quo

165 4208 242 4252 casu
274 4190 405 4252 tenetur
434 4186 606 4269 paenitens
640 4186 748 4251 redire
783 4186 825 4251 ad
856 4186 1090 4252 confessarium
1122 4191 1222 4269 atque
1261 4187 1301 4252 de
1334 4186 1488 4273 imposita

164 4276 367 4359 paenitentia
382 4276 595 4356 interrogare,
620 4276 682 4340 nisi
698 4276 785 4342 forte
801 4275 895 4341 malit
911 4276 1108 4358 insequenti
1125 4275 1331 4341 confessione
1347 4279 1488 4361 priorem

165 4365 401 4430 confessionem
424 4369 573 4447 repetere
597 4368 631 4430 et
654 4387 712 4448 pro
737 4366 788 4431 his
812 4385 939 4447 quoque
961 4365 1106 4447 peccatis
1123 4369 1236 4448 petere
1252 4365 1360 4431 denuo
1377 4388 1488 4433 sacra-

165 4455 341 4521 mentalem
365 4454 637 4521 satisfactionem.
684 4455 731 4520 Cf
757 4456 788 4521 S.
814 4454 1010 4537 Alphons
1037 4455 1091 4531 VI,
1118 4457 1192 4521 520.

252 4553 291 4617 R.
317 4555 347 4617 3.
395 4552 516 4617 Verum
549 4552 591 4617 ad
620 4557 714 4708 rtepet
699 4552 833 4618 etndam
866 4551 1102 4616 confessionem
1128 4572 1171 4615 ex
1201 4551 1369 4619 sententia
1392 4554 1488 4636 longe

164 4640 382 4707 communiore
406 4662 464 4724 per
487 4661 523 4706 se
546 4664 610 4707 ιιοιι
633 4647 765 4708 tenetur
789 4641 835 4723 (S.
860 4639 1055 4723 Alphons.
1080 4640 1186 4722 ibid..)
1212 4640 1289 4722 quia
1313 4642 1386 4724 agit
1388 4665 1427 4708 ur
1451 4644 1489 4708 dc
