3044 5174
148 261 213 327 338
599 255 803 310 Sacramentum
823 251 1013 323 paenitentiae.

148 432 243 499 candi
266 432 518 512 consuetudine,
542 431 693 498 luxuriae
717 433 771 497 vel
793 430 980 510 ebrietatis,
1010 431 1225 497 laborandum
1248 431 1341 515 prius
1365 436 1475 500 estut

148 521 265 589 vitium
289 522 489 602 emendetur,
514 542 578 605 quo
594 521 714 588 mentis
730 541 865 587 acumen
882 521 999 587 redeat
1014 525 1050 589 et
1061 528 1277 607 praeparetur
1300 522 1473 591 absolutio.

147 611 355 696 Quapropter
383 611 484 678 etiam
513 611 617 676 videri
648 610 746 677 debet
775 629 851 674 num
884 610 1115 676 instantaneae
1145 609 1344 676 absolutioni
1375 611 1474 677 etiam

147 700 258 806 obstet
281 702 482 855 οῗιιιὲιιοῗιῖιέο
505 704 540 767 et
563 699 720 784 pmcandi
742 700 901 783 relapsus.
948 698 997 766 cf.
1020 699 1198 778 Reuter,
1229 699 1473 784 Neoeoafeseo·

147 811 219 854 reus
241 811 273 855 n.
366 842 374 857 .
467 841 474 856 .

84 944 138 1000 594
236 919 289 985 An
317 938 508 996 ousnsmuu
532 923 571 986 2ΙΙΙ
600 920 639 989 R.
666 923 694 988 1.
741 919 836 986 Prior
863 918 921 986 ille
944 918 1136 988 Philostrati
1165 919 1339 1005 paenitens
1368 920 1473 1006 suspi-

147 1009 273 1076 cionem
296 1009 426 1091 quidem
440 1009 561 1093 ingerit
583 1008 802 1076 conscientiae
823 1009 1051 1092 neglegentius
1066 1028 1236 1076 excussae.
1268 1008 1474 1096 Quapropter

146 1099 278 1164 omnino
307 1098 349 1164 ad
379 1119 448 1164 rem
478 1102 530 1165 est
559 1099 794 1165 confessarium
819 1099 946 1182 aliquas
975 1098 1085 1164 facere
1115 1099 1394 1183 interrogationes
1422 1122 1473 1166 se·

147 1188 288 1254 cundum
320 1187 466 1253 ordinem
497 1192 748 1272 praeceptorum
780 1187 938 1270 decalogi.
990 1187 1054 1254 Sed
1086 1187 1114 1252 si
1146 1188 1226 1253 nihil
1258 1189 1402 1274 amplius
1434 1211 1473 1256 ex

147 1277 337 1360 paenitente
360 1280 471 1361 potest
494 1279 692 1355 extundere,
717 1298 782 1342 non
806 1280 858 1343 est
880 1276 965 1342 ratio
990 1276 1160 1343 dubitandi
1182 1278 1223 1343 de
1245 1277 1317 1343 eius
1340 1278 1472 1345 sinceri·

147 1369 229 1442 tate,
247 1364 376 1448 quando
391 1365 425 1431 in
441 1367 636 1432 necessariis
650 1366 726 1431 fidei
742 1365 840 1431 rebus
855 1366 937 1433 satis
952 1365 1130 1432 instructus
1143 1371 1313 1451 appareat,
1331 1369 1473 1434 maxime

63 1506 65 1510 ι
147 1454 280 1538 quaudo
304 1454 415 1538 agitur
438 1455 478 1520 de
502 1455 590 1534 viro,
621 1455 676 1538 qui
706 1454 913 1522 matrimonio
943 1453 1073 1521 iunctus
1097 1459 1158 1523 est.
1204 1455 1292 1522 Nam
1316 1457 1390 1525 vita
1419 1457 1473 1523 illa

147 1543 334 1622 uniformis,
366 1564 464 1626 quam
487 1543 645 1610 eiusmodi
667 1543 814 1609 homines
837 1545 961 1610 ducunt
992 1564 1129 1628 eamque
1152 1543 1370 1624 laboriosam,
1403 1567 1472 1613 cum

148 1631 251 1700 otium
283 1652 349 1698 non
381 1632 563 1716 relinquat,
596 1633 655 1698 vix
685 1632 840 1718 peccandi
873 1637 1003 1716 tempus
1032 1637 1067 1699 et
1096 1634 1301 1700 occasionem
1324 1634 1471 1719 praebet

145 1721 265 1789 Restat
293 1721 395 1804 igitur
425 1727 462 1789 ιιι
491 1723 533 1788 sd
563 1722 726 1788 sincerum
756 1723 902 1787 dolorem
933 1723 1097 1788 excitetur
1128 1727 1228 1806 atque
1250 1723 1403 1804 iuvetur,
1432 1726 1470 1792 ed

145 1812 309 1876 cautelam
324 1812 426 1877 etism
441 1816 649 1896 reassumpta
664 1811 874 1878 accusatione
894 1811 1031 1876 alieuius
1046 1812 1210 1895 gravioris
1225 1813 1355 1897 peccati
1378 1835 1472 1899 prae·

145 1900 272 1967 cedent'
314 1901 414 1966 vitae.

234 2016 328 2082 lta.
361 2016 483 2082 Vetula
498 2016 565 2094 illa,
589 2034 663 2082 oum
678 2015 798 2082 nullius
820 2015 948 2099 peccati
970 2035 1044 2082 sese
1060 2021 1202 2096 accunt,
1225 2034 1262 2084 re
1278 2017 1327 2084 sic
1349 2023 1471 2093 stante

145 2104 273 2170 absolvi
305 2105 429 2187 nequit.
486 2106 604 2171 Verum
637 2106 703 2172 alia
733 2104 895 2171 industria
926 2105 1147 2171 confessarius
1179 2107 1227 2173 uti
1258 2107 1368 2175 debat.
1422 2109 1470 2174 Ne

145 2196 315 2279 interropet
331 2195 371 2258 de
387 2194 522 2277 speciali
538 2200 691 2278 peccato;
711 2195 768 2260 sed
785 2195 899 2261 statim
914 2194 984 2278 ipse
995 2203 1156 2281 proponet
1169 2217 1270 2261 unum
1286 2198 1470 2263 alterumve

145 2287 271 2348 certum
295 2288 329 2348 et
352 2282 519 2349 definitum
544 2288 725 2367 peccatum,
749 2283 836 2366 qnod
858 2284 1028 2350 moraliter
1044 2289 1134 2351 certo
1150 2285 1192 2350 ab
1208 2285 1358 2351 omnibus
1383 2308 1468 2352 eom·

143 2372 279 2437 missum
303 2371 413 2449 fuerit,
438 2372 477 2437 de
499 2372 604 2455 iisque
620 2394 693 2438 cum
708 2372 897 2456 paenitente
914 2372 1058 2438 dolorem
1082 2373 1202 2452 eliciat,
1227 2396 1257 2442 v.
1275 2396 1328 2457 g.:
1357 2375 1469 2454 ,Nunc

143 2459 246 2542 igitur
268 2460 437 2526 doleamus
460 2461 501 2526 de
524 2461 611 2527 omni
639 2465 777 2546 peceato
805 2482 960 2544 umquam
989 2462 1022 2527 in
1045 2461 1117 2529 vita
1147 2466 1262 2529 nostra
1284 2465 1468 2543 commisso,

144 2548 185 2614 de
209 2548 296 2614 omni
325 2548 531 2634 impatientia
561 2554 595 2616 et
624 2550 744 2616 affectu
768 2552 932 2632 verboque
962 2555 1078 2616 eontra
1110 2551 1252 2636 proximi
1283 2552 1468 2629 caritatem,

145 2637 185 2703 de
209 2638 295 2703 omni
319 2640 529 2721 neglegentia
551 2639 585 2704 in
601 2639 789 2706 resistentia
812 2646 928 2706 eontra
949 2660 1071 2723 pravas
1094 2640 1331 2724 cogitationes:
1357 2643 1400 2710 de
1422 2643 1470 2708 his

145 2731 180 2793 et
202 2727 350 2793 omnibus
374 2729 476 2794 totius
492 2728 581 2795 vitae
599 2729 745 2813 peccatis
762 2728 928 2794 doleamus
944 2751 987 2794 ex
1001 2728 1117 2795 intimo
1133 2730 1239 2810 corde,
1265 2731 1353 2814 quod
1373 2752 1470 2799 cause

143 2816 268 2883 fuerint
291 2817 521 2883 acerbissimae
543 2818 659 2884 mortis
672 2817 813 2896 Domini,
839 2823 872 2883 et
896 2819 981 2901 quod
1004 2824 1136 2885 tantum
1151 2819 1327 2886 Dominum
1349 2821 1468 2888 Deum·

145 2925 208 2987 que
230 2905 392 2973 infinitum
416 2912 450 2973 et
473 2927 598 2972 summe
621 2906 740 2972 bonum
764 2907 804 2972 iis
828 2907 1030 2976 offendimus.
1073 2907 1297 2992 Proponamus
1322 2910 1363 2976 de
1387 2930 1469 2977 novo

144 2992 214 3060 Deo
238 2995 362 3061 sincere
385 2995 510 3062 servire
540 3000 574 3063 et
603 2998 645 3062 ab
675 2995 762 3061 omni
787 3016 822 3061 re
853 2996 1017 3062 abstinere
1048 3017 1132 3079 quae
1155 2996 1260 3064 Deum
1291 3000 1464 3068 offendat‘

145 3083 266 3160 Quodsi
289 3084 462 3168 paenitens
485 3085 652 3163 annuerit,
685 3087 748 3151 etsi
778 3107 799 3151 a
821 3085 968 3168 pluribus
989 3087 1156 3152 mensibus
1179 3108 1243 3152 non
1267 3085 1372 3155 fuerit
1396 3111 1469 3156 con·

144 3172 249 3249 fessa,
281 3174 476 3240 absolvatur
505 3175 623 3239 saltem
653 3176 713 3239 sub
743 3174 947 3253 condicione,
978 3181 1054 3258 post
1082 3176 1267 3261 impositam
1291 3179 1467 3262 aliqualem

143 3262 388 3345 paenitentiam.
421 3264 469 3330 uf.
494 3285 595 3348 supro
618 3283 649 3329 n.
675 3266 740 3328 283
763 3268 798 3330 et
822 3266 902 3340 2863
929 3263 1106 3332 Genioot
1122 3288 1152 3332 ιι.
1171 3269 1251 3342 262;
1276 3265 1470 3352 Aertnijs

143 3351 197 3417 lib.
224 3355 254 3428 6,
279 3371 309 3417 n.
337 3355 409 3418 187.

561 3501 739 3568 ooolsio
764 3503 981 3568 sucosam
1003 3503 1057 3586 (1).

701 3667 812 3735 Casus.
832 3677 908 3741 (ιιι)

233 3817 352 3876 Amalia
381 3818 506 3888 ancilla,
538 3818 715 3895 compluries
737 3821 774 3878 ab
802 3819 873 3878 hero
895 3820 1073 3890 sollicitata,
1102 3820 1220 3879 iubetur
1247 3841 1266 3880 a
1286 3823 1470 3884 confessario

144 3896 311 3972 relinquere
333 3898 496 3957 servitium.
541 3898 605 3970 Quo
627 3899 738 3968 audito,
760 3900 849 3958 herus
871 3918 936 3957 eam
958 3902 1095 3959 obsecrat
1116 3920 1153 3959 ne
1174 3901 1203 3958 id
1224 3910 1422 3979 exsequatur,
1442 3922 1469 3963 se

143 3977 314 4037 necessario
341 3979 398 4037 hoc
419 3980 505 4038 modo
527 3979 674 4039 diffamari
694 3982 772 4057 apud
793 3999 915 4039 uxorem
937 3984 967 4038 et
996 4000 1098 4056 pacem
1121 3981 1307 4056 coniugalem
1329 3992 1470 4063 perpetro

144 4058 325 4117 exstinctum
345 4059 392 4117 iri.
421 4060 513 4118 Immo
535 4079 601 4117 cum
621 4061 674 4119 illa
694 4062 825 4132 haereat,
848 4061 912 4138 ipse
934 4060 996 4118 adit
1011 4061 1134 4118 eundem
1156 4061 1375 4124 confessarium
1397 4085 1468 4126 eum·

144 4158 200 4213 que
221 4143 307 4213 rogat
328 4143 361 4197 ut
382 4140 535 4216 permittat
550 4140 676 4200 ancillae
691 4142 830 4218 deinceps
844 4161 973 4210 manere,
995 4140 1198 4217 promittitque
1220 4161 1253 4201 se
1267 4142 1299 4202 in
1321 4151 1469 4221 posterum

143 4217 217 4275 nihil
239 4219 365 4295 amplius
387 4219 609 4280 commissurum
631 4222 679 4280 vel
700 4241 840 4280 ausurum
862 4242 933 4297 erga
953 4220 1108 4280 Amaliam.

141 4339 322 4409 Qusnmrua
345 4346 373 4401 1⁰
395 4363 469 4418 quae
490 4343 530 4402 sit
553 4343 670 4402 occasio
690 4346 834 4421 peccandi
856 4351 886 4403 et
907 4347 1050 4420 quomodo
1072 4345 1221 4405 evitanda.

345 4445 374 4498 2⁰
395 4447 515 4500 rectene
536 4441 658 4500 iusserit
679 4444 879 4502 confessarius
901 4444 1046 4504 Amaliam
1068 4446 1215 4505 recedere.

345 4541 374 4597 3⁰
395 4539 562 4677 potgeritne
597 4541 634 4598 ad
675 4540 848 4600 instantiam
883 4541 940 4599 viri
976 4548 1089 4601 mutare
1125 4543 1306 4604 sententiam
1341 4551 1373 4606 et
1407 4567 1467 4624 quo·

397 4638 445 4678 mo
469 4639 494 4678 o.
