3044 5174
518 1074 594 1157 DE
625 1075 1102 1161 CONFIRMATIONE.

371 1292 605 1360 OBLIGA'PIO
629 1293 945 1364 CONFIRMANDI.
972 1335 1013 1346 -
1037 1298 1248 1366 MATERIA.

718 1451 828 1520 (lasus.
847 1460 906 1529 (28)

238 1591 403 1668 Episcopus
433 1591 464 1651 in
495 1591 618 1652 civitate
648 1593 697 1652 ubi
718 1612 737 1652 a
757 1592 923 1669 quindecim
944 1593 1032 1654 annis
1053 1595 1285 1656 confirmationis
1306 1614 1473 1656 sacramen-

149 1678 211 1732 tum
239 1692 297 1731 non
325 1676 391 1731 erat
419 1672 558 1733 collatum
586 1673 737 1750 complura
764 1673 845 1733 milia
867 1674 1093 1735 confirmaturus
1114 1676 1248 1748 accedit,
1270 1680 1333 1736 tum
1355 1676 1472 1737 adultos

150 1758 179 1812 et
200 1752 375 1828 coniugator
395 1758 457 1812 tum
477 1753 601 1812 iuvenes
616 1761 646 1812 et
665 1772 783 1831 pueros,
804 1753 891 1814 immo
913 1754 1002 1814 etiam
1023 1755 1155 1815 infantes
1176 1756 1264 1815 simul
1283 1775 1352 1816 cum
1372 1776 1473 1817 sorum

149 1833 293 1893 matribus
307 1850 382 1909 quae
396 1833 545 1892 bracchiis
559 1853 611 1893 eos
625 1839 738 1905 teuent,
758 1835 889 1912 parocho
911 1834 1193 1897 subministrantes.
1208 1837 1283 1908 oleo,
1303 1841 1395 1915 atque
1416 1836 1473 1896 alio

149 1914 304 1973 sacerdote
331 1913 427 1972 locum
456 1913 608 1973 inunctum
635 1915 667 1973 in
695 1915 820 1989 singulis
843 1916 1042 1991 abstergente.
1070 1949 1109 1958 -
1135 1917 1245 1976 Verum
1273 1935 1340 1977 cum
1361 1917 1474 1994 aliquot

150 1998 291 2054 centenos
320 1993 476 2070 episcopus
503 1993 562 2053 iam
584 1993 718 2067 unxerit,
747 1995 893 2071 parochus
914 1996 1125 2057 animadvertit
1152 2016 1185 2056 se
1214 1997 1280 2056 loco
1301 1997 1473 2057 chrismatis

150 2074 286 2133 manibus
306 2078 408 2133 tenere
430 2075 526 2134 oleum
548 2075 841 2146 catechumenorum
863 2075 986 2153 insuper
1009 2081 1094 2136 notat
1114 2076 1204 2136 alium
1223 2078 1412 2138 sacerdotem
1426 2077 1472 2137 ad·

151 2160 279 2214 stantem
300 2158 361 2212 tam
382 2154 441 2214 cito
462 2154 636 2230 quandoque
660 2156 839 2215 abstersisse
859 2161 893 2215 ut
915 2157 998 2216 locus
1019 2157 1078 2215 iam
1101 2158 1255 2217 abstersus
1279 2164 1369 2227 esest.
1393 2164 1472 2218 ante·

150 2254 237 2310 quam
252 2233 409 2311 episcopus
423 2235 455 2293 in
471 2235 565 2294 forma
576 2236 784 2294 sacramentali
794 2236 981 2312 pervenisset
990 2237 1028 2296 ad
1042 2239 1133 2296 verba
1151 2242 1199 2311 „et
1209 2237 1350 2298 confirmo
1360 2244 1401 2299 te.
1413 2287 1420 2298 .
1430 2286 1436 2299 .
1447 2239 1469 2299 .⁸

149 2347 326 2417 Qususrrua
348 2352 377 2407 1⁰
398 2349 464 2425 quis
485 2349 525 2409 sit
546 2350 709 2409 subiectum
731 2351 973 2412 confirmationis.

349 2447 379 2503 2⁰
400 2445 517 2522 quoties
537 2452 644 2523 urgeat
665 2448 807 2524 obligatio
829 2447 1062 2508 confirmationis
1084 2449 1290 2510 conferendas.

349 2544 380 2602 3⁰
400 2561 475 2619 quae
495 2543 535 2603 sit
555 2544 680 2603 materia
700 2551 813 2604 remota
834 2550 864 2604 et
884 2547 1028 2623 proxima.

349 2643 379 2698 4⁰
400 2645 519 2700 rectene
540 2641 572 2701 in
594 2661 667 2701 casu
688 2662 789 2702 omnes
811 2642 920 2703 diversi
941 2642 1059 2719 generis
1080 2647 1111 2702 et
1132 2642 1241 2703 aetatis
1260 2642 1386 2703 admissi
1407 2644 1471 2704 sint

350 2742 380 2796 5⁰
401 2738 470 2813 quid
491 2745 559 2816 post
580 2740 802 2799 animadversos
824 2740 891 2800 illos
913 2739 1046 2800 defectus
1068 2740 1108 2800 sit
1128 2740 1305 2801 faciendum.

743 2922 878 2991 solutio.

89 3079 140 3136 100
237 3064 291 3130 Aa
314 3085 505 3140 quarsrruu
532 3068 569 3129 l'n
592 3065 631 3131 R.
659 3069 686 3132 l.
734 3065 922 3132 Subiectum
946 3064 1217 3144 confirmationis,
1246 3063 1274 3129 si
1297 3065 1339 3131 de
1362 3065 1473 3132 valida

149 3154 259 3237 agitur
281 3155 503 3239 susceptione,
529 3159 580 3220 est
603 3154 740 3237 quilibet
762 3155 857 3219 homo
881 3153 1079 3220 christianus
1103 3174 1161 3219 seu
1184 3153 1390 3237 baptizatus,
1424 3155 1473 3220 cui

148 3243 265 3309 saltem
288 3243 540 3327 interpretative
563 3243 751 3309 voluntaria
772 3245 817 3309 sit
839 3243 908 3308 eius
932 3242 1105 3327 susceptio.
1140 3243 1249 3320 Quare
1264 3243 1375 3311 valide
1399 3266 1473 3311 cou-

147 3334 321 3399 firmantur
343 3333 501 3411 infanteS‚
526 3337 627 3416 atque
650 3333 751 3398 etiam
774 3332 957 3398 moribundi
975 3331 1124 3399 sensibus
1147 3331 1298 3399 destituti
1322 3333 1473 3400 catholici

148 3422 203 3504 qui
227 3422 387 3488 catholice
412 3422 524 3488 vivere
547 3427 582 3488 et
604 3423 687 3487 mori
710 3422 894 3488 voluerunt.

237 3519 276 3586 R.
302 3523 332 3586 2.
379 3520 542 3586 Absoluta
571 3520 626 3585 lex
658 3540 743 3603 quae
773 3524 865 3586 vetet
894 3519 1078 3585 confirmari
1107 3518 1253 3586 infantes
1277 3523 1356 3585 ante
1382 3541 1472 3586 usum

148 3608 285 3675 rationis
315 3630 379 3674 non
410 3608 557 3685 exsistit;
591 3609 689 3674 immo
720 3609 840 3675 alicubi
867 3609 927 3674 hos
951 3608 1163 3674 confirmandi
1187 3609 1391 3674 consuetudo
1414 3614 1474 3685 est,

148 3719 246 3781 quam
269 3698 412 3766 retinere
435 3699 528 3776 licet,
558 3697 658 3764 immo
682 3719 723 3764 ne
753 3698 891 3780 singulis
922 3699 1051 3780 quidem
1075 3699 1237 3780 abrogare
1265 3698 1321 3763 vel
1350 3699 1474 3765 violare

148 3787 201 3853 fas
224 3788 296 3856 erit.
315 3824 355 3834 —
373 3787 591 3854 Nihilominus
611 3788 788 3853 secundnm
804 3787 994 3854 hodiernam
1010 3788 1140 3872 praxim
1155 3787 1189 3852 in
1205 3786 1356 3853 Ecclesia
1372 3788 1475 3856 latina

148 3877 331 3959 generatim
354 3881 567 3960 exspectatur
590 3882 685 3944 aetas
708 3877 854 3955 rationis,
879 3881 979 3959 atque
995 3876 1027 3941 in
1049 3876 1213 3960 plerisque
1229 3876 1319 3956 locis,
1344 3878 1474 3960 quando

149 3966 231 4032 satis
246 3968 437 4049 frequenter
453 3967 581 4032 occasio
597 3966 804 4050 recipiendae
817 3966 1072 4032 confirmationis
1084 3968 1270 4049 praebetur,
1287 3965 1476 4052 exspectari

149 4057 234 4123 solet
257 4059 351 4122 aetas
373 4077 489 4122 sacras
513 4057 757 4123 communionis.
809 4057 864 4122 Te.
888 4078 929 4122 m.
955 4055 996 4132 ΙΙ,
1024 4059 1096 4122 101.
1124 4059 1212 4138 102.ι

91 4179 139 4236 101
238 4173 291 4237 Au
319 4193 511 4249 qusssrrms
535 4175 574 4237 2¹⁰
604 4172 642 4238 R.
669 4174 699 4240 1.
746 4171 898 4256 Episcopi
931 4171 1114 4237 dioecesani
1148 4174 1200 4237 est
1228 4169 1407 4254 providere
1440 4173 1475 4236 nt

149 4260 325 4327 intervallo
355 4261 481 4343 aliquot
511 4283 669 4327 annorum
702 4282 761 4345 per
795 4260 967 4326 dioecesim
1000 4259 1126 4326 occasio
1160 4259 1367 4344 recipiendae
1401 4281 1474 4326 con·

150 4351 344 4417 firmationis
372 4352 580 4435 praebeatur.
626 4351 717 4428 Quod
742 4350 825 4415 siin
856 4349 992 4432 singulis
1023 4349 1185 4433 parochiis
1215 4350 1326 4416 facere
1354 4371 1398 4434 po
1450 4354 1473 4426 t,

151 4440 233 4505 bene
262 4441 359 4516 facim
393 4440 618 4512 nihilominus.
650 4441 676 4505 si
700 4440 761 4505 hoc
784 4439 845 4523 ipsi
876 4439 1010 4521 gravius
1040 4439 1156 4516 fuerit,
1188 4437 1311 4505 sufficit
1341 4460 1384 4506 ea
1406 4440 1474 4505 loca

151 4529 273 4610 eligere
303 4533 337 4594 et
360 4530 442 4596 satis
470 4534 597 4596 mature
628 4529 801 4611 designare
834 4530 867 4593 in
897 4550 981 4611 quae
1012 4549 1054 4593 ex
1084 4527 1204 4594 vicinia
1227 4527 1297 4593 sine
1322 4529 1473 4612 graviore

150 4618 352 4684 incommodo
376 4618 488 4684 fideles
512 4620 638 4703 possint
662 4620 834 4684 confluere.
