3044 5174
258 100 383 154 Minister
400 101 500 170 paenit.
521 129 555 137 -
573 98 693 168 sigillum
713 104 873 155 sacrament.
894 130 929 138 —
948 100 1006 155 eius
1024 100 1168 155 obiectum.
1316 105 1381 169 305

50 280 106 347 eit.
154 279 324 356 Ceterum,
354 280 382 346 si
412 281 516 345 solum
547 300 590 344 ex
619 299 658 344 eo
688 278 774 359 quod
804 276 975 361 paenitens
1005 279 1133 360 magnis
1155 277 1217 344 Dei
1245 278 1338 343 donis
1362 299 1384 344 a

52 370 123 434 Deo
154 375 356 451 praeventus
385 369 445 447 sit,
475 369 531 433 ille
562 389 597 432 se
628 366 793 450 peccando
823 366 920 431 vilius
950 366 1057 448 egisse
1087 367 1181 445 dicit,
1212 388 1313 450 seque
1343 389 1382 433 eo

53 457 161 540 magis
185 478 296 522 coram
320 457 517 524 confessario
542 456 720 532 confundit,
745 477 810 521 non
833 455 985 521 existimo
1008 455 1065 522 illa
1088 456 1174 521 dona
1190 456 1300 523 divina
1316 457 1382 522 iam

54 567 127 612 esse
153 546 315 612 obiectum
339 547 448 629 sigilli.
495 546 581 611 Nam
606 545 678 628 quis
702 550 753 610 est
777 565 854 609 vere
877 549 1027 621 sanctus,
1052 581 1096 589 —
1120 545 1174 628 qui
1198 566 1264 611 non
1288 552 1384 630 putet

53 658 88 701 se
112 656 153 699 eo
177 635 312 717 gravius
335 657 481 719 peccare,
507 657 569 717 quo
593 635 718 700 maiora
741 633 899 699 beneficia
922 633 1030 699 aDeo
1055 635 1235 718 acceperit!
1267 635 1383 717 Neque

53 730 166 791 tamen
191 729 365 808 propterea
389 724 597 801 confessarii,
622 724 798 788 secundnm
823 742 1026 788 communem
1049 744 1180 790 sensum
1204 724 1383 801 Ecclesiae,

55 816 233 880 censentur
263 813 411 896 impediti
443 813 613 896 quominus
643 815 718 897 post
747 816 886 878 mortem
916 811 1114 896 paenitentis
1145 813 1185 878 de
1217 812 1286 879 eius
1316 813 1384 878 vir·

54 908 165 969 tutum
189 902 382 969 heroicitate
406 903 510 985 deque
533 901 651 966 divinis
675 901 767 966 donis
792 900 935 984 acceptis
959 900 1182 967 testimonium
1206 901 1327 968 dicant.

146 1004 303 1071 Similiter
332 1004 433 1087 igitur
463 1004 547 1070 aliae
578 1025 631 1069 res
659 1025 701 1068 ex
732 1024 767 1068 se
797 1003 1018 1070 indifferentes
1046 1024 1222 1086 omnesque
1246 1005 1384 1069 circnm-

55 1093 202 1161 stantiae
225 1093 364 1160 materia
386 1093 486 1175 sigilli
508 1093 668 1159 indirecta
692 1098 783 1170 eunt,
808 1093 836 1159 si
860 1114 943 1174 (luae
966 1093 1151 1159 necessario
1174 1094 1385 1177 proferantur

56 1205 75 1248 a
98 1183 291 1267 paenitente
314 1182 356 1248 ad
379 1183 573 1265 explicanda
596 1186 743 1266 peccata,
767 1182 820 1246 vel
843 1183 870 1246 si
887 1182 1073 1248 necessaria
1089 1181 1159 1247 sive
1175 1181 1275 1248 etiam
1291 1182 1386 1249 utilia

56 1272 260 1338 solummodo
278 1280 449 1357 putantur,
474 1271 551 1338 licet
573 1272 667 1348 falso,
692 1271 734 1336 ad
757 1275 966 1355 peccatorum
990 1270 1253 1355 explicationem.

146 1379 187 1444 R.
212 1380 243 1443 3.
290 1377 508 1442 Nihilominus
538 1377 625 1443 circa
647 1398 700 1442 res
725 1377 948 1442 indifferentes
971 1379 1115 1463 alioquin
1134 1379 1260 1462 publice
1282 1386 1385 1460 actas,

58 1467 120 1533 etsi
137 1466 325 1551 pertineant
341 1467 383 1532 ad
398 1470 606 1550 peccatorum
624 1467 779 1532 maiorem
796 1466 1047 1549 explicationem
1065 1471 1100 1532 et
1115 1466 1384 1548 intellegentiam,

58 1561 92 1622 ut
108 1562 189 1632 sunt
205 1577 236 1622 v.
252 1577 284 1637 g.
302 1559 411 1622 status
426 1556 635 1638 paenitentis,
660 1577 736 1621 num
753 1555 797 1622 sit
813 1555 1019 1622 matrimonio
1042 1555 1173 1621 iunctus
1195 1576 1307 1632 necne,
1332 1556 1386 1621 vel

57 1645 168 1711 officia
197 1644 326 1728 publica
355 1665 440 1726 quae
463 1645 565 1726 gerit,
597 1650 631 1710 et
653 1644 788 1723 similia,
819 1644 984 1722 circaea,
1015 1644 1103 1724 dico,
1128 1666 1227 1728 saepe
1250 1645 1387 1710 iudicari

59 1735 173 1811 debet,
205 1755 316 1801 eorum
347 1733 499 1799 notitiam
522 1734 722 1799 confessario
747 1733 817 1799 dari
845 1734 938 1816 quasi
956 1738 1124 1819 praeviam
1148 1755 1253 1816 neque
1276 1733 1385 1815 sigillo

58 1822 291 1889 sacramentali
322 1824 478 1890 clausam.
524 1823 561 1888 ld
592 1825 675 1906 quod
707 1823 770 1888 dici
800 1823 914 1905 nequit
943 1823 976 1888 in
1007 1823 1047 1888 iis
1078 1823 1223 1901 casibus,
1256 1823 1386 1905 quando

59 1913 141 1980 istae
165 1932 219 1977 res
242 1932 264 1976 a
286 1912 433 1994 pluribus
455 1911 532 1976 sciri
555 1911 736 1996 paenitenti
760 1912 933 1979 molestum
949 1915 1010 1979 est.
1050 1912 1178 1994 Lnga,
1203 1913 1252 1979 De
1262 1915 1385 1997 pacnit

60 2000 88 2068 d.
115 2004 169 2078 23,
194 2022 226 2067 n.
251 2000 620 2077 273'ra1nburini1.
645 2024 673 2069 c.

148 2124 203 2189 An
227 2144 418 2200 cuansrruu
442 2127 481 2189 3¹¹¹
505 2125 542 2191 R.
570 2127 599 2191 l.
646 2125 847 2208 Supponitur
876 2124 1005 2207 quidem
1029 2123 1215 2190 Ianuarium
1245 2146 1310 2190 non
1336 2124 1387 2191 in·
1396 2135 1449 2189 537

60 2212 235 2296 quisitione
258 2212 422 2296 prohibita
438 2213 588 2279 notitiam
605 2214 767 2280 Bertrami
784 2214 917 2297 eiusque
933 2212 1173 2280 sollicitationis
1189 2214 1316 2297 peccati
1331 2236 1387 2281 ac·

61 2302 202 2387 cepisse;
219 2322 314 2366 secus
330 2303 521 2384 deliquisset
537 2307 652 2368 contra
667 2303 851 2386 pontificiae
867 2304 967 2385 leges,
985 2303 1025 2367 de
1037 2303 1153 2384 quibus
1165 2304 1271 2368 altero
1287 2307 1386 2377 tomo,

61 2395 97 2457 (lc
109 2395 440 2457 excommunicatione.
466 2391 528 2456 Sed
546 2393 675 2458 etiamsi
687 2392 875 2458 Adelheidis
890 2395 1007 2476 sponte
1019 2393 1227 2458 Bertramum
1240 2393 1388 2458 nomina·

10 2532 14 2543 .
60 2482 117 2558 vit,
135 2479 232 2545 huius
248 2484 417 2563 peccatum
435 2481 475 2546 ad
493 2481 664 2547 materiam
680 2482 778 2563 sigilli
795 2481 1009 2570 confessionis
1025 2481 1066 2546 ab
1083 2480 1262 2547 Adelheide
1279 2483 1388 2548 factae

10 2614 13 2645 2
63 2569 194 2635 omnino
210 2569 363 2653 pertinet.
394 2569 480 2634 Nam
497 2575 548 2636 est
564 2571 617 2635 vel
633 2576 802 2654 peccatum
820 2571 985 2654 complicis
1002 2571 1054 2635 vel
1071 2592 1151 2636 ansa
1167 2572 1295 2655 peccati
1311 2593 1388 2637 con·

10 2664 14 2671 '
63 2659 188 2724 litantis
218 2663 317 2740 atque
348 2658 526 2732 obiectum,
558 2659 645 2725 circa
675 2660 760 2742 quod
784 2660 970 2725 confitentis
999 2665 1170 2744 peccatum
1193 2661 1389 2726 versabatur

64 2753 96 2814 et
120 2747 208 2830 quod
231 2749 397 2831 explicatu
422 2748 479 2811 vix
502 2769 567 2813 non
590 2753 663 2814 erat
686 2750 922 2827 necessarium,
953 2752 991 2814 ut
1015 2750 1172 2815 confitens
1195 2771 1289 2814 suum
1312 2770 1389 2833 pec-

63 2841 174 2903 catum
198 2835 295 2918 plane
319 2836 510 2920 explicaret.
548 2836 688 2902 Dubium
710 2838 811 2920 igitur
826 2860 890 2904 non
907 2844 968 2916 est,
993 2839 1070 2921 quin
1085 2838 1230 2903 Iulianus
1246 2837 1389 2920 sigillum

63 2925 304 2992 sacramentale
327 2926 469 3002 laeserit,
494 2947 567 2990 cum
587 2927 681 2992 daret
703 2928 832 2994 litteras
850 2927 933 2994 istae
958 2948 1149 3010 anonymae.
1189 2927 1281 2993 Sicut
1303 2928 1388 2993 enim

63 3015 114 3080 ias
148 3035 215 3079 non
249 3018 360 3080 estex
393 3014 606 3080 confessionis
640 3016 758 3082 notitia
790 3016 879 3099 loqui
913 3018 1010 3082 extra
1044 3015 1281 3081 confessionem
1315 3022 1388 3081 cunt

64 3103 273 3187 paenitente,
305 3103 352 3170 ita
379 3103 479 3169 etiam
506 3103 558 3169 fas
586 3127 649 3169 non
678 3111 747 3183 est,
781 3106 834 3171 vel
865 3104 972 3170 minus
1003 3105 1102 3170 etiam
1133 3104 1185 3169 fas
1219 3109 1271 3171 est
1300 3104 1390 3187 loqui

64 3215 135 3258 cum
159 3192 317 3275 complice
342 3194 394 3258 vel
419 3214 492 3257 cum
514 3215 553 3259 eo
577 3194 632 3276 qui
655 3195 782 3277 peccati
806 3216 887 3260 ansa
910 3195 983 3271 fuit,
1007 3197 1072 3260 nisi
1093 3194 1176 3276 sorte
1200 3196 1240 3259 dc
1261 3197 1389 3260 licnrtia

64 3282 238 3365 confitentis
254 3285 380 3348 omnino
402 3282 498 3349 libere
515 3283 611 3348 data:
635 3305 732 3365 quam
748 3283 800 3350 hic
819 3285 931 3350 datam
949 3304 1030 3360 esse,
1055 3305 1127 3348 cum
1144 3303 1209 3347 non
1225 3289 1388 3360 narretur,

65 3371 148 3436 sumi
172 3371 296 3452 nequit.

153 3476 193 3543 R.
213 3480 242 3543 2.
282 3477 403 3544 Votum
427 3478 627 3560 virginitatis
651 3500 715 3544 non
739 3485 791 3546 est
815 3502 901 3545 cnse
919 3478 1060 3545 materia
1075 3478 1183 3561 sigilli.
1223 3479 1259 3543 ln
1277 3483 1452 3545 nostro-538

66 3571 177 3633 autem
200 3586 277 3631 casu
302 3566 372 3631 eius
394 3566 513 3633 not'tia
536 3568 615 3632 data
638 3589 702 3633 non
726 3575 777 3635 est
794 3569 857 3634 nisi
872 3569 906 3633 in
922 3568 1147 3634 coniunctione
1164 3589 1237 3632 cnm
1254 3574 1390 3651 peccato

65 3660 231 3730 accusato,
255 3655 352 3736 idque
375 3657 418 3720 ad
440 3657 510 3721 eius
532 3656 709 3739 pleniorem
735 3658 970 3740 cognitionem,
1001 3658 1026 3722 si
1053 3662 1164 3723 votum
1189 3657 1390 3738 virginitatis

66 3744 255 3810 adelheidis
278 3745 489 3811 intellexerat
511 3751 624 3811 votum
647 3747 815 3830 perlectae
839 3746 1012 3813 castitatis.
1060 3746 1146 3811 Nam
1171 3746 1203 3810 in
1228 3746 1288 3810 hoc
1312 3767 1389 3810 casu

66 3834 313 3900 circumstantia
341 3834 411 3899 voti
440 3839 629 3901 mutaverat
658 3836 799 3919 speciem
830 3837 956 3920 peccati
987 3834 1074 3900 dubii
1100 3835 1187 3900 illius
1215 3855 1391 3900 consensus

67 3923 157 3989 cuius
173 3923 362 3988 Adelheidis
377 3945 413 3988 se
428 3925 606 4002 accusavit,
631 3930 766 4007 eratque
788 3926 927 3992 materia
950 3925 1048 4006 sigilli
1072 3923 1241 3991 indirecta.
1281 3922 1391 4004 Atque

67 4033 101 4079 re
124 4014 197 4097 ipsa
220 4012 422 4095 virginitatis
446 4019 557 4080 votum
582 4015 797 4081 communiter
812 4016 858 4081 sic
873 4016 1079 4095 intellegunt.
1119 4013 1238 4090 Quodsi
1255 4012 1391 4094 virgini-

10 4137 13 4161 ε
67 4105 170 4168 tatem
194 4122 307 4184 presse
330 4107 493 4185 sumptam
509 4125 633 4168 vovens
662 4104 889 4181 intellexerat,
921 4108 1034 4169 votum
1064 4103 1143 4167 illud
1175 4103 1216 4166 ad
1247 4102 1390 4182 sigillum

10 4223 16 4235 ·
67 4191 307 4258 sacramentale
339 4196 476 4256 eatenus
506 4197 635 4258 tantum
665 4195 853 4278 spectabat,
886 4198 1047 4275 qnatenus
1071 4192 1204 4256 volebat
1236 4212 1391 4255 accusare

10 4314 19 4340 .·
67 4281 294 4364 virginitatem
316 4280 421 4363 ipsam
452 4280 486 4345 in
516 4282 646 4363 aliquod
679 4283 857 4366 periculum
888 4282 1053 4347 inductam
1079 4283 1119 4345 ob
1142 4280 1202 4345 Dei
1234 4279 1391 4345 auxilium

10 4401 19 4411 ·
67 4369 296 4454 neglegentius
318 4368 536 4453 imploraturn.
584 4372 699 4453 Neque
724 4376 807 4437 alias
830 4373 869 4436 de
895 4377 970 4437 voto
995 4370 1082 4452 loqui
1106 4369 1259 4434 ianuario
1289 4369 1390 4444 licuit,

10 4480 18 4518 ³
67 4460 197 4543 quando
224 4463 356 4542 poterat
381 4460 527 4525 conicere
551 4460 584 4524 id
610 4461 780 4527 Adelheidi
805 4464 936 4544 gratum
962 4480 1026 4525 non
1052 4481 1133 4525 esse.
1171 4459 1257 4524 Nam
1284 4460 1393 4526 omnia

114 4569 292 4615 Lehmknhl.
307 4571 378 4611 Caene
393 4571 553 4613 conscientiae.
575 4573 602 4612 11.
1151 4564 1185 4617 20
