3044 5174
362 261 488 317 Minister
505 261 606 333 paenit.
624 291 661 301 -
679 263 778 331 agendi
796 262 867 318 ratio
886 280 947 318 curn
965 264 1102 318 recidivis.
1329 269 1394 333 349

63 438 259 504 mittendae.
292 436 383 516 Quod
407 438 436 503 si
457 459 500 504 ne
524 442 601 505 ante
623 443 811 523 susceptam
834 439 966 522 quidem
988 439 1285 523 peregrinationem
1309 440 1395 506 hanc

63 527 290 593 dimissionem
313 527 459 594 resoluto
483 532 655 594 contractu
679 528 902 594 conductionis
918 529 1131 612 praeparavit
1146 533 1245 612 atque
1260 529 1393 614 incepit,

63 637 184 701 parum
207 618 314 682 bonae
328 616 509 684 voluntatis
533 617 633 683 etiam
648 637 733 682 nunc
757 617 910 686 ostendit.
941 618 1128 685 Differenda
1151 618 1253 701 igitur
1268 622 1320 684 est
1335 619 1395 684 ab·

63 706 198 783 solutio,
223 705 299 771 dum
323 706 556 788 obligationem
580 727 673 772 suam
696 706 742 772 sit
764 712 955 773 exsecutus:
980 707 1043 773 nisi
1058 708 1145 774 forte
1169 710 1393 773 entraordina-

62 798 154 860 riam
185 795 330 861 dolorem
360 816 447 861 nunc
478 795 666 879 conceperit
695 799 730 861 et
759 796 957 876 ostenderit,
991 797 1045 879 qni
1075 799 1188 863 firmae
1212 796 1394 864 voluntatis

61 888 100 951 et
123 883 307 951 constantis
330 884 496 950 sufficiens
518 885 563 951 sit
584 884 748 950 indicium.

417 1076 640 1144 RunAPsus
663 1076 712 1142 IN
735 1076 932 1143 PucuA'rA
955 1075 1040 1159 (III).
1139 1177 1142 1183 .

622 1242 734 1309 Gneus.
753 1250 829 1319 (178)

154 1381 404 1455 Oletns,1uvenis
422 1382 575 1459 operarius
595 1382 627 1441 in
640 1382 764 1453 fabrica,
786 1401 854 1442 sese
873 1387 997 1442 accusat
1017 1383 1054 1441 de
1067 1382 1150 1442 mult
1128 1388 1168 1442 trs
1189 1384 1291 1460 pravis
1313 1385 1391 1462 cogi·

59 1461 229 1521 tationibus
250 1428 281 1520 e'c
302 1461 456 1521 desideriis
478 1468 566 1539 atque
587 1463 773 1522 sermonibus
793 1463 969 1522 inhonestis.
1003 1463 1067 1521 Iam
1088 1483 1141 1540 per
1162 1464 1274 1540 aliquot
1296 1485 1391 1527 annos

60 1542 141 1601 idern
164 1547 212 1602 est
232 1541 323 1601 animi
344 1547 405 1601 stat
406 1562 450 1602 ns.
492 1542 651 1620 (lomaptns
671 1563 690 1602 a
711 1543 895 1603 confessario
923 1543 1010 1602 dicit:
983 1543 1161 1620 tAliquot
1189 1545 1305 1619 quidem
1327 1547 1390 1607 dies

60 1627 133 1699 post
155 1622 371 1683 confessionem
392 1643 439 1681 me
460 1623 617 1682 immunem
632 1624 767 1694 servavi;
790 1624 841 1682 sed
857 1642 923 1682 curn
944 1623 1052 1682 cotidie
1067 1623 1210 1683 eiusmodi
1225 1645 1273 1684 res
1288 1627 1390 1687 audire

60 1703 187 1762 debeam
209 1722 228 1761 a
248 1702 400 1762 sodalibus
420 1702 453 1762 in
473 1703 597 1775 fabrica,
619 1710 725 1780 postea
745 1723 862 1781 semper
882 1722 949 1763 mea
969 1704 1071 1763 eadem
1092 1704 1150 1764 fuit
1171 1724 1269 1765 cansa.

60 1816 242 1886 Qunnnrrnn
258 1816 395 1956 tpqosqitne
417 1816 519 1881 Oletus
539 1819 646 1878 iterum
665 1817 829 1894 iterumque
851 1817 982 1890 absolvi,
1012 1819 1061 1878 vel
1082 1821 1225 1895 quomodo
1254 1821 1293 1879 sit
1313 1826 1389 1880 trac-

290 1915 310 1954 n
331 1916 375 1956 ns.

661 2032 796 2100 Solutio.

152 2173 191 2239 R.
218 2177 247 2240 1.
294 2174 421 2251 Oletus,
453 2179 491 2241 ut
514 2177 669 2258 apparet,
700 2178 853 2240 versatur
875 2173 908 2238 in
932 2174 1118 2251 occasione,
1143 2196 1247 2258 eaque
1270 2176 1452 2243 hucne-613

59 2282 124 2343 que
148 2262 308 2346 proxima.
356 2263 389 2329 Si
413 2263 482 2329 eius
505 2264 650 2330 condicio
675 2284 722 2330 ea=
738 2265 806 2340 est,
832 2267 869 2329 nt
854 2262 942 2329 tsui
965 2264 1009 2330 sit
1033 2264 1182 2330 dominus
1206 2271 1306 2348 atque
1329 2289 1387 2350 pro

57 2372 120 2416 suo
151 2351 288 2418 arbitrio
318 2352 383 2417 alio
413 2353 484 2418 loco
514 2354 645 2419 labores
668 2374 746 2418 snos
768 2352 874 2437 possit
859 2353 1029 2430 t‚locare
1061 2354 1117 2419 ubi
1148 2356 1300 2420 meliores
1329 2357 1388 2421 ha-

60 2440 171 2507 buerit
192 2441 371 2518 sodaless
362 2441 458 2509 insist
444 2441 653 2509 ttendum
602 2447 668 2522 est,
692 2442 813 2508 utboc
835 2441 947 2508 faciat.
993 2403 1080 2508 Nam
1104 2444 1308 2527 experientia
1331 2445 1388 2511 do·

58 2529 129 2595 cuit
145 2550 219 2595 eum
235 2530 375 2597 difficult
360 2535 412 2597 ter
427 2552 562 2597 usurum
578 2552 650 2596 esse
666 2531 706 2596 iis
692 2448 884 2609 uremediis,
909 2530 1049 2613 quibus
1040 2554 1074 2596 in
1089 2533 1195 2598 medio
1198 2556 1387 2639 pravorum

59 2619 223 2684 sodalium
246 2640 319 2685 sese
342 2625 455 2686 servet
478 2641 499 2686 a
521 2619 698 2704 peccatis
689 2642 944 2686 1mmunem.-
900 2621 1138 2686 -Verum
1112 2643 1139 2686 sr
1155 2622 1205 2687 sni
1229 2623 1308 2689 iuris
1324 2646 1386 2690 non

58 2711 113 2773 est
136 2728 243 2791 neque
266 2709 397 2774 efficere
421 2713 539 2792 potest,
565 2713 602 2775 nt
624 2710 811 2793 parentes
802 2731 909 2793 ipsum
932 2710 964 2774 in
989 2710 1053 2774 alio
1074 2712 1145 2776 loco
1162 2712 1387 2778 collocandum

60 2802 194 2873 curent;
217 2797 329 2874 ,vel
302 2820 331 2863 sr
354 2799 479 2883 sperari
503 2819 566 2863 non
591 2802 702 2883 potest
730 2799 801 2863 fore
830 2803 868 2865 ut
891 2798 968 2864 alibi
992 2798 1138 2865 condicio
1162 2801 1321 2868 sodalium
1345 2803 1389 2867 sit

59 2886 192 2951 melior:
217 2887 313 2954 adest
335 2888 463 2953 occasio
487 2888 682 2967 necessaria,
707 2908 811 2970 neque
834 2887 922 2953 alind
946 2887 1023 2970 qnid
1038 2888 1242 2971 relinquitur,
1266 2891 1328 2955 nisi
1352 2895 1388 2956 ut

58 2995 101 3040 ea
124 2975 282 3041 reddatur
304 2981 442 3044 remota.

149 3081 190 3148 R.
222 3085 252 3149 2.
299 3084 439 3149 Remota
469 3087 580 3149 autern
609 3083 701 3149 reddi
733 3087 843 3166 potest
873 3082 1001 3148 occasio
1032 3084 1133 3148 variis
1161 3084 1275 3151 modis.
1323 3086 1387 3150 Im·

58 3169 173 3255 primis
196 3171 301 3236 videri
325 3172 432 3249 debet,
456 3193 533 3237 num
557 3171 661 3256 possit
684 3171 808 3236 moneri
825 3171 974 3237 dominus
990 3171 1135 3239 fabricae
1152 3175 1204 3239 vel
1221 3174 1387 3259 inspector

56 3281 119 3324 sen
141 3259 197 3325 ille
221 3260 276 3343 qui
298 3261 492 3344 invigilandi
522 3282 639 3326 munus
669 3261 779 3327 habet.
825 3260 945 3338 Quodsi
968 3261 1083 3327 horum
1107 3262 1225 3346 aliquis
1248 3286 1283 3330 re
1306 3286 1388 3332 vera

57 3349 113 3414 vir
135 3348 292 3416 honestus
315 3354 383 3427 est,
416 3351 471 3433 qui
494 3351 528 3414 in
550 3371 658 3415 mores
681 3371 815 3415 suorum
838 3350 1061 3433 operariorum
1084 3352 1250 3432 intendat,
1275 3354 1386 3423 (lictus

56 3437 241 3521 adigendus
272 3444 338 3518 est,
369 3442 407 3505 ut
436 3461 505 3504 rem
535 3439 705 3504 denuntiet
735 3439 790 3504 uni
820 3460 862 3504 ex
891 3439 972 3520 illis,
1004 3464 1067 3525 quo
1091 3443 1269 3509 efficaciter
1291 3464 1386 3526 prae-

56 3533 243 3594 caveantur
265 3548 421 3594 excessus
444 3549 620 3613 pravorum
645 3529 877 3613 operariorum.

150 3617 214 3683 Sed
237 3617 266 3683 si
290 3639 311 3683 a
333 3617 463 3683 domino
487 3622 522 3684 et
545 3617 738 3684 officialibus
761 3617 842 3684 haec
859 3641 939 3685 cura
963 3618 1157 3701 neglegitur,
1182 3620 1293 3685 Cletus
1315 3619 1386 3706 ipse

56 3727 96 3772 se
119 3707 246 3772 munire
269 3707 383 3786 debet,
414 3712 539 3775 utnon
569 3709 760 3774 succumbat
790 3707 1074 3774 sollicitationibus
1102 3708 1249 3776 aliorum.
1297 3711 1386 3793 Ergo

55 3796 218 3879 imprimis
241 3795 369 3879 quoties
393 3796 434 3862 ad
453 3797 612 3862 fabricam
628 3798 777 3873 accedat,
802 3819 874 3862 sese
889 3796 1033 3863 ferventi
1048 3818 1145 3881 prece
1160 3799 1230 3863 Deo
1247 3799 1387 3865 auxilio-

55 3904 123 3967 que
147 3885 184 3950 B.
209 3885 334 3951 Mariae
356 3886 587 3952 immaculatae
604 3888 825 3962 commendem
849 3886 1016 3953 abstineat
1029 3886 1101 3969 ipse
1116 3886 1158 3952 ab
1175 3889 1262 3952 omni
1285 3890 1386 3953 verbo

56 3974 243 4052 inhonesto,
268 3974 414 4057 aliosque
437 4011 482 4019 -
505 3976 532 4039 si
555 3980 670 4041 tantae
693 3975 901 4041 auctoritatis
926 3975 976 4040 vel
994 3975 1151 4041 audaciae
1175 3982 1227 4041 est
1247 4012 1286 4020 —
1311 3997 1385 4059 per·

57 4083 155 4128 verse
178 4063 267 4145 loqui
289 4063 484 4147 incipientes
506 4064 662 4147 increpet,
687 4063 816 4146 qnando
833 4064 1041 4129 nihilominus
1059 4069 1173 4148 turpes
1196 4086 1249 4129 res
1273 4065 1385 4131 audire

56 4158 215 4235 cogatur,
248 4157 390 4219 mentem
420 4153 463 4218 ab
485 4152 537 4217 bis
560 4156 678 4218 avocet
708 4156 742 4219 et
764 4153 806 4219 ad
829 4154 934 4218 Deum
958 4154 1101 4220 attollat.
1148 4153 1182 4218 Si
1204 4154 1286 4220 haec
1310 4177 1385 4220 con·

55 4246 189 4308 stanter
211 4247 302 4324 agat,
325 4247 438 4327 potest
461 4247 550 4308 certe
573 4241 757 4308 tentatione
780 4243 930 4326 superior
951 4263 1095 4308 manere.

148 4349 187 4416 R.
214 4351 244 4417 3.
291 4349 326 4414 Si
349 4348 519 4431 quaeritur
548 4353 656 4415 utrum
688 4349 875 4414 etiamnunc
905 4350 1009 4414 denno
1040 4348 1166 4414 absolvi
1191 4350 1311 4432 possit,
1342 4363 1448 4415 anolt

56 4439 182 4504 differri
207 4439 342 4515 debeat,
373 4437 406 4502 id
429 4437 551 4521 pendet
574 4439 711 4503 multum
736 4459 756 4503 a
779 4439 931 4503 remediis
955 4439 1045 4503 Cleto
1068 4438 1133 4502 iam
1168 4443 1266 4503 antea
1289 4460 1385 4521 prae·

55 4528 190 4613 scriptis
213 4548 390 4609 eorumque
413 4549 474 4592 nsu
499 4527 551 4592 vel
574 4528 735 4609 neglectu.
782 4527 869 4592 Nam
893 4527 931 4605 si,
956 4526 1097 4593 monitus
1122 4527 1162 4592 de
1185 4527 1384 4609 obligatione

55 4640 179 4702 pravos
202 4617 309 4684 socios
332 4616 562 4692 denuntiandi,
586 4616 648 4681 boc
672 4638 736 4681 non
759 4617 893 4694 fecerit,
918 4638 959 4681 ne
981 4617 1082 4683 toties
1105 4615 1233 4700 quidem
1258 4618 1385 4683 absolvi
