<?xml version="1.0" encoding="UTF-8"?>
<!DOCTYPE html PUBLIC "-//W3C//DTD XHTML 1.0 Transitional//EN"
    "http://www.w3.org/TR/xhtml1/DTD/xhtml1-transitional.dtd">
<html xmlns="http://www.w3.org/1999/xhtml" xml:lang="en" lang="en">
 <head>
  <title>
</title>
<meta http-equiv="Content-Type" content="text/html;charset=utf-8" />
  <meta name='ocr-system' content='tesseract 3.04.00' />
  <meta name='ocr-capabilities' content='ocr_page ocr_carea ocr_par ocr_line ocrx_word'/>
</head>
<body>
  <div class='ocr_page' id='page_1' title='image "./casusconscienti00lehmgoog_0192.png"; bbox 0 0 3044 5174; ppageno 0'>
   <div class='ocr_carea' id='block_1_1' title="bbox 147 240 1017 344">
    <p class='ocr_par' dir='ltr' id='par_1_1' title="bbox 147 240 1017 344">
     <span class='ocr_line' id='line_1_1' title="bbox 147 240 1017 344; baseline -0.003 -13"><span class='ocrx_word' id='word_1_1' title='bbox 147 275 210 339; x_wconf 88' lang='grc'><strong>170</strong></span> <span class='ocrx_word' id='word_1_2' title='bbox 600 271 806 326; x_wconf 72' lang='lat' dir='ltr'><strong>Sacramentum</strong></span> <span class='ocrx_word' id='word_1_3' title='bbox 824 240 1017 344; x_wconf 80' lang='lat' dir='ltr'><strong>paenitentiae.</strong></span> 
     </span>
    </p>
   </div>
   <div class='ocr_carea' id='block_1_2' title="bbox 144 450 1476 2139">
    <p class='ocr_par' dir='ltr' id='par_1_2' title="bbox 144 450 1474 1069">
     <span class='ocr_line' id='line_1_2' title="bbox 144 450 1474 537; baseline 0.003 -21"><span class='ocrx_word' id='word_1_4' title='bbox 144 451 281 535; x_wconf 87' lang='lat' dir='ltr'><strong>exigens</strong></span> <span class='ocrx_word' id='word_1_5' title='bbox 303 450 456 517; x_wconf 90' lang='lat' dir='ltr'><strong>iudicium</strong></span> <span class='ocrx_word' id='word_1_6' title='bbox 479 450 519 516; x_wconf 91' lang='lat' dir='ltr'><strong>de</strong></span> <span class='ocrx_word' id='word_1_7' title='bbox 542 451 696 535; x_wconf 89' lang='lat' dir='ltr'><strong>peccatis,</strong></span> <span class='ocrx_word' id='word_1_8' title='bbox 721 454 821 534; x_wconf 90' lang='lat' dir='ltr'><strong>atque</strong></span> <span class='ocrx_word' id='word_1_9' title='bbox 843 452 886 518; x_wconf 94' lang='lat' dir='ltr'><strong>ad</strong></span> <span class='ocrx_word' id='word_1_10' title='bbox 908 452 1076 518; x_wconf 80' lang='lat' dir='ltr'><strong>Ecclesiae</strong></span> <span class='ocrx_word' id='word_1_11' title='bbox 1099 452 1245 537; x_wconf 87' lang='lat' dir='ltr'><strong>regimen</strong></span> <span class='ocrx_word' id='word_1_12' title='bbox 1267 456 1410 537; x_wconf 86' lang='lat' dir='ltr'><strong>spectat,</strong></span> <span class='ocrx_word' id='word_1_13' title='bbox 1435 457 1474 520; x_wconf 90' lang='lat' dir='ltr'><strong>ut</strong></span> 
     </span>
     <span class='ocr_line' id='line_1_3' title="bbox 145 539 1473 627; baseline 0.002 -22"><span class='ocrx_word' id='word_1_14' title='bbox 145 540 266 608; x_wconf 90' lang='lat' dir='ltr'><strong>iudicet</strong></span> <span class='ocrx_word' id='word_1_15' title='bbox 289 541 329 606; x_wconf 92' lang='lat' dir='ltr'><strong>de</strong></span> <span class='ocrx_word' id='word_1_16' title='bbox 351 539 496 624; x_wconf 88' lang='lat' dir='ltr'><strong>peccatis</strong></span> <span class='ocrx_word' id='word_1_17' title='bbox 518 560 650 606; x_wconf 90' lang='lat' dir='ltr'><strong>suorum</strong></span> <span class='ocrx_word' id='word_1_18' title='bbox 681 541 897 607; x_wconf 88' lang='lat' dir='ltr'><strong>subditorum:</strong></span> <span class='ocrx_word' id='word_1_19' title='bbox 928 541 1014 623; x_wconf 92' lang='lat' dir='ltr'><strong>quod</strong></span> <span class='ocrx_word' id='word_1_20' title='bbox 1037 546 1074 608; x_wconf 90' lang='lat' dir='ltr'><strong>ut</strong></span> <span class='ocrx_word' id='word_1_21' title='bbox 1096 542 1160 610; x_wconf 89' lang='lat' dir='ltr'><strong>rite</strong></span> <span class='ocrx_word' id='word_1_22' title='bbox 1182 544 1261 622; x_wconf 90' lang='lat' dir='ltr'><strong>fiat,</strong></span> <span class='ocrx_word' id='word_1_23' title='bbox 1291 543 1473 627; x_wconf 79' lang='lat' dir='ltr'><strong>requiritur</strong></span> 
     </span>
     <span class='ocr_line' id='line_1_4' title="bbox 145 627 1473 717; baseline 0.002 -23"><span class='ocrx_word' id='word_1_24' title='bbox 145 630 214 696; x_wconf 89' lang='lat' dir='ltr'><strong>iure</strong></span> <span class='ocrx_word' id='word_1_25' title='bbox 238 630 347 695; x_wconf 88' lang='lat' dir='ltr'><strong>divino</strong></span> <span class='ocrx_word' id='word_1_26' title='bbox 372 627 542 696; x_wconf 88' lang='lat' dir='ltr'><strong>confessio.</strong></span> <span class='ocrx_word' id='word_1_27' title='bbox 589 628 627 694; x_wconf 94' lang='lat' dir='ltr'><strong>Id</strong></span> <span class='ocrx_word' id='word_1_28' title='bbox 655 634 786 697; x_wconf 88' lang='lat' dir='ltr'><strong>tantum</strong></span> <span class='ocrx_word' id='word_1_29' title='bbox 815 629 947 696; x_wconf 90' lang='lat' dir='ltr'><strong>videtur</strong></span> <span class='ocrx_word' id='word_1_30' title='bbox 975 631 1109 697; x_wconf 90' lang='lat' dir='ltr'><strong>concedi</strong></span> <span class='ocrx_word' id='word_1_31' title='bbox 1137 652 1251 717; x_wconf 87' lang='lat' dir='ltr'><strong>posse,</strong></span> <span class='ocrx_word' id='word_1_32' title='bbox 1281 632 1309 698; x_wconf 91' lang='lat' dir='ltr'><strong>si</strong></span> <span class='ocrx_word' id='word_1_33' title='bbox 1339 632 1473 716; x_wconf 91' lang='lat' dir='ltr'><strong>quando</strong></span> 
     </span>
     <span class='ocr_line' id='line_1_5' title="bbox 146 717 1472 803; baseline 0.002 -20"><span class='ocrx_word' id='word_1_34' title='bbox 146 739 188 783; x_wconf 90' lang='lat' dir='ltr'><strong>ex</strong></span> <span class='ocrx_word' id='word_1_35' title='bbox 218 719 367 784; x_wconf 88' lang='lat' dir='ltr'><strong>omnibus</strong></span> <span class='ocrx_word' id='word_1_36' title='bbox 396 739 504 784; x_wconf 90' lang='lat' dir='ltr'><strong>rerum</strong></span> <span class='ocrx_word' id='word_1_37' title='bbox 534 717 790 784; x_wconf 73' lang='lat' dir='ltr'><strong>circumstantiis</strong></span> <span class='ocrx_word' id='word_1_38' title='bbox 820 718 1003 803; x_wconf 80' lang='lat' dir='ltr'><strong>baptismus</strong></span> <span class='ocrx_word' id='word_1_39' title='bbox 1034 721 1076 786; x_wconf 93' lang='lat' dir='ltr'><strong>ab</strong></span> <span class='ocrx_word' id='word_1_40' title='bbox 1108 720 1300 787; x_wconf 87' lang='lat' dir='ltr'><strong>acatholicis</strong></span> <span class='ocrx_word' id='word_1_41' title='bbox 1330 721 1472 788; x_wconf 88' lang='lat' dir='ltr'><strong>collatus</strong></span> 
     </span>
     <span class='ocr_line' id='line_1_6' title="bbox 146 807 1473 896; baseline 0.003 -24"><span class='ocrx_word' id='word_1_42' title='bbox 146 829 218 872; x_wconf 88' lang='lat' dir='ltr'><strong>cum</strong></span> <span class='ocrx_word' id='word_1_43' title='bbox 242 811 337 874; x_wconf 89' lang='lat' dir='ltr'><strong>tanta</strong></span> <span class='ocrx_word' id='word_1_44' title='bbox 359 807 624 892; x_wconf 89' lang='lat' dir='ltr'><strong>praesumptione</strong></span> <span class='ocrx_word' id='word_1_45' title='bbox 653 807 766 873; x_wconf 90' lang='lat' dir='ltr'><strong>haberi</strong></span> <span class='ocrx_word' id='word_1_46' title='bbox 789 807 908 874; x_wconf 89' lang='lat' dir='ltr'><strong>debeat</strong></span> <span class='ocrx_word' id='word_1_47' title='bbox 934 808 1114 886; x_wconf 88' lang='lat' dir='ltr'><strong>invalidus,</strong></span> <span class='ocrx_word' id='word_1_48' title='bbox 1148 815 1185 876; x_wconf 90' lang='lat' dir='ltr'><strong>ut</strong></span> <span class='ocrx_word' id='word_1_49' title='bbox 1207 810 1331 876; x_wconf 91' lang='lat' dir='ltr'><strong>valoris</strong></span> <span class='ocrx_word' id='word_1_50' title='bbox 1350 811 1473 896; x_wconf 83' lang='lat' dir='ltr'><strong>probo·</strong></span> 
     </span>
     <span class='ocr_line' id='line_1_7' title="bbox 146 895 1473 982; baseline 0.004 -22"><span class='ocrx_word' id='word_1_51' title='bbox 146 897 253 962; x_wconf 81' lang='lat' dir='ltr'><strong>tilitas</strong></span> <span class='ocrx_word' id='word_1_52' title='bbox 275 918 340 963; x_wconf 90' lang='lat' dir='ltr'><strong>non</strong></span> <span class='ocrx_word' id='word_1_53' title='bbox 364 896 460 974; x_wconf 90' lang='lat' dir='ltr'><strong>adsit,</strong></span> <span class='ocrx_word' id='word_1_54' title='bbox 485 917 559 961; x_wconf 89' lang='lat' dir='ltr'><strong>eum</strong></span> <span class='ocrx_word' id='word_1_55' title='bbox 583 895 638 979; x_wconf 92' lang='lat' dir='ltr'><strong>qui</strong></span> <span class='ocrx_word' id='word_1_56' title='bbox 654 898 732 963; x_wconf 82' lang='lat' dir='ltr'><strong>odeo</strong></span> <span class='ocrx_word' id='word_1_57' title='bbox 755 897 851 964; x_wconf 82' lang='lat' dir='ltr'><strong>dubie</strong></span> <span class='ocrx_word' id='word_1_58' title='bbox 870 897 914 964; x_wconf 86' lang='lat' dir='ltr'><strong>sit</strong></span> <span class='ocrx_word' id='word_1_59' title='bbox 936 897 1123 982; x_wconf 88' lang='lat' dir='ltr'><strong>baptizatus</strong></span> <span class='ocrx_word' id='word_1_60' title='bbox 1145 919 1211 964; x_wconf 89' lang='lat' dir='ltr'><strong>non</strong></span> <span class='ocrx_word' id='word_1_61' title='bbox 1233 920 1348 965; x_wconf 90' lang='lat' dir='ltr'><strong>severe</strong></span> <span class='ocrx_word' id='word_1_62' title='bbox 1363 899 1473 967; x_wconf 90' lang='lat' dir='ltr'><strong>teneri</strong></span> 
     </span>
     <span class='ocr_line' id='line_1_8' title="bbox 145 985 1304 1069; baseline 0.008 -20"><span class='ocrx_word' id='word_1_63' title='bbox 145 986 273 1068; x_wconf 86' lang='lat' dir='ltr'><strong>legibus</strong></span> <span class='ocrx_word' id='word_1_64' title='bbox 296 985 545 1069; x_wconf 88' lang='lat' dir='ltr'><strong>baptizatorum.</strong></span> <span class='ocrx_word' id='word_1_65' title='bbox 1299 1047 1304 1058; x_wconf 95' lang='lat'><strong>.</strong></span> 
     </span>
    </p>

    <p class='ocr_par' dir='ltr' id='par_1_3' title="bbox 146 1073 1476 2139">
     <span class='ocr_line' id='line_1_9' title="bbox 235 1073 1472 1158; baseline 0.001 -18"><span class='ocrx_word' id='word_1_66' title='bbox 235 1074 351 1157; x_wconf 81' lang='lat' dir='ltr'><strong>Neque</strong></span> <span class='ocrx_word' id='word_1_67' title='bbox 367 1073 483 1140; x_wconf 92' lang='lat' dir='ltr'><strong>mirum</strong></span> <span class='ocrx_word' id='word_1_68' title='bbox 499 1073 603 1139; x_wconf 88' lang='lat' dir='ltr'><strong>videri</strong></span> <span class='ocrx_word' id='word_1_69' title='bbox 619 1073 716 1140; x_wconf 90' lang='lat' dir='ltr'><strong>debet</strong></span> <span class='ocrx_word' id='word_1_70' title='bbox 728 1074 850 1140; x_wconf 86' lang='lat' dir='ltr'><strong>certius</strong></span> <span class='ocrx_word' id='word_1_71' title='bbox 866 1073 1006 1156; x_wconf 90' lang='lat' dir='ltr'><strong>aliquem</strong></span> <span class='ocrx_word' id='word_1_72' title='bbox 1019 1075 1166 1158; x_wconf 89' lang='lat' dir='ltr'><strong>obligare</strong></span> <span class='ocrx_word' id='word_1_73' title='bbox 1178 1078 1220 1142; x_wconf 91' lang='lat' dir='ltr'><strong>ad</strong></span> <span class='ocrx_word' id='word_1_74' title='bbox 1233 1076 1472 1142; x_wconf 80' lang='lat' dir='ltr'><strong>confessionem</strong></span> 
     </span>
     <span class='ocr_line' id='line_1_10' title="bbox 146 1162 1473 1247; baseline 0.002 -19"><span class='ocrx_word' id='word_1_75' title='bbox 146 1163 429 1241; x_wconf 85' lang='lat' dir='ltr'><strong>sacramentalem,</strong></span> <span class='ocrx_word' id='word_1_76' title='bbox 446 1183 543 1246; x_wconf 91' lang='lat' dir='ltr'><strong>quam</strong></span> <span class='ocrx_word' id='word_1_77' title='bbox 560 1162 681 1229; x_wconf 90' lang='lat' dir='ltr'><strong>habeat</strong></span> <span class='ocrx_word' id='word_1_78' title='bbox 696 1163 908 1229; x_wconf 82' lang='lat' dir='ltr'><strong>securitatem</strong></span> <span class='ocrx_word' id='word_1_79' title='bbox 923 1164 1128 1247; x_wconf 89' lang='lat' dir='ltr'><strong>recipiendae</strong></span> <span class='ocrx_word' id='word_1_80' title='bbox 1144 1185 1217 1231; x_wconf 86' lang='lat' dir='ltr'><strong>curn</strong></span> <span class='ocrx_word' id='word_1_81' title='bbox 1233 1164 1344 1232; x_wconf 87' lang='lat' dir='ltr'><strong>fructu</strong></span> <span class='ocrx_word' id='word_1_82' title='bbox 1359 1186 1473 1231; x_wconf 88' lang='lat' dir='ltr'><strong>sacra·</strong></span> 
     </span>
     <span class='ocr_line' id='line_1_11' title="bbox 147 1251 1473 1334; baseline 0.002 -17"><span class='ocrx_word' id='word_1_83' title='bbox 147 1252 299 1318; x_wconf 77' lang='lat' dir='ltr'><strong>mentalis</strong></span> <span class='ocrx_word' id='word_1_84' title='bbox 322 1251 547 1331; x_wconf 79' lang='lat' dir='ltr'><strong>absolutionis,</strong></span> <span class='ocrx_word' id='word_1_85' title='bbox 571 1251 613 1317; x_wconf 93' lang='lat' dir='ltr'><strong>ad</strong></span> <span class='ocrx_word' id='word_1_86' title='bbox 637 1272 734 1334; x_wconf 86' lang='lat' dir='ltr'><strong>quarn</strong></span> <span class='ocrx_word' id='word_1_87' title='bbox 758 1251 919 1318; x_wconf 89' lang='lat' dir='ltr'><strong>confessio</strong></span> <span class='ocrx_word' id='word_1_88' title='bbox 936 1253 1115 1320; x_wconf 90' lang='lat' dir='ltr'><strong>ordinatur.</strong></span> <span class='ocrx_word' id='word_1_89' title='bbox 1147 1254 1234 1320; x_wconf 89' lang='lat' dir='ltr'><strong>Nam</strong></span> <span class='ocrx_word' id='word_1_90' title='bbox 1251 1275 1292 1320; x_wconf 90' lang='lat' dir='ltr'><strong>ea</strong></span> <span class='ocrx_word' id='word_1_91' title='bbox 1307 1258 1359 1320; x_wconf 88' lang='lat' dir='ltr'><strong>est</strong></span> <span class='ocrx_word' id='word_1_92' title='bbox 1383 1275 1473 1320; x_wconf 88' lang='lat' dir='ltr'><strong>oom-</strong></span> 
     </span>
     <span class='ocr_line' id='line_1_12' title="bbox 146 1340 1474 1425; baseline 0.002 -19"><span class='ocrx_word' id='word_1_93' title='bbox 146 1342 252 1406; x_wconf 91' lang='lat' dir='ltr'><strong>munis</strong></span> <span class='ocrx_word' id='word_1_94' title='bbox 281 1342 337 1407; x_wconf 85' lang='lat' dir='ltr'><strong>lex</strong></span> <span class='ocrx_word' id='word_1_95' title='bbox 367 1340 509 1407; x_wconf 92' lang='lat' dir='ltr'><strong>omnium</strong></span> <span class='ocrx_word' id='word_1_96' title='bbox 540 1340 800 1408; x_wconf 89' lang='lat' dir='ltr'><strong>christianorum.</strong></span> <span class='ocrx_word' id='word_1_97' title='bbox 853 1341 1021 1409; x_wconf 82' lang='lat' dir='ltr'><strong>Certitudo</strong></span> <span class='ocrx_word' id='word_1_98' title='bbox 1051 1342 1155 1421; x_wconf 90' lang='lat' dir='ltr'><strong>enirn,</strong></span> <span class='ocrx_word' id='word_1_99' title='bbox 1191 1364 1257 1425; x_wconf 89' lang='lat' dir='ltr'><strong>qua</strong></span> <span class='ocrx_word' id='word_1_100' title='bbox 1286 1343 1474 1425; x_wconf 83' lang='lat' dir='ltr'><strong>obligamur</strong></span> 
     </span>
     <span class='ocr_line' id='line_1_13' title="bbox 147 1429 1472 1516; baseline 0 -20"><span class='ocrx_word' id='word_1_101' title='bbox 147 1451 258 1496; x_wconf 91' lang='lat' dir='ltr'><strong>omnes</strong></span> <span class='ocrx_word' id='word_1_102' title='bbox 281 1432 323 1496; x_wconf 92' lang='lat' dir='ltr'><strong>ad</strong></span> <span class='ocrx_word' id='word_1_103' title='bbox 347 1429 601 1508; x_wconf 88' lang='lat' dir='ltr'><strong>confessionem,</strong></span> <span class='ocrx_word' id='word_1_104' title='bbox 632 1433 684 1495; x_wconf 88' lang='lat' dir='ltr'><strong>est</strong></span> <span class='ocrx_word' id='word_1_105' title='bbox 706 1430 875 1508; x_wconf 87' lang='lat' dir='ltr'><strong>absoluta,</strong></span> <span class='ocrx_word' id='word_1_106' title='bbox 905 1430 1004 1497; x_wconf 91' lang='lat' dir='ltr'><strong>immo</strong></span> <span class='ocrx_word' id='word_1_107' title='bbox 1034 1452 1152 1498; x_wconf 89' lang='lat' dir='ltr'><strong>censeo</strong></span> <span class='ocrx_word' id='word_1_108' title='bbox 1182 1432 1246 1498; x_wconf 90' lang='lat' dir='ltr'><strong>dici</strong></span> <span class='ocrx_word' id='word_1_109' title='bbox 1274 1452 1372 1516; x_wconf 91' lang='lat' dir='ltr'><strong>posse</strong></span> <span class='ocrx_word' id='word_1_110' title='bbox 1397 1453 1472 1498; x_wconf 89' lang='lat' dir='ltr'><strong>eam</strong></span> 
     </span>
     <span class='ocr_line' id='line_1_14' title="bbox 147 1518 1472 1604; baseline 0.001 -19"><span class='ocrx_word' id='word_1_111' title='bbox 147 1539 219 1585; x_wconf 89' lang='lat' dir='ltr'><strong>esse</strong></span> <span class='ocrx_word' id='word_1_112' title='bbox 242 1519 306 1585; x_wconf 91' lang='lat' dir='ltr'><strong>fide</strong></span> <span class='ocrx_word' id='word_1_113' title='bbox 328 1520 440 1585; x_wconf 92' lang='lat' dir='ltr'><strong>divina</strong></span> <span class='ocrx_word' id='word_1_114' title='bbox 457 1523 598 1595; x_wconf 89' lang='lat' dir='ltr'><strong>certam;</strong></span> <span class='ocrx_word' id='word_1_115' title='bbox 623 1518 786 1585; x_wconf 89' lang='lat' dir='ltr'><strong>certitudo</strong></span> <span class='ocrx_word' id='word_1_116' title='bbox 803 1524 913 1586; x_wconf 90' lang='lat' dir='ltr'><strong>autem</strong></span> <span class='ocrx_word' id='word_1_117' title='bbox 936 1519 1142 1604; x_wconf 87' lang='lat' dir='ltr'><strong>recipiendae</strong></span> <span class='ocrx_word' id='word_1_118' title='bbox 1158 1541 1237 1587; x_wconf 91' lang='lat' dir='ltr'><strong>vere</strong></span> <span class='ocrx_word' id='word_1_119' title='bbox 1253 1520 1472 1588; x_wconf 85' lang='lat' dir='ltr'><strong>absolutionis</strong></span> 
     </span>
     <span class='ocr_line' id='line_1_15' title="bbox 147 1606 1474 1687; baseline 0.002 -14"><span class='ocrx_word' id='word_1_120' title='bbox 147 1608 396 1673; x_wconf 88' lang='lat' dir='ltr'><strong>sacramentalis</strong></span> <span class='ocrx_word' id='word_1_121' title='bbox 419 1628 483 1673; x_wconf 94' lang='lat' dir='ltr'><strong>non</strong></span> <span class='ocrx_word' id='word_1_122' title='bbox 507 1612 559 1674; x_wconf 89' lang='lat' dir='ltr'><strong>est</strong></span> <span class='ocrx_word' id='word_1_123' title='bbox 582 1606 645 1672; x_wconf 91' lang='lat' dir='ltr'><strong>nisi</strong></span> <span class='ocrx_word' id='word_1_124' title='bbox 667 1608 736 1673; x_wconf 91' lang='lat' dir='ltr'><strong>lato</strong></span> <span class='ocrx_word' id='word_1_125' title='bbox 759 1629 857 1673; x_wconf 89' lang='lat' dir='ltr'><strong>sensu</strong></span> <span class='ocrx_word' id='word_1_126' title='bbox 880 1608 1023 1676; x_wconf 89' lang='lat' dir='ltr'><strong>moralis.</strong></span> <span class='ocrx_word' id='word_1_127' title='bbox 1069 1609 1174 1687; x_wconf 87' lang='lat' dir='ltr'><strong>Nam,</strong></span> <span class='ocrx_word' id='word_1_128' title='bbox 1197 1614 1235 1677; x_wconf 92' lang='lat' dir='ltr'><strong>ut</strong></span> <span class='ocrx_word' id='word_1_129' title='bbox 1258 1610 1298 1675; x_wconf 92' lang='lat' dir='ltr'><strong>de</strong></span> <span class='ocrx_word' id='word_1_130' title='bbox 1322 1610 1398 1676; x_wconf 90' lang='lat' dir='ltr'><strong>aliis</strong></span> <span class='ocrx_word' id='word_1_131' title='bbox 1420 1614 1474 1676; x_wconf 90' lang='lat' dir='ltr'><strong>ta·</strong></span> 
     </span>
     <span class='ocr_line' id='line_1_16' title="bbox 148 1696 1474 1782; baseline 0.002 -20"><span class='ocrx_word' id='word_1_132' title='bbox 148 1718 255 1773; x_wconf 89' lang='lat' dir='ltr'><strong>ceam,</strong></span> <span class='ocrx_word' id='word_1_133' title='bbox 286 1698 443 1763; x_wconf 81' lang='lat' dir='ltr'><strong>avalone</strong></span> <span class='ocrx_word' id='word_1_134' title='bbox 473 1696 537 1762; x_wconf 91' lang='lat' dir='ltr'><strong>mei</strong></span> <span class='ocrx_word' id='word_1_135' title='bbox 560 1696 713 1780; x_wconf 89' lang='lat' dir='ltr'><strong>baptismi</strong></span> <span class='ocrx_word' id='word_1_136' title='bbox 744 1701 778 1763; x_wconf 88' lang='lat' dir='ltr'><strong>et</strong></span> <span class='ocrx_word' id='word_1_137' title='bbox 801 1718 822 1762; x_wconf 90' lang='lat' dir='ltr'><strong>a</strong></span> <span class='ocrx_word' id='word_1_138' title='bbox 845 1698 958 1763; x_wconf 91' lang='lat' dir='ltr'><strong>valore</strong></span> <span class='ocrx_word' id='word_1_139' title='bbox 982 1698 1104 1764; x_wconf 87' lang='lat' dir='ltr'><strong>ordinis</strong></span> <span class='ocrx_word' id='word_1_140' title='bbox 1133 1698 1371 1782; x_wconf 86' lang='lat' dir='ltr'><strong>presbyteralis</strong></span> <span class='ocrx_word' id='word_1_141' title='bbox 1395 1720 1474 1765; x_wconf 89' lang='lat' dir='ltr'><strong>con·</strong></span> 
     </span>
     <span class='ocr_line' id='line_1_17' title="bbox 147 1785 1474 1873; baseline 0.002 -21"><span class='ocrx_word' id='word_1_142' title='bbox 147 1785 276 1852; x_wconf 85' lang='lat' dir='ltr'><strong>fossarii</strong></span> <span class='ocrx_word' id='word_1_143' title='bbox 301 1785 380 1864; x_wconf 88' lang='lat' dir='ltr'><strong>eius,</strong></span> <span class='ocrx_word' id='word_1_144' title='bbox 405 1785 459 1868; x_wconf 91' lang='lat' dir='ltr'><strong>qui</strong></span> <span class='ocrx_word' id='word_1_145' title='bbox 475 1807 527 1850; x_wconf 90' lang='lat' dir='ltr'><strong>me</strong></span> <span class='ocrx_word' id='word_1_146' title='bbox 543 1785 694 1864; x_wconf 87' lang='lat' dir='ltr'><strong>absolvit,</strong></span> <span class='ocrx_word' id='word_1_147' title='bbox 718 1785 840 1870; x_wconf 91' lang='lat' dir='ltr'><strong>pendet</strong></span> <span class='ocrx_word' id='word_1_148' title='bbox 854 1786 949 1852; x_wconf 90' lang='lat' dir='ltr'><strong>valor</strong></span> <span class='ocrx_word' id='word_1_149' title='bbox 964 1787 1179 1854; x_wconf 86' lang='lat' dir='ltr'><strong>absolutionis</strong></span> <span class='ocrx_word' id='word_1_150' title='bbox 1197 1809 1217 1854; x_wconf 91' lang='lat' dir='ltr'><strong>a</strong></span> <span class='ocrx_word' id='word_1_151' title='bbox 1232 1808 1284 1854; x_wconf 90' lang='lat' dir='ltr'><strong>me</strong></span> <span class='ocrx_word' id='word_1_152' title='bbox 1300 1792 1474 1873; x_wconf 88' lang='lat' dir='ltr'><strong>receptae;</strong></span> 
     </span>
     <span class='ocr_line' id='line_1_18' title="bbox 148 1874 1475 1959; baseline 0.002 -20"><span class='ocrx_word' id='word_1_153' title='bbox 148 1896 262 1941; x_wconf 90' lang='lat' dir='ltr'><strong>verum</strong></span> <span class='ocrx_word' id='word_1_154' title='bbox 285 1876 380 1941; x_wconf 87' lang='lat' dir='ltr'><strong>valor</strong></span> <span class='ocrx_word' id='word_1_155' title='bbox 409 1874 473 1940; x_wconf 90' lang='lat' dir='ltr'><strong>mei</strong></span> <span class='ocrx_word' id='word_1_156' title='bbox 495 1874 650 1959; x_wconf 90' lang='lat' dir='ltr'><strong>baptismi</strong></span> <span class='ocrx_word' id='word_1_157' title='bbox 680 1877 715 1939; x_wconf 91' lang='lat' dir='ltr'><strong>et</strong></span> <span class='ocrx_word' id='word_1_158' title='bbox 737 1874 831 1942; x_wconf 92' lang='lat' dir='ltr'><strong>valor</strong></span> <span class='ocrx_word' id='word_1_159' title='bbox 860 1875 1074 1942; x_wconf 87' lang='lat' dir='ltr'><strong>ordinationis</strong></span> <span class='ocrx_word' id='word_1_160' title='bbox 1103 1876 1167 1942; x_wconf 90' lang='lat' dir='ltr'><strong>mei</strong></span> <span class='ocrx_word' id='word_1_161' title='bbox 1191 1876 1385 1943; x_wconf 88' lang='lat' dir='ltr'><strong>confessarii</strong></span> <span class='ocrx_word' id='word_1_162' title='bbox 1408 1898 1475 1943; x_wconf 91' lang='lat' dir='ltr'><strong>non</strong></span> 
     </span>
     <span class='ocr_line' id='line_1_19' title="bbox 148 1963 1476 2039; baseline 0.002 -10"><span class='ocrx_word' id='word_1_163' title='bbox 148 1969 226 2031; x_wconf 89' lang='lat' dir='ltr'><strong>sunt</strong></span> <span class='ocrx_word' id='word_1_164' title='bbox 248 1965 408 2039; x_wconf 88' lang='lat' dir='ltr'><strong>absolute,</strong></span> <span class='ocrx_word' id='word_1_165' title='bbox 432 1963 539 2030; x_wconf 88' lang='lat' dir='ltr'><strong>minus</strong></span> <span class='ocrx_word' id='word_1_166' title='bbox 563 1963 663 2029; x_wconf 91' lang='lat' dir='ltr'><strong>etiam</strong></span> <span class='ocrx_word' id='word_1_167' title='bbox 686 1963 750 2029; x_wconf 88' lang='lat' dir='ltr'><strong>fide</strong></span> <span class='ocrx_word' id='word_1_168' title='bbox 773 1963 885 2030; x_wconf 86' lang='lat' dir='ltr'><strong>divina</strong></span> <span class='ocrx_word' id='word_1_169' title='bbox 908 1964 1000 2034; x_wconf 83' lang='lat' dir='ltr'><strong>certi.</strong></span> <span class='ocrx_word' id='word_1_170' title='bbox 1024 1966 1082 2031; x_wconf 89' lang='lat' dir='ltr'><strong>sed</strong></span> <span class='ocrx_word' id='word_1_171' title='bbox 1097 1965 1180 2031; x_wconf 90' lang='lat' dir='ltr'><strong>certi</strong></span> <span class='ocrx_word' id='word_1_172' title='bbox 1203 1970 1280 2032; x_wconf 89' lang='lat' dir='ltr'><strong>sunt</strong></span> <span class='ocrx_word' id='word_1_173' title='bbox 1302 1966 1476 2033; x_wconf 86' lang='lat' dir='ltr'><strong>moraliter</strong></span> 
     </span>
     <span class='ocr_line' id='line_1_20' title="bbox 148 2051 1474 2139; baseline 0.002 -19"><span class='ocrx_word' id='word_1_174' title='bbox 148 2056 278 2120; x_wconf 88' lang='lat' dir='ltr'><strong>tantum</strong></span> <span class='ocrx_word' id='word_1_175' title='bbox 302 2056 402 2137; x_wconf 89' lang='lat' dir='ltr'><strong>atque</strong></span> <span class='ocrx_word' id='word_1_176' title='bbox 426 2074 467 2118; x_wconf 87' lang='lat' dir='ltr'><strong>ne</strong></span> <span class='ocrx_word' id='word_1_177' title='bbox 489 2052 522 2118; x_wconf 92' lang='lat' dir='ltr'><strong>id</strong></span> <span class='ocrx_word' id='word_1_178' title='bbox 539 2051 668 2135; x_wconf 93' lang='lat' dir='ltr'><strong>quidem</strong></span> <span class='ocrx_word' id='word_1_179' title='bbox 684 2073 782 2118; x_wconf 88' lang='lat' dir='ltr'><strong>sensu</strong></span> <span class='ocrx_word' id='word_1_180' title='bbox 798 2053 924 2120; x_wconf 90' lang='lat' dir='ltr'><strong>stricto.</strong></span> <span class='ocrx_word' id='word_1_181' title='bbox 957 2053 1005 2120; x_wconf 86' lang='lat' dir='ltr'><strong>Cf.</strong></span> <span class='ocrx_word' id='word_1_182' title='bbox 1027 2054 1200 2134; x_wconf 80' lang='lat' dir='ltr'><strong>ra.m.11,</strong></span> <span class='ocrx_word' id='word_1_183' title='bbox 1225 2056 1290 2122; x_wconf 82' lang='lat'><strong>320</strong></span> <span class='ocrx_word' id='word_1_184' title='bbox 1306 2076 1379 2139; x_wconf 90' lang='lat' dir='ltr'><strong>sqq.</strong></span> <span class='ocrx_word' id='word_1_185' title='bbox 1397 2057 1474 2122; x_wconf 81' lang='lat'><strong>752.</strong></span> 
     </span>
    </p>
   </div>
   <div class='ocr_carea' id='block_1_3' title="bbox 86 2158 1477 2511">
    <p class='ocr_par' dir='ltr' id='par_1_4' title="bbox 86 2158 1477 2511">
     <span class='ocr_line' id='line_1_21' title="bbox 86 2158 1477 2244; baseline -0.001 -16"><span class='ocrx_word' id='word_1_186' title='bbox 86 2175 135 2229; x_wconf 82' lang='lat'><strong>291</strong></span> <span class='ocrx_word' id='word_1_187' title='bbox 238 2160 277 2226; x_wconf 81' lang='lat' dir='ltr'><strong>R.</strong></span> <span class='ocrx_word' id='word_1_188' title='bbox 302 2163 331 2226; x_wconf 89' lang='lat'><strong>3.</strong></span> <span class='ocrx_word' id='word_1_189' title='bbox 379 2158 489 2242; x_wconf 83' lang='lat' dir='ltr'><strong>Aliqui</strong></span> <span class='ocrx_word' id='word_1_190' title='bbox 513 2158 745 2241; x_wconf 84' lang='lat' dir='ltr'><strong>obligationem</strong></span> <span class='ocrx_word' id='word_1_191' title='bbox 769 2159 943 2225; x_wconf 88' lang='lat' dir='ltr'><strong>confitendi</strong></span> <span class='ocrx_word' id='word_1_192' title='bbox 968 2160 1001 2224; x_wconf 92' lang='lat' dir='ltr'><strong>in</strong></span> <span class='ocrx_word' id='word_1_193' title='bbox 1024 2180 1103 2225; x_wconf 91' lang='lat' dir='ltr'><strong>casu</strong></span> <span class='ocrx_word' id='word_1_194' title='bbox 1133 2160 1219 2225; x_wconf 89' lang='lat' dir='ltr'><strong>dubii</strong></span> <span class='ocrx_word' id='word_1_195' title='bbox 1243 2160 1400 2244; x_wconf 89' lang='lat' dir='ltr'><strong>baptismi</strong></span> <span class='ocrx_word' id='word_1_196' title='bbox 1423 2182 1477 2227; x_wconf 89' lang='lat' dir='ltr'><strong>re·</strong></span> 
     </span>
     <span class='ocr_line' id='line_1_22' title="bbox 149 2247 1476 2333; baseline 0.002 -19"><span class='ocrx_word' id='word_1_197' title='bbox 149 2254 261 2333; x_wconf 92' lang='lat' dir='ltr'><strong>petere</strong></span> <span class='ocrx_word' id='word_1_198' title='bbox 291 2249 406 2315; x_wconf 88' lang='lat' dir='ltr'><strong>volunt</strong></span> <span class='ocrx_word' id='word_1_199' title='bbox 435 2270 477 2313; x_wconf 87' lang='lat' dir='ltr'><strong>ex</strong></span> <span class='ocrx_word' id='word_1_200' title='bbox 508 2269 546 2314; x_wconf 90' lang='lat' dir='ltr'><strong>eo</strong></span> <span class='ocrx_word' id='word_1_201' title='bbox 571 2247 655 2330; x_wconf 91' lang='lat' dir='ltr'><strong>quod</strong></span> <span class='ocrx_word' id='word_1_202' title='bbox 680 2247 840 2315; x_wconf 88' lang='lat' dir='ltr'><strong>confessio</strong></span> <span class='ocrx_word' id='word_1_203' title='bbox 863 2248 908 2313; x_wconf 88' lang='lat' dir='ltr'><strong>sit</strong></span> <span class='ocrx_word' id='word_1_204' title='bbox 930 2248 1071 2314; x_wconf 91' lang='lat' dir='ltr'><strong>medium</strong></span> <span class='ocrx_word' id='word_1_205' title='bbox 1094 2248 1212 2315; x_wconf 88' lang='lat' dir='ltr'><strong>salutis</strong></span> <span class='ocrx_word' id='word_1_206' title='bbox 1235 2250 1476 2327; x_wconf 80' lang='lat' dir='ltr'><strong>necessarium3</strong></span> 
     </span>
     <span class='ocr_line' id='line_1_23' title="bbox 124 2336 1477 2421; baseline 0 -16"><span class='ocrx_word' id='word_1_207' title='bbox 124 2339 209 2407; x_wconf 73' lang='lat' dir='ltr'><strong>,hoc</strong></span> <span class='ocrx_word' id='word_1_208' title='bbox 233 2342 343 2404; x_wconf 89' lang='lat' dir='ltr'><strong>autem</strong></span> <span class='ocrx_word' id='word_1_209' title='bbox 368 2338 417 2403; x_wconf 92' lang='lat' dir='ltr'><strong>uti</strong></span> <span class='ocrx_word' id='word_1_210' title='bbox 440 2338 558 2402; x_wconf 89' lang='lat' dir='ltr'><strong>debere</strong></span> <span class='ocrx_word' id='word_1_211' title='bbox 582 2336 759 2419; x_wconf 88' lang='lat' dir='ltr'><strong>quemlibet</strong></span> <span class='ocrx_word' id='word_1_212' title='bbox 782 2336 815 2401; x_wconf 93' lang='lat' dir='ltr'><strong>in</strong></span> <span class='ocrx_word' id='word_1_213' title='bbox 838 2357 917 2402; x_wconf 88' lang='lat' dir='ltr'><strong>casu</strong></span> <span class='ocrx_word' id='word_1_214' title='bbox 933 2337 1036 2403; x_wconf 89' lang='lat' dir='ltr'><strong>dubii:</strong></span> <span class='ocrx_word' id='word_1_215' title='bbox 1062 2358 1104 2403; x_wconf 89' lang='lat' dir='ltr'><strong>ex</strong></span> <span class='ocrx_word' id='word_1_216' title='bbox 1120 2359 1183 2421; x_wconf 91' lang='lat' dir='ltr'><strong>quo</strong></span> <span class='ocrx_word' id='word_1_217' title='bbox 1205 2338 1306 2404; x_wconf 89' lang='lat' dir='ltr'><strong>etiam</strong></span> <span class='ocrx_word' id='word_1_218' title='bbox 1322 2343 1477 2406; x_wconf 89' lang='lat' dir='ltr'><strong>statuunt</strong></span> 
     </span>
     <span class='ocr_line' id='line_1_24' title="bbox 149 2426 940 2511; baseline 0.003 -20"><span class='ocrx_word' id='word_1_219' title='bbox 149 2428 336 2510; x_wconf 83' lang='lat' dir='ltr'><strong>generalem</strong></span> <span class='ocrx_word' id='word_1_220' title='bbox 360 2427 467 2509; x_wconf 86' lang='lat' dir='ltr'><strong>legem</strong></span> <span class='ocrx_word' id='word_1_221' title='bbox 492 2426 659 2510; x_wconf 73' lang='lat' dir='ltr'><strong>confitendi</strong></span> <span class='ocrx_word' id='word_1_222' title='bbox 676 2434 808 2511; x_wconf 84' lang='lat' dir='ltr'><strong>peccota</strong></span> <span class='ocrx_word' id='word_1_223' title='bbox 832 2428 940 2493; x_wconf 79' lang='lat' dir='ltr'><strong>datin.</strong></span> 
     </span>
    </p>
   </div>
   <div class='ocr_carea' id='block_1_4' title="bbox 240 2519 1386 2604">
    <p class='ocr_par' dir='ltr' id='par_1_5' title="bbox 240 2519 1386 2604">
     <span class='ocr_line' id='line_1_25' title="bbox 240 2519 1386 2604; baseline 0.003 -20"><span class='ocrx_word' id='word_1_224' title='bbox 240 2519 303 2584; x_wconf 91' lang='lat' dir='ltr'><strong>Sed</strong></span> <span class='ocrx_word' id='word_1_225' title='bbox 326 2520 494 2604; x_wconf 88' lang='lat' dir='ltr'><strong>complura</strong></span> <span class='ocrx_word' id='word_1_226' title='bbox 516 2521 594 2583; x_wconf 91' lang='lat' dir='ltr'><strong>sunt</strong></span> <span class='ocrx_word' id='word_1_227' title='bbox 616 2539 700 2601; x_wconf 89' lang='lat' dir='ltr'><strong>quae</strong></span> <span class='ocrx_word' id='word_1_228' title='bbox 723 2519 756 2584; x_wconf 92' lang='lat' dir='ltr'><strong>in</strong></span> <span class='ocrx_word' id='word_1_229' title='bbox 779 2519 841 2585; x_wconf 90' lang='lat' dir='ltr'><strong>hac</strong></span> <span class='ocrx_word' id='word_1_230' title='bbox 865 2519 1083 2603; x_wconf 89' lang='lat' dir='ltr'><strong>explicatione</strong></span> <span class='ocrx_word' id='word_1_231' title='bbox 1106 2541 1171 2591; x_wconf 88' lang='lat' dir='ltr'><strong>non</strong></span> <span class='ocrx_word' id='word_1_232' title='bbox 1193 2521 1386 2603; x_wconf 90' lang='lat' dir='ltr'><strong>probantur.</strong></span> 
     </span>
    </p>
   </div>
   <div class='ocr_carea' id='block_1_5' title="bbox 149 2615 1479 3414">
    <p class='ocr_par' dir='ltr' id='par_1_6' title="bbox 149 2615 1479 3414">
     <span class='ocr_line' id='line_1_26' title="bbox 238 2615 1479 2705; baseline 0.003 -24"><span class='ocrx_word' id='word_1_233' title='bbox 238 2615 325 2682; x_wconf 89' lang='lat' dir='ltr'><strong>Nam</strong></span> <span class='ocrx_word' id='word_1_234' title='bbox 344 2620 374 2683; x_wconf 84' lang='grc' dir='ltr'><strong>1ο</strong></span> <span class='ocrx_word' id='word_1_235' title='bbox 397 2638 436 2683; x_wconf 92' lang='lat' dir='ltr'><strong>ea</strong></span> <span class='ocrx_word' id='word_1_236' title='bbox 459 2615 587 2683; x_wconf 91' lang='lat' dir='ltr'><strong>ratione</strong></span> <span class='ocrx_word' id='word_1_237' title='bbox 610 2637 675 2681; x_wconf 91' lang='lat' dir='ltr'><strong>non</strong></span> <span class='ocrx_word' id='word_1_238' title='bbox 698 2617 855 2700; x_wconf 90' lang='lat' dir='ltr'><strong>probatur</strong></span> <span class='ocrx_word' id='word_1_239' title='bbox 878 2618 1059 2684; x_wconf 88' lang='lat' dir='ltr'><strong>necessitas</strong></span> <span class='ocrx_word' id='word_1_240' title='bbox 1081 2617 1295 2684; x_wconf 86' lang='lat' dir='ltr'><strong>confessionis</strong></span> <span class='ocrx_word' id='word_1_241' title='bbox 1312 2622 1479 2705; x_wconf 60' lang='lat' dir='ltr'><strong>integrae,-</strong></span> 
     </span>
     <span class='ocr_line' id='line_1_27' title="bbox 151 2705 1478 2791; baseline 0.002 -20"><span class='ocrx_word' id='word_1_242' title='bbox 151 2709 182 2770; x_wconf 78' lang='lat'><strong>2⁰</strong></span> <span class='ocrx_word' id='word_1_243' title='bbox 206 2705 336 2771; x_wconf 90' lang='lat' dir='ltr'><strong>aliunde</strong></span> <span class='ocrx_word' id='word_1_244' title='bbox 352 2706 496 2791; x_wconf 89' lang='lat' dir='ltr'><strong>practice</strong></span> <span class='ocrx_word' id='word_1_245' title='bbox 520 2709 644 2772; x_wconf 87' lang='lat' dir='ltr'><strong>certum</strong></span> <span class='ocrx_word' id='word_1_246' title='bbox 669 2710 720 2772; x_wconf 89' lang='lat' dir='ltr'><strong>est</strong></span> <span class='ocrx_word' id='word_1_247' title='bbox 744 2727 807 2771; x_wconf 92' lang='lat' dir='ltr'><strong>non</strong></span> <span class='ocrx_word' id='word_1_248' title='bbox 832 2707 993 2772; x_wconf 85' lang='lat' dir='ltr'><strong>exsistere</strong></span> <span class='ocrx_word' id='word_1_249' title='bbox 1009 2706 1242 2789; x_wconf 84' lang='lat' dir='ltr'><strong>obligationem</strong></span> <span class='ocrx_word' id='word_1_250' title='bbox 1259 2707 1478 2774; x_wconf 83' lang='lat' dir='ltr'><strong>confessionis</strong></span> 
     </span>
     <span class='ocr_line' id='line_1_28' title="bbox 150 2794 1478 2879; baseline 0.002 -19"><span class='ocrx_word' id='word_1_251' title='bbox 150 2799 358 2879; x_wconf 87' lang='lat' dir='ltr'><strong>peccatorum</strong></span> <span class='ocrx_word' id='word_1_252' title='bbox 383 2795 569 2871; x_wconf 92' lang='lat' dir='ltr'><strong>dubiorum,</strong></span> <span class='ocrx_word' id='word_1_253' title='bbox 601 2794 621 2860; x_wconf 94' lang='lat' dir='ltr'><strong>i.</strong></span> <span class='ocrx_word' id='word_1_254' title='bbox 647 2815 674 2860; x_wconf 90' lang='lat' dir='ltr'><strong>e.</strong></span> <span class='ocrx_word' id='word_1_255' title='bbox 699 2795 739 2859; x_wconf 93' lang='lat' dir='ltr'><strong>de</strong></span> <span class='ocrx_word' id='word_1_256' title='bbox 763 2795 879 2876; x_wconf 91' lang='lat' dir='ltr'><strong>quibus</strong></span> <span class='ocrx_word' id='word_1_257' title='bbox 903 2795 1033 2861; x_wconf 91' lang='lat' dir='ltr'><strong>dubium</strong></span> <span class='ocrx_word' id='word_1_258' title='bbox 1057 2800 1109 2861; x_wconf 91' lang='lat' dir='ltr'><strong>est</strong></span> <span class='ocrx_word' id='word_1_259' title='bbox 1132 2817 1208 2861; x_wconf 90' lang='lat' dir='ltr'><strong>num</strong></span> <span class='ocrx_word' id='word_1_260' title='bbox 1238 2795 1362 2863; x_wconf 87' lang='lat' dir='ltr'><strong>fuerint</strong></span> <span class='ocrx_word' id='word_1_261' title='bbox 1386 2819 1478 2864; x_wconf 89' lang='lat' dir='ltr'><strong>com-</strong></span> 
     </span>
     <span class='ocr_line' id='line_1_29' title="bbox 149 2883 1478 2967; baseline 0.003 -18"><span class='ocrx_word' id='word_1_262' title='bbox 149 2884 251 2950; x_wconf 90' lang='lat' dir='ltr'><strong>missa</strong></span> <span class='ocrx_word' id='word_1_263' title='bbox 266 2884 317 2950; x_wconf 88' lang='lat' dir='ltr'><strong>vel</strong></span> <span class='ocrx_word' id='word_1_264' title='bbox 342 2906 413 2950; x_wconf 91' lang='lat' dir='ltr'><strong>cum</strong></span> <span class='ocrx_word' id='word_1_265' title='bbox 432 2884 562 2950; x_wconf 89' lang='lat' dir='ltr'><strong>mortali</strong></span> <span class='ocrx_word' id='word_1_266' title='bbox 578 2884 674 2967; x_wconf 89' lang='lat' dir='ltr'><strong>culpa</strong></span> <span class='ocrx_word' id='word_1_267' title='bbox 690 2883 872 2950; x_wconf 88' lang='lat' dir='ltr'><strong>commissa.</strong></span> <span class='ocrx_word' id='word_1_268' title='bbox 904 2884 953 2949; x_wconf 92' lang='lat' dir='ltr'><strong>De</strong></span> <span class='ocrx_word' id='word_1_269' title='bbox 970 2906 1035 2967; x_wconf 89' lang='lat' dir='ltr'><strong>qua</strong></span> <span class='ocrx_word' id='word_1_270' title='bbox 1050 2906 1086 2950; x_wconf 89' lang='lat' dir='ltr'><strong>re</strong></span> <span class='ocrx_word' id='word_1_271' title='bbox 1101 2884 1188 2950; x_wconf 89' lang='lat' dir='ltr'><strong>infra</strong></span> <span class='ocrx_word' id='word_1_272' title='bbox 1203 2884 1326 2961; x_wconf 86' lang='lat' dir='ltr'><strong>fusius;</strong></span> <span class='ocrx_word' id='word_1_273' title='bbox 1351 2887 1478 2953; x_wconf 83' lang='lat' dir='ltr'><strong>sufficit</strong></span> 
     </span>
     <span class='ocr_line' id='line_1_30' title="bbox 149 2972 1477 3058; baseline 0.002 -20"><span class='ocrx_word' id='word_1_274' title='bbox 149 2974 202 3039; x_wconf 91' lang='lat' dir='ltr'><strong>hio</strong></span> <span class='ocrx_word' id='word_1_275' title='bbox 233 2973 386 3039; x_wconf 88' lang='lat' dir='ltr'><strong>laudasse</strong></span> <span class='ocrx_word' id='word_1_276' title='bbox 416 2973 448 3039; x_wconf 88' lang='lat' dir='ltr'><strong>S.</strong></span> <span class='ocrx_word' id='word_1_277' title='bbox 478 2972 602 3057; x_wconf 84' lang='lat' dir='ltr'><strong>Alph.</strong></span> <span class='ocrx_word' id='word_1_278' title='bbox 634 2972 697 3049; x_wconf 87' lang='lat' dir='ltr'><strong>VI,</strong></span> <span class='ocrx_word' id='word_1_279' title='bbox 733 2974 797 3037; x_wconf 83' lang='lat'><strong>472</strong></span> <span class='ocrx_word' id='word_1_280' title='bbox 825 2994 895 3056; x_wconf 90' lang='lat' dir='ltr'><strong>sqq.</strong></span> <span class='ocrx_word' id='word_1_281' title='bbox 950 2976 981 3038; x_wconf 75' lang='grc' dir='ltr'><strong>3ο</strong></span> <span class='ocrx_word' id='word_1_282' title='bbox 1015 2973 1146 3040; x_wconf 88' lang='lat' dir='ltr'><strong>etiamsi</strong></span> <span class='ocrx_word' id='word_1_283' title='bbox 1179 2974 1261 3040; x_wconf 89' lang='lat' dir='ltr'><strong>haec</strong></span> <span class='ocrx_word' id='word_1_284' title='bbox 1296 2975 1477 3058; x_wconf 83' lang='lat' dir='ltr'><strong>explicatio</strong></span> 
     </span>
     <span class='ocr_line' id='line_1_31' title="bbox 150 3062 1478 3147; baseline 0.003 -21"><span class='ocrx_word' id='word_1_285' title='bbox 150 3084 230 3128; x_wconf 91' lang='lat' dir='ltr'><strong>vera</strong></span> <span class='ocrx_word' id='word_1_286' title='bbox 253 3067 351 3138; x_wconf 88' lang='lat' dir='ltr'><strong>esset,</strong></span> <span class='ocrx_word' id='word_1_287' title='bbox 376 3066 463 3128; x_wconf 88' lang='lat' dir='ltr'><strong>esset</strong></span> <span class='ocrx_word' id='word_1_288' title='bbox 486 3064 545 3127; x_wconf 87' lang='lat' dir='ltr'><strong>soli</strong></span> <span class='ocrx_word' id='word_1_289' title='bbox 568 3063 759 3145; x_wconf 81' lang='lat' dir='ltr'><strong>confessioni</strong></span> <span class='ocrx_word' id='word_1_290' title='bbox 780 3062 929 3146; x_wconf 75' lang='lat' dir='ltr'><strong>propria,</strong></span> <span class='ocrx_word' id='word_1_291' title='bbox 954 3066 1069 3128; x_wconf 90' lang='lat' dir='ltr'><strong>nostra</strong></span> <span class='ocrx_word' id='word_1_292' title='bbox 1091 3084 1171 3129; x_wconf 87' lang='lat' dir='ltr'><strong>vero</strong></span> <span class='ocrx_word' id='word_1_293' title='bbox 1195 3063 1372 3147; x_wconf 82' lang='lat' dir='ltr'><strong>explicatio</strong></span> <span class='ocrx_word' id='word_1_294' title='bbox 1397 3086 1478 3130; x_wconf 89' lang='lat' dir='ltr'><strong>mox</strong></span> 
     </span>
     <span class='ocr_line' id='line_1_32' title="bbox 150 3149 1478 3234; baseline 0.002 -18"><span class='ocrx_word' id='word_1_295' title='bbox 150 3153 229 3218; x_wconf 90' lang='lat' dir='ltr'><strong>data</strong></span> <span class='ocrx_word' id='word_1_296' title='bbox 252 3151 467 3217; x_wconf 89' lang='lat' dir='ltr'><strong>universalior</strong></span> <span class='ocrx_word' id='word_1_297' title='bbox 490 3154 542 3216; x_wconf 91' lang='lat' dir='ltr'><strong>est</strong></span> <span class='ocrx_word' id='word_1_298' title='bbox 565 3156 599 3217; x_wconf 91' lang='lat' dir='ltr'><strong>et</strong></span> <span class='ocrx_word' id='word_1_299' title='bbox 622 3150 663 3215; x_wconf 91' lang='lat' dir='ltr'><strong>ad</strong></span> <span class='ocrx_word' id='word_1_300' title='bbox 689 3149 905 3216; x_wconf 89' lang='lat' dir='ltr'><strong>omnimodam</strong></span> <span class='ocrx_word' id='word_1_301' title='bbox 930 3172 1010 3234; x_wconf 88' lang='lat' dir='ltr'><strong>erga</strong></span> <span class='ocrx_word' id='word_1_302' title='bbox 1033 3151 1215 3218; x_wconf 83' lang='lat' dir='ltr'><strong>Ecclesiam</strong></span> <span class='ocrx_word' id='word_1_303' title='bbox 1238 3153 1478 3219; x_wconf 89' lang='lat' dir='ltr'><strong>subiectionem</strong></span> 
     </span>
     <span class='ocr_line' id='line_1_33' title="bbox 150 3239 1477 3327; baseline 0.002 -21"><span class='ocrx_word' id='word_1_304' title='bbox 150 3262 222 3306; x_wconf 91' lang='lat' dir='ltr'><strong>sese</strong></span> <span class='ocrx_word' id='word_1_305' title='bbox 246 3241 412 3318; x_wconf 83' lang='lat' dir='ltr'><strong>extendit,</strong></span> <span class='ocrx_word' id='word_1_306' title='bbox 443 3239 579 3324; x_wconf 91' lang='lat' dir='ltr'><strong>proinde</strong></span> <span class='ocrx_word' id='word_1_307' title='bbox 603 3261 646 3304; x_wconf 87' lang='lat' dir='ltr'><strong>ex</strong></span> <span class='ocrx_word' id='word_1_308' title='bbox 674 3239 736 3304; x_wconf 91' lang='lat' dir='ltr'><strong>hac</strong></span> <span class='ocrx_word' id='word_1_309' title='bbox 766 3241 837 3305; x_wconf 90' lang='lat' dir='ltr'><strong>sola</strong></span> <span class='ocrx_word' id='word_1_310' title='bbox 867 3241 995 3306; x_wconf 87' lang='lat' dir='ltr'><strong>ratione</strong></span> <span class='ocrx_word' id='word_1_311' title='bbox 1018 3240 1116 3308; x_wconf 90' lang='lat' dir='ltr'><strong>debet</strong></span> <span class='ocrx_word' id='word_1_312' title='bbox 1146 3262 1218 3307; x_wconf 91' lang='lat' dir='ltr'><strong>esse</strong></span> <span class='ocrx_word' id='word_1_313' title='bbox 1241 3241 1360 3309; x_wconf 88' lang='lat' dir='ltr'><strong>saltem</strong></span> <span class='ocrx_word' id='word_1_314' title='bbox 1385 3241 1477 3327; x_wconf 89' lang='lat' dir='ltr'><strong>prin-</strong></span> 
     </span>
     <span class='ocr_line' id='line_1_34' title="bbox 150 3329 273 3414; baseline 0.008 -19"><span class='ocrx_word' id='word_1_315' title='bbox 150 3329 273 3414; x_wconf 87' lang='lat' dir='ltr'><strong>cipalis.</strong></span> 
     </span>
    </p>
   </div>
   <div class='ocr_carea' id='block_1_6' title="bbox 88 3450 1477 4337">
    <p class='ocr_par' dir='ltr' id='par_1_7' title="bbox 88 3450 1477 4337">
     <span class='ocr_line' id='line_1_35' title="bbox 88 3450 1477 3531; baseline -0.004 -7"><span class='ocrx_word' id='word_1_316' title='bbox 88 3470 140 3523; x_wconf 82' lang='lat'><strong>292</strong></span> <span class='ocrx_word' id='word_1_317' title='bbox 240 3454 292 3519; x_wconf 82' lang='lat' dir='ltr'><strong>An</strong></span> <span class='ocrx_word' id='word_1_318' title='bbox 316 3473 506 3528; x_wconf 76' lang='lat' dir='ltr'><strong>ouansrrcn</strong></span> <span class='ocrx_word' id='word_1_319' title='bbox 530 3455 570 3517; x_wconf 83' lang='lat'><strong>3¹¹¹</strong></span> <span class='ocrx_word' id='word_1_320' title='bbox 592 3452 630 3519; x_wconf 88' lang='lat' dir='ltr'><strong>R.</strong></span> <span class='ocrx_word' id='word_1_321' title='bbox 657 3455 685 3519; x_wconf 91' lang='lat'><strong>1.</strong></span> <span class='ocrx_word' id='word_1_322' title='bbox 722 3450 891 3530; x_wconf 84' lang='lat' dir='ltr'><strong>Albertus,</strong></span> <span class='ocrx_word' id='word_1_323' title='bbox 916 3473 958 3518; x_wconf 86' lang='lat' dir='ltr'><strong>ex</strong></span> <span class='ocrx_word' id='word_1_324' title='bbox 981 3457 1072 3519; x_wconf 86' lang='lat' dir='ltr'><strong>secta</strong></span> <span class='ocrx_word' id='word_1_325' title='bbox 1095 3452 1312 3531; x_wconf 88' lang='lat' dir='ltr'><strong>rationalista,</strong></span> <span class='ocrx_word' id='word_1_326' title='bbox 1336 3475 1402 3519; x_wconf 93' lang='lat' dir='ltr'><strong>non</strong></span> <span class='ocrx_word' id='word_1_327' title='bbox 1426 3455 1477 3519; x_wconf 81' lang='lat' dir='ltr'><strong>vi·</strong></span> 
     </span>
     <span class='ocr_line' id='line_1_36' title="bbox 151 3541 1477 3626; baseline 0 -19"><span class='ocrx_word' id='word_1_328' title='bbox 151 3543 247 3609; x_wconf 87' lang='lat' dir='ltr'><strong>detur</strong></span> <span class='ocrx_word' id='word_1_329' title='bbox 269 3543 335 3607; x_wconf 92' lang='lat' dir='ltr'><strong>ullo</strong></span> <span class='ocrx_word' id='word_1_330' title='bbox 359 3541 454 3607; x_wconf 90' lang='lat' dir='ltr'><strong>modo</strong></span> <span class='ocrx_word' id='word_1_331' title='bbox 478 3541 665 3625; x_wconf 87' lang='lat' dir='ltr'><strong>baptizatus</strong></span> <span class='ocrx_word' id='word_1_332' title='bbox 694 3562 776 3606; x_wconf 88' lang='lat' dir='ltr'><strong>esse.</strong></span> <span class='ocrx_word' id='word_1_333' title='bbox 822 3541 908 3607; x_wconf 90' lang='lat' dir='ltr'><strong>Nam</strong></span> <span class='ocrx_word' id='word_1_334' title='bbox 940 3542 968 3606; x_wconf 91' lang='lat' dir='ltr'><strong>si</strong></span> <span class='ocrx_word' id='word_1_335' title='bbox 997 3546 1069 3608; x_wconf 90' lang='lat' dir='ltr'><strong>erat</strong></span> <span class='ocrx_word' id='word_1_336' title='bbox 1092 3563 1135 3607; x_wconf 87' lang='lat' dir='ltr'><strong>ex</strong></span> <span class='ocrx_word' id='word_1_337' title='bbox 1157 3563 1270 3608; x_wconf 91' lang='lat' dir='ltr'><strong>eorum</strong></span> <span class='ocrx_word' id='word_1_338' title='bbox 1293 3548 1390 3609; x_wconf 90' lang='lat' dir='ltr'><strong>coetu</strong></span> <span class='ocrx_word' id='word_1_339' title='bbox 1421 3544 1477 3626; x_wconf 90' lang='lat' dir='ltr'><strong>qui</strong></span> 
     </span>
     <span class='ocr_line' id='line_1_37' title="bbox 150 3630 1477 3714; baseline 0 -17"><span class='ocrx_word' id='word_1_340' title='bbox 150 3631 328 3697; x_wconf 90' lang='lat' dir='ltr'><strong>secundum</strong></span> <span class='ocrx_word' id='word_1_341' title='bbox 349 3631 448 3697; x_wconf 90' lang='lat' dir='ltr'><strong>ritum</strong></span> <span class='ocrx_word' id='word_1_342' title='bbox 472 3652 566 3695; x_wconf 88' lang='lat' dir='ltr'><strong>suum</strong></span> <span class='ocrx_word' id='word_1_343' title='bbox 590 3630 644 3695; x_wconf 88' lang='lat' dir='ltr'><strong>vel</strong></span> <span class='ocrx_word' id='word_1_344' title='bbox 667 3630 823 3696; x_wconf 91' lang='lat' dir='ltr'><strong>omittunt</strong></span> <span class='ocrx_word' id='word_1_345' title='bbox 845 3631 943 3714; x_wconf 91' lang='lat' dir='ltr'><strong>plane</strong></span> <span class='ocrx_word' id='word_1_346' title='bbox 966 3631 1162 3714; x_wconf 89' lang='lat' dir='ltr'><strong>baptismum</strong></span> <span class='ocrx_word' id='word_1_347' title='bbox 1185 3632 1240 3697; x_wconf 90' lang='lat' dir='ltr'><strong>vel</strong></span> <span class='ocrx_word' id='word_1_348' title='bbox 1262 3631 1385 3699; x_wconf 85' lang='lat' dir='ltr'><strong>vitiant</strong></span> <span class='ocrx_word' id='word_1_349' title='bbox 1407 3632 1477 3698; x_wconf 86' lang='lat' dir='ltr'><strong>for·</strong></span> 
     </span>
     <span class='ocr_line' id='line_1_38' title="bbox 150 3718 1477 3804; baseline 0.001 -19"><span class='ocrx_word' id='word_1_350' title='bbox 150 3742 253 3787; x_wconf 89' lang='lat' dir='ltr'><strong>mam:</strong></span> <span class='ocrx_word' id='word_1_351' title='bbox 279 3720 368 3786; x_wconf 90' lang='lat' dir='ltr'><strong>nulla</strong></span> <span class='ocrx_word' id='word_1_352' title='bbox 391 3724 443 3786; x_wconf 90' lang='lat' dir='ltr'><strong>est</strong></span> <span class='ocrx_word' id='word_1_353' title='bbox 466 3719 551 3787; x_wconf 90' lang='lat' dir='ltr'><strong>ratio</strong></span> <span class='ocrx_word' id='word_1_354' title='bbox 574 3718 738 3785; x_wconf 89' lang='lat' dir='ltr'><strong>iudicandi</strong></span> <span class='ocrx_word' id='word_1_355' title='bbox 762 3739 835 3784; x_wconf 91' lang='lat' dir='ltr'><strong>eum</strong></span> <span class='ocrx_word' id='word_1_356' title='bbox 852 3740 925 3785; x_wconf 90' lang='lat' dir='ltr'><strong>osse</strong></span> <span class='ocrx_word' id='word_1_357' title='bbox 946 3719 1165 3804; x_wconf 81' lang='lat' dir='ltr'><strong>baptizatum3</strong></span> <span class='ocrx_word' id='word_1_358' title='bbox 1190 3740 1291 3803; x_wconf 90' lang='lat' dir='ltr'><strong>quara</strong></span> <span class='ocrx_word' id='word_1_359' title='bbox 1307 3742 1373 3787; x_wconf 92' lang='lat' dir='ltr'><strong>non</strong></span> <span class='ocrx_word' id='word_1_360' title='bbox 1398 3743 1477 3788; x_wconf 92' lang='lat' dir='ltr'><strong>con·</strong></span> 
     </span>
     <span class='ocr_line' id='line_1_39' title="bbox 151 3807 1475 3891; baseline 0.001 -16"><span class='ocrx_word' id='word_1_361' title='bbox 151 3809 312 3876; x_wconf 89' lang='lat' dir='ltr'><strong>dicionate</strong></span> <span class='ocrx_word' id='word_1_362' title='bbox 335 3809 393 3874; x_wconf 90' lang='lat' dir='ltr'><strong>sed</strong></span> <span class='ocrx_word' id='word_1_363' title='bbox 416 3809 566 3874; x_wconf 90' lang='lat' dir='ltr'><strong>absolute</strong></span> <span class='ocrx_word' id='word_1_364' title='bbox 589 3807 805 3891; x_wconf 91' lang='lat' dir='ltr'><strong>baptizandus</strong></span> <span class='ocrx_word' id='word_1_365' title='bbox 829 3813 918 3885; x_wconf 86' lang='lat' dir='ltr'><strong>erat,</strong></span> <span class='ocrx_word' id='word_1_366' title='bbox 948 3829 1054 3891; x_wconf 91' lang='lat' dir='ltr'><strong>neque</strong></span> <span class='ocrx_word' id='word_1_367' title='bbox 1085 3809 1279 3891; x_wconf 86' lang='lat' dir='ltr'><strong>obligandus</strong></span> <span class='ocrx_word' id='word_1_368' title='bbox 1308 3809 1350 3876; x_wconf 90' lang='lat' dir='ltr'><strong>ad</strong></span> <span class='ocrx_word' id='word_1_369' title='bbox 1374 3811 1475 3876; x_wconf 88' lang='lat' dir='ltr'><strong>ullam</strong></span> 
     </span>
     <span class='ocr_line' id='line_1_40' title="bbox 151 3896 1477 3984; baseline 0.001 -20"><span class='ocrx_word' id='word_1_370' title='bbox 151 3900 398 3965; x_wconf 88' lang='lat' dir='ltr'><strong>confessionem.</strong></span> <span class='ocrx_word' id='word_1_371' title='bbox 439 3899 542 3963; x_wconf 91' lang='lat' dir='ltr'><strong>Immo</strong></span> <span class='ocrx_word' id='word_1_372' title='bbox 566 3896 594 3962; x_wconf 90' lang='lat' dir='ltr'><strong>si</strong></span> <span class='ocrx_word' id='word_1_373' title='bbox 616 3896 784 3962; x_wconf 90' lang='lat' dir='ltr'><strong>levissima</strong></span> <span class='ocrx_word' id='word_1_374' title='bbox 807 3897 936 3979; x_wconf 91' lang='lat' dir='ltr'><strong>quidem</strong></span> <span class='ocrx_word' id='word_1_375' title='bbox 960 3897 1045 3964; x_wconf 88' lang='lat' dir='ltr'><strong>ratio</strong></span> <span class='ocrx_word' id='word_1_376' title='bbox 1068 3898 1296 3982; x_wconf 87' lang='lat' dir='ltr'><strong>possibilitatis</strong></span> <span class='ocrx_word' id='word_1_377' title='bbox 1320 3899 1477 3984; x_wconf 90' lang='lat' dir='ltr'><strong>baptismi</strong></span> 
     </span>
     <span class='ocr_line' id='line_1_41' title="bbox 150 3987 1477 4072; baseline 0.001 -19"><span class='ocrx_word' id='word_1_378' title='bbox 150 3988 283 4072; x_wconf 84' lang='lat' dir='ltr'><strong>aderat,</strong></span> <span class='ocrx_word' id='word_1_379' title='bbox 315 4008 399 4070; x_wconf 90' lang='lat' dir='ltr'><strong>quae</strong></span> <span class='ocrx_word' id='word_1_380' title='bbox 422 3988 588 4053; x_wconf 85' lang='lat' dir='ltr'><strong>sufficeret</strong></span> <span class='ocrx_word' id='word_1_381' title='bbox 618 3989 655 4052; x_wconf 93' lang='lat' dir='ltr'><strong>ut</strong></span> <span class='ocrx_word' id='word_1_382' title='bbox 686 3991 906 4070; x_wconf 88' lang='lat' dir='ltr'><strong>apponeretur</strong></span> <span class='ocrx_word' id='word_1_383' title='bbox 929 3987 983 4052; x_wconf 89' lang='lat' dir='ltr'><strong>vel</strong></span> <span class='ocrx_word' id='word_1_384' title='bbox 1006 3987 1317 4070; x_wconf 85' lang='lat' dir='ltr'><strong>subintellegeretur</strong></span> <span class='ocrx_word' id='word_1_385' title='bbox 1339 3987 1373 4054; x_wconf 92' lang='lat' dir='ltr'><strong>in</strong></span> <span class='ocrx_word' id='word_1_386' title='bbox 1398 4010 1477 4055; x_wconf 89' lang='lat' dir='ltr'><strong>oon·</strong></span> 
     </span>
     <span class='ocr_line' id='line_1_42' title="bbox 150 4075 1477 4161; baseline 0.001 -18"><span class='ocrx_word' id='word_1_387' title='bbox 150 4078 285 4143; x_wconf 90' lang='lat' dir='ltr'><strong>ferendo</strong></span> <span class='ocrx_word' id='word_1_388' title='bbox 310 4077 471 4144; x_wconf 88' lang='lat' dir='ltr'><strong>catholico</strong></span> <span class='ocrx_word' id='word_1_389' title='bbox 495 4076 657 4161; x_wconf 91' lang='lat' dir='ltr'><strong>baptismo</strong></span> <span class='ocrx_word' id='word_1_390' title='bbox 681 4075 838 4151; x_wconf 89' lang='lat' dir='ltr'><strong>condicio,</strong></span> <span class='ocrx_word' id='word_1_391' title='bbox 862 4075 920 4140; x_wconf 91' lang='lat' dir='ltr'><strong>sed</strong></span> <span class='ocrx_word' id='word_1_392' title='bbox 937 4098 1001 4141; x_wconf 91' lang='lat' dir='ltr'><strong>non</strong></span> <span class='ocrx_word' id='word_1_393' title='bbox 1017 4076 1184 4143; x_wconf 87' lang='lat' dir='ltr'><strong>sufficeret</strong></span> <span class='ocrx_word' id='word_1_394' title='bbox 1202 4076 1245 4142; x_wconf 89' lang='lat' dir='ltr'><strong>ad</strong></span> <span class='ocrx_word' id='word_1_395' title='bbox 1261 4078 1477 4144; x_wconf 91' lang='lat' dir='ltr'><strong>evertendam</strong></span> 
     </span>
     <span class='ocr_line' id='line_1_43' title="bbox 151 4164 1477 4250; baseline 0.002 -19"><span class='ocrx_word' id='word_1_396' title='bbox 151 4168 307 4232; x_wconf 92' lang='lat' dir='ltr'><strong>moralem</strong></span> <span class='ocrx_word' id='word_1_397' title='bbox 324 4165 551 4232; x_wconf 85' lang='lat' dir='ltr'><strong>certitudinem</strong></span> <span class='ocrx_word' id='word_1_398' title='bbox 568 4164 730 4230; x_wconf 91' lang='lat' dir='ltr'><strong>nullitatis</strong></span> <span class='ocrx_word' id='word_1_399' title='bbox 746 4164 899 4249; x_wconf 88' lang='lat' dir='ltr'><strong>baptismi</strong></span> <span class='ocrx_word' id='word_1_400' title='bbox 916 4169 1015 4231; x_wconf 89' lang='lat' dir='ltr'><strong>antea</strong></span> <span class='ocrx_word' id='word_1_401' title='bbox 1030 4166 1117 4231; x_wconf 89' lang='lat' dir='ltr'><strong>forte</strong></span> <span class='ocrx_word' id='word_1_402' title='bbox 1137 4165 1298 4250; x_wconf 88' lang='lat' dir='ltr'><strong>suscepti:</strong></span> <span class='ocrx_word' id='word_1_403' title='bbox 1322 4165 1477 4233; x_wconf 85' lang='lat' dir='ltr'><strong>existimo</strong></span> 
     </span>
     <span class='ocr_line' id='line_1_44' title="bbox 151 4254 849 4337; baseline 0.001 -17"><span class='ocrx_word' id='word_1_404' title='bbox 151 4255 325 4321; x_wconf 91' lang='lat' dir='ltr'><strong>confitendi</strong></span> <span class='ocrx_word' id='word_1_405' title='bbox 349 4254 581 4337; x_wconf 88' lang='lat' dir='ltr'><strong>obligationem</strong></span> <span class='ocrx_word' id='word_1_406' title='bbox 606 4275 669 4318; x_wconf 91' lang='lat' dir='ltr'><strong>non</strong></span> <span class='ocrx_word' id='word_1_407' title='bbox 694 4254 849 4321; x_wconf 84' lang='lat' dir='ltr'><strong>adfuisse.</strong></span> 
     </span>
    </p>
   </div>
   <div class='ocr_carea' id='block_1_7' title="bbox 151 4360 1478 4712">
    <p class='ocr_par' dir='ltr' id='par_1_8' title="bbox 151 4360 1478 4712">
     <span class='ocr_line' id='line_1_45' title="bbox 239 4360 1478 4445; baseline 0.002 -19"><span class='ocrx_word' id='word_1_408' title='bbox 239 4362 277 4428; x_wconf 91' lang='lat' dir='ltr'><strong>R.</strong></span> <span class='ocrx_word' id='word_1_409' title='bbox 303 4365 333 4428; x_wconf 90' lang='grc'><strong>2.</strong></span> <span class='ocrx_word' id='word_1_410' title='bbox 380 4362 550 4444; x_wconf 86' lang='lat' dir='ltr'><strong>Augustus</strong></span> <span class='ocrx_word' id='word_1_411' title='bbox 574 4361 644 4426; x_wconf 89' lang='lat' dir='ltr'><strong>sine</strong></span> <span class='ocrx_word' id='word_1_412' title='bbox 668 4360 763 4426; x_wconf 92' lang='lat' dir='ltr'><strong>dubio</strong></span> <span class='ocrx_word' id='word_1_413' title='bbox 787 4366 924 4445; x_wconf 87' lang='lat' dir='ltr'><strong>peccata</strong></span> <span class='ocrx_word' id='word_1_414' title='bbox 946 4383 1005 4426; x_wconf 87' lang='lat' dir='ltr'><strong>sua</strong></span> <span class='ocrx_word' id='word_1_415' title='bbox 1036 4361 1183 4426; x_wconf 89' lang='lat' dir='ltr'><strong>confiteri</strong></span> <span class='ocrx_word' id='word_1_416' title='bbox 1214 4361 1342 4439; x_wconf 84' lang='lat' dir='ltr'><strong>debuit,</strong></span> <span class='ocrx_word' id='word_1_417' title='bbox 1373 4368 1412 4430; x_wconf 91' lang='lat' dir='ltr'><strong>ut</strong></span> <span class='ocrx_word' id='word_1_418' title='bbox 1435 4384 1478 4429; x_wconf 89' lang='lat' dir='ltr'><strong>ex</strong></span> 
     </span>
     <span class='ocr_line' id='line_1_46' title="bbox 151 4449 1477 4534; baseline 0.002 -19"><span class='ocrx_word' id='word_1_419' title='bbox 151 4451 246 4516; x_wconf 88' lang='lat' dir='ltr'><strong>dictis</strong></span> <span class='ocrx_word' id='word_1_420' title='bbox 271 4450 312 4516; x_wconf 88' lang='lat' dir='ltr'><strong>ad</strong></span> <span class='ocrx_word' id='word_1_421' title='bbox 338 4454 376 4514; x_wconf 74' lang='lat' dir='ltr'><strong>lm</strong></span> <span class='ocrx_word' id='word_1_422' title='bbox 406 4455 440 4517; x_wconf 89' lang='lat' dir='ltr'><strong>et</strong></span> <span class='ocrx_word' id='word_1_423' title='bbox 465 4453 504 4514; x_wconf 78' lang='lat'><strong>2¹²¹</strong></span> <span class='ocrx_word' id='word_1_424' title='bbox 527 4455 630 4534; x_wconf 90' lang='lat' dir='ltr'><strong>patet.</strong></span> <span class='ocrx_word' id='word_1_425' title='bbox 677 4449 769 4525; x_wconf 85' lang='lat' dir='ltr'><strong>Quod</strong></span> <span class='ocrx_word' id='word_1_426' title='bbox 799 4457 909 4516; x_wconf 90' lang='lat' dir='ltr'><strong>autem</strong></span> <span class='ocrx_word' id='word_1_427' title='bbox 939 4451 1120 4517; x_wconf 89' lang='lat' dir='ltr'><strong>instructor</strong></span> <span class='ocrx_word' id='word_1_428' title='bbox 1150 4450 1275 4516; x_wconf 91' lang='lat' dir='ltr'><strong>addidit</strong></span> <span class='ocrx_word' id='word_1_429' title='bbox 1306 4472 1381 4516; x_wconf 91' lang='lat' dir='ltr'><strong>eum</strong></span> <span class='ocrx_word' id='word_1_430' title='bbox 1413 4473 1477 4518; x_wconf 92' lang='lat' dir='ltr'><strong>non</strong></span> 
     </span>
     <span class='ocr_line' id='line_1_47' title="bbox 151 4538 1478 4622; baseline 0.002 -17"><span class='ocrx_word' id='word_1_431' title='bbox 151 4540 270 4605; x_wconf 88' lang='lat' dir='ltr'><strong>debere</strong></span> <span class='ocrx_word' id='word_1_432' title='bbox 292 4539 467 4606; x_wconf 90' lang='lat' dir='ltr'><strong>sollicitum</strong></span> <span class='ocrx_word' id='word_1_433' title='bbox 491 4560 563 4604; x_wconf 90' lang='lat' dir='ltr'><strong>esse</strong></span> <span class='ocrx_word' id='word_1_434' title='bbox 587 4540 627 4604; x_wconf 90' lang='lat' dir='ltr'><strong>de</strong></span> <span class='ocrx_word' id='word_1_435' title='bbox 650 4539 739 4603; x_wconf 90' lang='lat' dir='ltr'><strong>nullo</strong></span> <span class='ocrx_word' id='word_1_436' title='bbox 756 4545 891 4622; x_wconf 88' lang='lat' dir='ltr'><strong>peccato</strong></span> <span class='ocrx_word' id='word_1_437' title='bbox 909 4539 1098 4615; x_wconf 90' lang='lat' dir='ltr'><strong>omittendo,</strong></span> <span class='ocrx_word' id='word_1_438' title='bbox 1123 4538 1184 4604; x_wconf 89' lang='lat' dir='ltr'><strong>hoc</strong></span> <span class='ocrx_word' id='word_1_439' title='bbox 1200 4540 1257 4616; x_wconf 89' lang='lat' dir='ltr'><strong>ita,</strong></span> <span class='ocrx_word' id='word_1_440' title='bbox 1282 4544 1320 4606; x_wconf 92' lang='lat' dir='ltr'><strong>ut</strong></span> <span class='ocrx_word' id='word_1_441' title='bbox 1343 4541 1395 4607; x_wconf 89' lang='lat' dir='ltr'><strong>hic</strong></span> <span class='ocrx_word' id='word_1_442' title='bbox 1419 4563 1478 4607; x_wconf 88' lang='lat' dir='ltr'><strong>ex·</strong></span> 
     </span>
     <span class='ocr_line' id='line_1_48' title="bbox 151 4627 1477 4712; baseline 0.005 -20"><span class='ocrx_word' id='word_1_443' title='bbox 151 4628 311 4712; x_wconf 87' lang='lat' dir='ltr'><strong>primitur,</strong></span> <span class='ocrx_word' id='word_1_444' title='bbox 336 4633 427 4695; x_wconf 85' lang='lat' dir='ltr'><strong>recte</strong></span> <span class='ocrx_word' id='word_1_445' title='bbox 451 4650 515 4694; x_wconf 93' lang='lat' dir='ltr'><strong>non</strong></span> <span class='ocrx_word' id='word_1_446' title='bbox 539 4633 590 4695; x_wconf 91' lang='lat' dir='ltr'><strong>est</strong></span> <span class='ocrx_word' id='word_1_447' title='bbox 615 4628 749 4693; x_wconf 89' lang='lat' dir='ltr'><strong>dictum.</strong></span> <span class='ocrx_word' id='word_1_448' title='bbox 781 4628 867 4693; x_wconf 88' lang='lat' dir='ltr'><strong>Nam</strong></span> <span class='ocrx_word' id='word_1_449' title='bbox 890 4648 932 4692; x_wconf 89' lang='lat' dir='ltr'><strong>ex</strong></span> <span class='ocrx_word' id='word_1_450' title='bbox 956 4627 1116 4694; x_wconf 91' lang='lat' dir='ltr'><strong>industria</strong></span> <span class='ocrx_word' id='word_1_451' title='bbox 1140 4649 1197 4693; x_wconf 89' lang='lat' dir='ltr'><strong>seu</strong></span> <span class='ocrx_word' id='word_1_452' title='bbox 1214 4629 1329 4696; x_wconf 90' lang='lat' dir='ltr'><strong>volens</strong></span> <span class='ocrx_word' id='word_1_453' title='bbox 1352 4631 1477 4697; x_wconf 91' lang='lat' dir='ltr'><strong>nullum</strong></span> 
     </span>
    </p>
   </div>
   <div class='ocr_carea' id='block_1_8' title="bbox 0 0 1531 5174">
    <p class='ocr_par' dir='ltr' id='par_1_9' title="bbox 0 0 1531 5174">
     <span class='ocr_line' id='line_1_49' title="bbox 0 0 1531 5174; baseline 0 0"><span class='ocrx_word' id='word_1_454' title='bbox 0 0 1531 5174; x_wconf 95' lang='lat' dir='ltr'><strong> </strong></span> 
     </span>
    </p>
   </div>
  </div>
 </body>
</html>
