3044 5174
134 297 200 362 434
631 295 837 350 Sacramentum
856 294 965 350 ordinis.

222 470 357 537 Addunt
380 470 476 538 multi
500 471 694 556 epilepticos:
716 470 775 537 aed
797 470 857 535 hos
880 471 1081 537 commodius
1104 472 1145 538 iis
1169 494 1384 540 accensemus
1406 474 1452 557 qui

134 560 256 644 defectu
281 563 421 646 corporis
443 559 605 625 laborant.

72 711 122 766 757
221 694 274 757 Ar>
298 712 489 768 eunasrruu
520 695 559 756 2⁰¹
591 693 629 759 R.
659 695 686 758 l.
728 692 897 758 Generalis
926 695 1044 775 regula
1073 698 1140 772 est,
1171 699 1209 761 ut
1238 694 1262 760 ii
1291 699 1451 779 tamquam
1492 694 1494 723 ²

132 781 331 864 irregulares
354 780 549 846 excludendi
571 781 639 847 sint
667 802 688 846 a
717 781 820 847 sacris
851 781 1018 847 ordinibus
1048 782 1103 865 qui
1133 803 1245 848 sacras
1275 784 1452 852 functiones

133 870 288 937 decenter
311 891 466 935 exercere
489 891 553 935 non
576 869 720 954 possint,
754 870 831 952 quin
855 871 907 936 vel
938 871 1100 937 actionem
1130 871 1237 955 ipsam
1265 873 1453 958 imperfecte

132 979 190 1025 seu
214 959 401 1025 defectuosa
423 958 550 1026 faciant
572 959 625 1024 vel
649 959 851 1026 adstantium
874 958 1123 1027 admirationem
1148 961 1267 1028 cicant.

222 1066 261 1132 R.
286 1068 316 1132 2.
356 1065 415 1144 Qui
439 1066 480 1132 ad
504 1088 604 1131 unam
627 1087 669 1131 ex
692 1065 796 1131 sacris
819 1065 1042 1134 functionibus
1065 1068 1349 1151 presbyteralibus
1374 1071 1452 1135 obso-

131 1158 194 1221 lute
217 1155 445 1221 inhabilist
393 1158 454 1231 est,
479 1160 631 1221 censetur
653 1153 845 1238 simpliciter
867 1154 1057 1238 irregularis
1080 1157 1122 1221 ad
1146 1157 1311 1240 quoslibet
1296 1159 1452 1225 tordines

131 1243 301 1328 ipsamque
321 1243 461 1398 primam
485 1248 671 1321 tonsuram
704 1243 763 1309 sed
786 1243 841 1326 qui
861 1253 932 1330 post
955 1253 1111 1341 susceptos
1140 1246 1272 1312 ordines
1303 1246 1452 1313 eiusmodi

133 1332 240 1399 defert
226 1339 296 1399 turn
318 1332 471 1410 incurrit,
503 1333 610 1415 quoad
639 1333 839 1399 exercendos
870 1315 999 1399 ordines
1026 1334 1218 1417 irregularis
1249 1357 1315 1400 non
1346 1336 1433 1403 est
1425 1358 1451 1401 ιι

132 1421 321 1486 omnibus
311 1421 351 1485 ris
383 1382 476 1486 iunci
477 1421 603 1487 ionibus
636 1443 718 1505 quas
747 1421 903 1488 decenter
933 1443 1088 1489 exercere
1118 1428 1244 1508 potest,
1279 1425 1343 1490 etsi
1374 1426 1451 1492 forte

132 1532 204 1576 cum
227 1510 405 1576 levioribus
428 1509 618 1576 defectibus.

221 1616 259 1683 R
284 1619 315 1683 3.
354 1616 558 1697 irregulares
581 1617 683 1699 igitur
706 1621 798 1682 sunt:
833 1615 1071 1700 l)notctiliter
1094 1618 1268 1702 defoiffmes
1301 1620 1356 1702 qui
1388 1619 1451 1685 aliis

131 1705 299 1771 horrorem
321 1706 374 1770 vel
397 1705 497 1770 risum
520 1705 715 1772 incuterent.

221 1810 255 1893 2)
278 1811 376 1889 caeci,
401 1811 500 1889 surdi,
525 1812 624 1888 muti;
649 1832 714 1877 non
738 1832 817 1878 vere
840 1812 895 1894 qui
919 1811 1014 1878 unius
1038 1812 1123 1878 oculi
1147 1813 1217 1878 acie
1240 1813 1392 1897 privatus
1409 1819 1450 1880 est
1489 1786 1494 2027 Ι

131 1900 207 1984 (nisi
230 1901 316 1967 forte
339 1905 474 1984 propter
498 1909 621 1966 erutum
645 1901 774 1966 oculum
793 1901 894 1967 nimia
910 1907 998 1967 esset
1014 1901 1222 1968 deformitas:
1248 1923 1333 1984 quae
1349 1909 1450 1969 tamen

130 1990 509 2146 ppptcuplrttetpppipttegi
528 1989 661 2074 potest),
686 2011 792 2072 neque
811 1990 983 2067 surdastri‚
1008 1991 1061 2055 vel
1084 1991 1140 2073 qui
1161 1991 1274 2073 lingua
1290 1994 1450 2076 paululum

221 2185 294 2267 3)t
295 2185 423 2251 runcati
446 2184 529 2268 pede
552 2185 606 2250 vel
630 2205 745 2264 manu,
778 2185 832 2250 vel
856 2185 911 2268 qui
935 2185 1128 2251 necessariis
1159 2185 1271 2267 digitis
1302 2187 1344 2252 ad
1375 2189 1452 2253 cele·
1491 2138 1494 2225 l

130 2276 293 2441 pfindpae,
313 2295 446 2430 mpslspm
471 2277 587 2339 carent
609 2274 664 2340 vel
687 2295 743 2340 eos
766 2274 940 2358 impeditos
962 2274 1086 2340 habent
1109 2277 1171 2341 etc.
1211 2274 1259 2341 cf.
1284 2276 1317 2343 S.
1343 2276 1452 2360 Alph.

220 2470 259 2536 R
284 2472 314 2536 4.
360 2469 420 2545 Qui
449 2473 525 2552 post
557 2473 727 2553 susceptos
757 2469 886 2535 ordines
917 2490 1034 2535 caecus
1065 2470 1172 2535 evasit
1202 2470 1256 2535 vei
1285 2475 1455 2538 truncatus

131 2581 230 2625 manu
253 2559 306 2623 vel
320 2556 422 2659 digit
414 2579 458 2636 ιε,
492 2560 582 2623 certo
607 2558 849 2641 dispensatione
872 2579 936 2623 non
960 2558 1147 2660 indigetut
1110 2564 1298 2642 upergat
1331 2562 1455 2626 confes·

131 2649 240 2714 siones
256 2647 423 2730 excipere;
441 2647 498 2712 sed
515 2647 758 2731 dispensatione
773 2647 900 2730 indiget
912 2669 1029 2713 summi
1021 2648 1215 2731 pontificis,
1234 2652 1270 2712 ut
1286 2649 1347 2713 sibi
1362 2650 1457 2716 liceat

131 2759 228 2822 porro
261 2736 444 2802 celebrare:
480 2757 563 2818 quae
594 2736 725 2801 concedi
761 2737 862 2813 solet,
897 2737 924 2801 si
959 2736 1091 2802 deiectu
1124 2758 1189 2802 non
1221 2738 1377 2805 obstante
1407 2739 1457 2804 vel

132 2831 203 2892 arte
227 2826 454 2909 quadantenus
477 2825 607 2891 sublato
626 2825 696 2891 sine
712 2825 896 2892 indecentia
913 2825 954 2903 (si
973 2845 1090 2890 caecus
1107 2830 1167 2901 est,
1192 2849 1261 2891 curn
1279 2829 1458 2910 assistente)

130 2915 235 2999 possit
258 2915 434 2980 celebrare.
459 2952 504 2961 —
528 2913 683 2980 Similiter
706 2914 740 2979 in
770 2914 842 2980 aliis
872 2914 1080 2996 gravioribus
1110 2914 1310 2992 defectibus,
1345 2917 1374 2981 si
1406 2919 1458 2983 de·

131 3005 238 3071 fectus
261 3007 338 3069 sunt
361 3002 511 3080 leviores,
537 3003 678 3086 episcopi
702 3004 755 3068 vel
779 3004 956 3088 superioris
980 3008 1032 3069 est
1055 3004 1095 3068 de
1117 3005 1285 3070 obstaculo
1301 3004 1458 3072 iudicare.

219 3113 258 3176 R.
277 3113 307 3177 5.
331 3110 534 3191 irregulares
550 3114 628 3175 sunt
643 3110 793 3176 abstemii
810 3110 950 3175 similive
965 3111 1078 3175 morbo
1091 3110 1290 3189 laborantes,
1309 3112 1350 3176 ob
1365 3135 1460 3194 quem

131 3201 297 3266 celebrare
319 3221 384 3263 non
414 3199 557 3283 possint;
589 3199 617 3263 si
644 3220 723 3264 vero
754 3199 823 3264 sine
853 3199 997 3283 periculo
1025 3199 1192 3282 paululum
1223 3198 1290 3263 vini
1321 3208 1461 3284 possunt

130 3310 275 3366 sumere,
300 3288 542 3371 dispensatione
566 3287 658 3354 Rem.
684 3288 845 3371 pontificis
869 3289 1035 3370 indigent,
1068 3292 1105 3353 ut
1127 3288 1207 3372 ipsis
1230 3288 1330 3355 liceat
1355 3292 1460 3357 absti-

132 3400 208 3443 nere
233 3379 274 3442 ab
298 3399 358 3442 usu
381 3376 449 3441 vini
473 3376 505 3441 in
528 3377 755 3460 purificatione
779 3377 891 3442 calicis
915 3381 949 3442 ct
972 3377 1139 3442 ablutione
1163 3376 1350 3459 digitorum.

70 3506 120 3559 758
220 3490 258 3557 R.
285 3493 314 3555 6.
353 3491 554 3574 Ierepulcres
583 3493 661 3556 sunt
692 3493 845 3575 epileptici
875 3512 932 3555 seu
963 3491 1085 3556 caduco
1115 3490 1227 3554 morbo
1258 3489 1459 3559 laborantes.

130 3580 179 3644 De
204 3600 266 3660 quo
291 3577 613 3644 exD'Annibale
637 3579 657 3646 l.
676 3601 750 3645 cn.
769 3583 832 3644 415
858 3584 892 3645 et
915 3579 947 3646 S.
965 3578 1268 3667 AlpbonsoVII,
1294 3582 1360 3646 399
1386 3604 1459 3648 curu

131 3668 203 3734 aliis
227 3668 334 3733 notari
358 3673 483 3751 potest:
518 3666 549 3748 1)
573 3668 628 3749 qui
656 3673 733 3734 ante
763 3669 971 3752 pubertatem
1002 3670 1042 3733 ab
1073 3669 1133 3733 hoc
1158 3668 1269 3732 morbo
1300 3669 1460 3736 liberatus

130 3757 247 3838 fuerit,
280 3778 344 3821 non
370 3761 421 3822 est
443 3756 649 3838 irregularis3
684 3756 717 3838 2)
742 3757 796 3839 qui
821 3758 853 3821 in
876 3759 1024 3822 morbum
1047 3763 1123 3841 post
1145 3757 1354 3840 pubertatem
1379 3760 1459 3825 iuci-

131 3846 239 3913 derint
266 3846 319 3910 vel
349 3845 382 3909 in
413 3866 452 3910 eo
482 3846 748 3928 perduraverint,
779 3852 954 3911 censentur
984 3848 1178 3931 irrepuleres
1208 3867 1313 3928 neque
1344 3851 1459 3914 morbo

131 3939 280 4001 cessante
311 3933 453 4000 ordinari
482 3940 635 4017 possunt;
670 3934 703 4016 3)
727 3935 934 4000 nihilominus
959 3936 990 4001 S.
1014 3934 1211 4018 Alpheus
1237 3934 1257 4001 l.
1283 3957 1310 4000 c.
1344 3936 1460 4003 laudat

131 4024 311 4090 Lacroix
334 4027 536 4089 asserentem
559 4023 592 4088 in
617 4025 684 4089 suis
708 4024 787 4090 locis
804 4025 1071 4090 consuetudinem
1088 4046 1159 4088 esso
1176 4028 1327 4090 cessante
1344 4028 1458 4092 morbo

130 4116 215 4179 tales
246 4113 420 4179 admittere
451 4114 491 4177 ad
523 4112 652 4178 ordines
684 4134 725 4177 ex
756 4114 977 4179 declaratione
1008 4113 1168 4196 episcopi,
1201 4112 1254 4195 qui
1274 4137 1337 4199 per
1361 4125 1456 4181 totum

131 4205 292 4269 biermium
317 4223 337 4268 a
359 4203 472 4267 morbo
497 4201 620 4267 fuerint
642 4202 746 4280 liberi,
773 4208 807 4269 et
830 4203 1022 4286 simpliciter
1045 4202 1115 4267 sine
1139 4201 1280 4286 episcopi
1306 4203 1456 4271 declara-

130 4293 235 4369 tione,
269 4292 296 4356 si
326 4315 386 4377 per
416 4294 612 4376 septennium
643 4293 775 4356 morbus
807 4292 1003 4368 cessaverit;
1038 4293 1072 4367 l)
1097 4290 1150 4372 qui
1180 4296 1256 4375 post
1286 4300 1458 4378 susceptos

131 4382 260 4445 ordines
284 4383 396 4446 morbo
422 4380 477 4445 illo
503 4380 654 4453 afficitur,
680 4380 709 4446 ei
734 4382 899 4446 celebrare
916 4382 993 4446 licet
1009 4381 1174 4463 privatim,
1199 4380 1227 4445 si
1243 4383 1358 4448 morbo
1376 4384 1457 4449 arri·

130 4471 219 4553 pitur
241 4492 316 4535 raro
341 4471 386 4550 (S.
411 4468 607 4552 Alphons.
634 4470 711 4535 dicit
734 4471 755 4535 l.
782 4492 808 4536 o.
834 4471 935 4535 semel
958 4475 1087 4536 tanturn
1117 4469 1150 4532 in
1181 4469 1324 4552 mense),
1358 4478 1458 4555 atque

131 4560 309 4626 celebranti
333 4559 531 4640 adiungatur
562 4560 714 4624 sacerdos
745 4559 886 4636 ieiunus,
919 4560 990 4640 qui,
1022 4558 1199 4624 accedente
1231 4580 1309 4624 casu
1341 4563 1456 4640 morbi,

131 4647 264 4712 missam
286 4648 390 4731 possit
412 4649 578 4732 perticere.
