3044 5174
344 293 460 348 Materia
478 293 617 363 proxima:
637 320 670 330 —
690 292 816 347 contritio
835 296 863 346 et
881 294 1057 363 propositum.
1294 297 1356 360 185

314 497 462 564 DOLOR
484 497 543 561 DE
567 495 835 563 VENIALIBUS
858 496 1072 563 PECCATIS.

599 654 709 721 Casus.
729 661 787 730 (93)

121 797 278 874 Adelphus
300 796 500 856 confessarius
522 801 609 873 atque
624 796 688 855 eius
702 797 889 873 paenitentes
909 796 940 854 in
962 796 1152 855 difficultates
1174 795 1358 854 coniciuntur

70 885 156 954 opter
183 877 313 936 dolorem
345 878 379 935 de
407 877 574 936 venialibus
603 877 743 953 peccatis.
791 875 866 934 Nam
895 896 932 934 ex
963 896 1021 935 nna
1048 882 1133 953 parte
1161 876 1283 935 edoctus
1311 881 1357 935 est

70 958 187 1035 lolphus
208 957 417 1016 necessitatem
447 955 555 1016 doloris
583 956 632 1032 qui
653 955 693 1015 sit
714 976 802 1032 super
823 955 936 1026 omnia,
967 977 1003 1015 ex
1026 957 1121 1015 altera
1141 961 1226 1033 parte
1247 956 1357 1032 reperit

70 1040 235 1107 enitentes,
265 1037 314 1113 qui
342 1037 442 1096 dolent
471 1036 585 1112 quidem
614 1041 645 1095 et
664 1036 761 1095 vitare
789 1037 893 1096 volunt
920 1037 1073 1095 mendacia
1094 1036 1158 1095 sine
1180 1056 1271 1095 causa
1292 1054 1356 1112 pro·

70 1119 164 1188 enda,
187 1117 239 1176 sed
260 1117 364 1176 nolunt
381 1116 552 1193 promittere
574 1135 680 1175 cavere
702 1137 720 1175 a
741 1117 903 1186 mendacio,
925 1117 951 1175 si
971 1117 1027 1175 hoc
1048 1116 1248 1176 necessarium
1268 1116 1358 1175 fuerit

87 1197 222 1258 notabile
250 1197 386 1256 damnum
415 1197 622 1256 avertendum:
652 1198 728 1255 unde
756 1197 906 1256 concludit
926 1197 1109 1256 mendacium
1137 1216 1189 1256 eos
1210 1217 1247 1255 ne
1268 1215 1358 1273 super

70 1279 101 1338 rd
124 1278 242 1355 quidem
264 1276 441 1336 damniolum
463 1276 695 1353 temporalet
646 1277 680 1335 de
682 1277 796 1348 t‚estari
818 1279 891 1336 mult
879 1283 910 1337 to
924 1278 1020 1336 minus
1035 1276 1244 1353 superomnia
1274 1274 1357 1346 Quod

78 1360 163 1436 ipsos
185 1357 372 1434 paenitentes
394 1358 543 1432 ceteroqui
571 1357 637 1434 pios
666 1362 784 1434 ttorque
810 1357 841 1416 in
868 1357 1013 1417 similibus
1042 1360 1146 1428 rebue;
1175 1376 1269 1433 neque
1297 1377 1356 1417 am·

70 1459 107 1498 us
136 1439 247 1497 audent
274 1437 418 1513 frequent
409 1456 457 1497 rus
485 1437 627 1497 accedere
654 1438 692 1496 ad
720 1437 950 1509 contessionem,
979 1457 1017 1497 ne
1039 1438 1116 1497 forte
1142 1437 1287 1497 inutiliter
1308 1438 1355 1496 vel

70 1518 174 1594 :rilege
195 1517 348 1577 accedant.

70 1652 208 1693 scamna
231 1635 259 1691 1ο
281 1632 365 1691 dolor
386 1633 421 1691 de
442 1631 610 1693 venialibus
632 1632 738 1692 debeat
726 1638 776 1692 tue
798 1633 887 1692 etiam
908 1651 975 1692 esse
996 1652 1086 1710 super
1106 1632 1212 1692 omnia.

231 1722 261 1779 2<>
281 1726 435 1797 peccatum
455 1721 573 1780 reniale
600 1740 690 1780 unum
718 1721 862 1798 quomodo
890 1721 1032 1781 detestari
1059 1724 1097 1781 ab
1125 1740 1218 1797 eoque
1239 1721 1354 1780 absolvi

283 1801 440 1877 possimus,
462 1801 532 1877 quin
553 1800 637 1860 dolor
658 1807 688 1860 et
708 1801 855 1862 absolutio
877 1802 1054 1862 extendatur
1074 1802 1111 1860 ad
1133 1802 1201 1861 alia.

229 1891 259 1948 3⁰
279 1889 348 1967 quid
369 1890 593 1950 difficultatibus
613 1891 744 1968 Adelphi
765 1896 795 1950 et
815 1891 1029 1968 poenitentium
1049 1889 1285 1968 respondendum
1306 1890 1353 1950 sit.

624 2073 760 2140 Salutio.

117 2216 171 2279 An
196 2237 387 2291 quaesrruu
413 2219 450 2281 1¹²¹
477 2217 516 2283 R.
544 2219 571 2284 l.
618 2216 759 2282 Dubium
789 2238 853 2282 non
884 2219 935 2282 est
964 2217 1042 2299 quin
1071 2216 1113 2282 ed
1144 2215 1351 2281 obtinendam
1362 2225 1413 2280 316

70 2304 153 2370 coeti
177 2305 316 2370 venialis
340 2305 564 2371 remissionem
587 2306 774 2389 requiratur
797 2306 866 2371 eius
890 2305 1078 2384 detestatio,
1102 2304 1260 2371 similibus
1276 2327 1352 2370 con-

70 2393 208 2458 tionibus
224 2394 357 2471 vestite,
382 2394 498 2476 quibus
514 2395 691 2463 detestatio
707 2396 836 2480 peccati
852 2395 1001 2461 mortalis
1017 2396 1114 2462 debet
1130 2415 1202 2460 esse
1219 2394 1350 2471 vestita,

96 2482 195 2547 huius
227 2483 450 2548 remissionem
483 2505 734 2567 consequamur:
770 2485 873 2551 solam
910 2484 1024 2569 excipe
1059 2483 1350 2551 universalitatem.

70 2593 133 2637 ‚are
164 2572 257 2636 dolor
287 2573 385 2638 etiarn
417 2573 456 2637 de
486 2574 668 2639 venialibus
698 2576 796 2641 debet
827 2576 902 2658 post
931 2577 1068 2657 peccata
1097 2573 1250 2639 mortalia
1279 2595 1351 2640 esse

70 2682 122 2743 rer
145 2664 262 2728 onznia.
310 2662 410 2727 Secus
440 2661 525 2726 enim
554 2662 710 2746 implicite
740 2664 787 2729 ita
810 2668 1019 2746 comparatus
1043 2667 1131 2729 esset
1160 2662 1272 2741 homo,
1304 2668 1350 2736 ιιι,

84 2748 192 2814 maius
224 2750 355 2833 aliquod
388 2751 509 2816 malum
542 2772 615 2816 cum
647 2750 729 2834 fuga
759 2752 887 2836 peccati
919 2751 1057 2818 venialis
1090 2751 1350 2834 coniungerem,

70 2859 85 2902 c
110 2843 282 2922 peccatum
305 2839 414 2923 potius
437 2839 575 2921 eligeret
598 2861 694 2922 quam
717 2841 797 2906 illud
820 2842 951 2909 malum.
990 2840 1037 2907 At
1061 2862 1134 2906 cum
1157 2841 1217 2906 tali
1235 2841 1350 2905 volun·

70 2926 107 2992 :is
132 2928 345 3012 dispositione
368 2928 464 2993 venia
486 2929 613 3011 peccati
636 2929 705 2994 fieri
728 2930 850 3012 nequit.

116 3025 155 3090 R..
187 3028 216 3090 2.
269 3026 319 3090 De
352 3031 462 3092 cetero
493 3025 575 3092 haec
606 3026 783 3095 detestatio
816 3048 914 3112 super
945 3027 1054 3093 omnia
1086 3049 1150 3093 non
1183 3030 1234 3093 est
1268 3028 1350 3094 adeo
1430 3031 1434 3047 '

70 3112 185 3190 licilis,
220 3113 247 3178 si
278 3114 373 3178 modo
408 3113 533 3181 motiva
568 3120 740 3194 consueta,
776 3117 891 3199 quibus
925 3116 1021 3182 homo
1051 3115 1276 3183 christifidelis
1311 3139 1350 3183 ea

70 3202 187 3267 testari
217 3203 403 3283 consuevit,
436 3204 688 3270 considerentur.
743 3205 825 3272 Sunt
856 3205 940 3271 enirn
972 3205 1098 3272 motiva
1127 3210 1263 3272 aeterna
1292 3228 1348 3272 seu

70 3311 160 3356 rena
189 3293 397 3370 excedentia,
429 3314 553 3376 poenae
583 3293 708 3358 scilicet
738 3294 873 3360 alterius
896 3294 985 3361 vitae
1014 3294 1048 3359 in
1077 3296 1268 3379 purgatorio
1292 3317 1349 3362 ex-

70 3381 213 3458 uendae,
238 3381 446 3449 sanctissima
461 3382 580 3448 Christi
595 3382 726 3447 Domini
749 3384 857 3467 passio
881 3389 915 3451 et
933 3405 1022 3449 mors
1036 3383 1070 3448 in
1086 3405 1181 3450 cruce
1196 3386 1349 3462 tolerata,

70 3490 154 3534 mma
183 3470 245 3535 Dei
275 3470 496 3555 displicentia:
530 3492 614 3553 quae
643 3493 739 3548 sane,
772 3473 800 3536 si
830 3473 892 3539 rite
923 3473 1164 3556 concipiuntur,
1196 3479 1232 3540 ut
1262 3476 1350 3540 mela

70 3558 167 3623 frenis
190 3559 285 3624 malis
308 3559 433 3625 maiore
457 3560 706 3627 considerantur
722 3565 756 3627 et
779 3561 851 3626 odio
875 3561 1046 3629 habentur.
1084 3562 1202 3645 Neque
1217 3584 1350 3630 necesse

70 3670 86 3725 z,
113 3647 212 3712 immo
235 3670 276 3713 ne
300 3649 480 3715 consulitur
503 3650 632 3732 quidem
656 3653 693 3716 ιιι
715 3650 801 3717 inter
824 3654 956 3716 terrena
979 3651 1067 3716 mala
1090 3656 1125 3719 et
1147 3652 1272 3718 motiva
1293 3654 1351 3719 illa

70 3741 163 3802 terna
178 3738 238 3803 fiat
252 3737 400 3804 formalis
416 3739 633 3822 comparatio:
657 3738 779 3805 suflicit
798 3739 895 3822 plane
911 3744 948 3805 ut
963 3740 1088 3805 motiva
1105 3741 1351 3810 considerentur

70 3846 126 3907 qne
150 3826 192 3891 ed
215 3826 398 3894 absolutam
422 3828 548 3911 peccati
573 3829 685 3910 fugam
708 3828 887 3912 impellant.

116 3938 169 4002 An
201 3959 392 4015 qnarsrrnrr
425 3942 464 4003 2¹¹²
496 3938 535 4005 R.
571 3942 599 4006 1.
646 3940 756 4005 Facile
786 3940 819 4005 id
853 3940 923 4006 lieri
957 3962 1054 4024 posse
1088 3943 1286 4021 ostenditur,
1323 3944 1350 4008 si
1360 3958 1410 4011 317

70 4026 176 4091 aestio
200 4031 252 4094 est
275 4028 314 4092 de
339 4029 481 4111 peccatis
506 4028 686 4093 venialibus
711 4029 860 4094 diversae
882 4030 1069 4113 gravitatis.
1116 4031 1202 4096 Nam
1225 4033 1350 4099 motiva

70 4137 83 4180 ι
100 4116 298 4182 communia:
323 4117 529 4200 displicentia
545 4139 587 4182 ex
603 4122 698 4200 parte
680 4119 784 4196 eDei,
810 4120 956 4185 causatio
969 4120 1133 4222 passionis
1149 4121 1348 4197 Dominicae‚

70 4205 220 4270 meritum
248 4205 335 4289 apud
357 4207 520 4272 Deumt
486 4211 566 4285 et.‚c
591 4207 698 4289 magis
727 4208 974 4275 inveniuntur
966 4232 999 4274 ιιι
1022 4209 1229 4291 gravioribus
1253 4232 1350 4292 quam

88 4294 265 4360 levioribus
296 4295 450 4377 peccetis
503 4295 708 4399 Quapropter
740 4298 812 4381 ipse
840 4298 898 4364 illa
927 4299 1053 4365 motiva
1082 4298 1188 4380 magis
1217 4305 1351 4365 movent

91 4383 247 4466 fugienda
271 4383 397 4449 maiora
420 4405 477 4450 seu
501 4386 657 4467 graviora
681 4408 778 4488 quam
793 4386 899 4452 minus
915 4388 1032 4471 gravia
1049 4393 1194 4471 peccata
1234 4389 1350 4471 Neque

70 4494 142 4538 rum
172 4478 224 4539 est
210 4473 452 4540 tvoluntatem
476 4475 600 4540 moveri
626 4475 718 4541 ab
698 4498 737 4540 ns
768 4496 851 4558 quae
875 4482 976 4563 moqie
999 4481 1148 4553 movent,
1179 4498 1285 4559 neque
1309 4480 1349 4544 ab

94 4584 178 4645 quae
207 4562 314 4628 minus
344 4568 477 4629 movent
507 4565 648 4642 moveri,
680 4564 753 4629 aliis
776 4565 901 4643 verbis,
932 4565 1057 4631 moveri
1080 4566 1232 4633 voluntat
1181 4571 1284 4633 ttem
1308 4568 1349 4633 ad

70 4652 172 4717 venda
195 4653 359 4735 graviora,
385 4652 447 4719 etsi
471 4654 612 4718 nondum
635 4658 768 4720 moveat
768 4676 808 4719 ur
753 4654 873 4720 tad
896 4655 1043 4720 cavenda
1065 4654 1201 4723 minora
