3044 5174
151 272 216 336 328
565 300 571 311 ·
603 266 807 322 Sacramentum
827 264 1018 335 paenitentiae.

147 442 213 503 vioe
235 442 299 502 sine
319 442 380 502 ulla
401 442 615 513 emendatione,
636 442 749 501 iudicat
770 440 956 501 absolutione
971 441 1072 500 donari
1093 461 1152 501 non
1176 460 1279 518 posse:
1303 443 1403 502 neutri
1417 445 1483 503 vult

148 523 319 582 schedulam
341 527 480 598 peractae
502 522 699 582 confessionis
721 522 890 582 concedere.

237 601 378 661 Similiter
405 603 535 662 rusticus
556 603 674 680 quidam
703 608 836 678 tempore
866 600 1001 678 paschali
1028 621 1138 660 morem
1167 600 1245 675 gerit
1273 604 1480 662 consuetudini

147 683 204 742 loci
225 682 351 758 rogandi
372 683 542 759 parochum,
564 688 597 741 ut
618 683 674 741 sibi
695 683 786 741 liceat
807 681 878 740 alibi
899 681 1048 753 confiteri3
1071 680 1148 758 quod
1163 682 1311 758 parochus
1334 684 1479 755 concedit,

148 762 281 823 simodo
303 762 360 821 sihi
381 764 524 822 afferatur
544 762 745 822 testimonium
767 760 979 821 confessionis:
1009 780 1111 819 verum
1133 762 1336 822 confessarius
1367 765 1478 840 quire

147 844 226 920 perit
245 843 388 902 rusticum
409 848 541 902 nostrum
557 843 588 901 in
610 844 768 902 occasione
781 841 926 919 peccandi
941 841 1102 916 dubiusque
1116 847 1217 901 manet
1238 841 1273 900 de
1288 843 1371 903 iusta
1386 844 1478 921 dispo·

148 922 272 992 sitione,
302 942 369 981 eum
395 943 455 982 non
476 923 607 983 absolvit
627 942 722 999 neque
744 925 843 982 factae
864 921 1061 981 consessionis
1083 923 1135 980 dat
1154 921 1357 982 testimonium
1380 923 1479 984 dicens

149 1022 181 1062 se
201 1004 232 1062 id
252 1005 353 1062 facere
374 1023 434 1063 non
455 1004 562 1075 solere,
584 1003 649 1063 sine
671 1003 759 1063 dubio
780 1004 925 1072 facturus,
948 1001 974 1059 si
994 1001 1051 1060 rite
1066 1021 1132 1060 eum
1146 1003 1294 1079 potuisset
1315 1005 1477 1064 absolvere.

149 1106 327 1178 Quasmrnn
349 1110 379 1167 1⁰
400 1109 541 1168 schedam
562 1109 761 1169 confessionis
783 1108 930 1182 denegare
951 1107 1029 1166 sitne
1051 1113 1155 1167 contra
1177 1108 1315 1184 sigillum.

350 1199 380 1256 2⁰
400 1198 433 1257 in
454 1198 575 1257 casibus
596 1198 758 1275 propositis
780 1195 982 1256 confessarius
997 1194 1171 1256 debueritne
1186 1198 1257 1257 dare
1278 1199 1420 1257 schedam
1442 1219 1477 1258 an

402 1279 558 1354 denegare.

745 1407 881 1474 Salutio.

86 1558 140 1613 576
238 1544 291 1608 An
307 1563 499 1619 ouassrrun
518 1546 555 1607 1¹²¹
571 1541 610 1608 R.
631 1546 658 1608 1.
691 1541 826 1619 Quando
850 1541 935 1606 solet
957 1541 1171 1608 communiter
1193 1542 1344 1608 omnibus
1359 1544 1479 1609 scheda

149 1632 237 1711 dari,
267 1633 482 1714 alicuiquam
507 1631 614 1697 sciunt
638 1629 693 1696 alii
718 1631 902 1696 confessum
927 1651 1016 1708 esse,
1041 1652 1114 1696 eam
1130 1631 1311 1713 denegare,
1336 1630 1378 1697 iis
1401 1633 1479 1717 ipsis

149 1721 204 1803 qui
235 1721 449 1787 confessionis
481 1721 605 1787 factum
637 1719 745 1786 sciunt
775 1723 810 1785 et
838 1719 872 1785 in
905 1720 1056 1787 notitiam
1089 1721 1271 1803 denegatae
1304 1722 1479 1788 schedulae

148 1811 262 1876 venire
286 1810 422 1887 debent,
453 1810 612 1875 indirecte
635 1809 839 1891 significatur
865 1809 955 1873 illum
979 1831 1043 1895 11011
1068 1830 1141 1874 esse
1165 1810 1372 1887 absolutum,
1404 1811 1478 1894 quia

147 1898 229 1964 haec
252 1900 322 1964 sola
346 1903 460 1983 001001
483 1920 556 1964 0000
579 1899 666 1964 10110
689 1899 830 1963 schedae
854 1898 1054 1980 denegatae:
1078 1920 1192 1964 verum
1208 1899 1269 1964 hoc
1292 1899 1479 1981 significare

149 1991 201 2053 est
223 1992 339 2054 contra
362 1987 602 2054 sacramentale
626 1987 784 2069 sigillum,
809 2008 888 2068 ergo
904 1987 937 2052 in
953 1987 993 2052 iis
1009 1987 1171 2054 adiunctis
1187 1989 1242 2053 lex
1265 1989 1366 2071 sigilli
1390 1989 1479 2054 iubet

148 2077 302 2142 schedam
331 2077 402 2142 dari
431 2077 716 2142 sacramentaliter
738 2075 905 2154 confesso,
937 2077 1067 2142 etiamsi
1089 2098 1153 2142 non
1175 2078 1322 2161 potuerit
1342 2078 1477 2144 absolvi.

238 2174 278 2242 R.
304 2179 333 2240 2.
368 2175 401 2240 Si
426 2174 583 2239 eiusmodi
607 2173 763 2239 adiuncta
787 2174 914 2252 desunt,
939 2173 972 2239 in
995 2174 1066 2258 ipso
1082 2175 1239 2241 tribunali
1254 2175 1479 2258 paenitentiae

150 2263 304 2329 schedam
329 2265 493 2346 denegare
517 2263 546 2328 ei
577 2262 631 2345 qui
662 2263 833 2328 absolutus
863 2284 927 2328 non
958 2262 1017 2339 sit,
1049 2284 1113 2328 non
1144 2268 1196 2329 est
1225 2263 1328 2330 laesio
1361 2264 1476 2347 sigilli;

149 2351 226 2434 quie
256 2353 330 2418 aliis
360 2352 415 2435 qui
438 2351 603 2430 nesciunt,
635 2351 797 2417 hominem
828 2372 900 2417 esse
923 2352 1108 2417 confessum
1132 2354 1184 2418 vel
1216 2353 1366 2419 omnibus
1391 2375 1477 2420 com·

149 2441 291 2507 munitor
315 2442 385 2506 dari
408 2441 580 2519 schedam,
612 2440 692 2506 nihil
715 2441 935 2523 significatur;
968 2462 1047 2522 ergo
1071 2462 1177 2524 neque
1207 2445 1330 2524 negata
1354 2443 1478 2527 signifi·

150 2535 245 2596 catur
275 2530 447 2596 absolutio.
494 2530 616 2608 Quodsi
644 2530 813 2596 confessus
836 2531 905 2614 ipse
928 2534 1042 2596 narret
1071 2530 1132 2595 sibi
1164 2530 1361 2614 denegatam
1385 2534 1478 2598 sche-

149 2621 242 2698 dam,
273 2619 343 2703 ipse
367 2623 419 2685 est
448 2620 504 2701 qui
534 2619 640 2685 innuit
663 2620 716 2685 vel
747 2619 871 2685 excitat
901 2619 1118 2702 suspicionem
1148 2620 1363 2687 confessionis
1394 2624 1478 2688 male

150 2713 306 2793 peractae
330 2713 364 2774 et
387 2714 529 2791 negatae
553 2709 613 2773 sibi
638 2709 861 2786 absolutionis,
885 2730 949 2773 non
974 2709 1202 2776 confessarius.

239 2807 278 2873 R.
303 2810 333 2873 3.
380 2807 521 2873 Peracta
545 2807 765 2884 confessione,
798 2807 825 2871 si
849 2811 945 2872 extra
976 2827 1047 2871 eam
1078 2806 1233 2871 schedula
1264 2807 1478 2874 confessionis

150 2895 260 2961 factae
284 2917 305 2960 a
328 2897 519 2980 paenitente
548 2897 672 2981 petitur
696 2896 735 2960 iis
758 2897 792 2960 in
823 2895 1078 2960 circumstantiis
1111 2899 1148 2960 ut
1171 2895 1393 2962 confessarius
1417 2919 1476 2962 non

151 2985 256 3067 possit
279 3006 343 3050 non
367 3006 546 3067 agnoscere
569 2984 802 3069 paenitentem,
827 3004 900 3049 eam
924 2984 1088 3066 denegare
1111 2984 1211 3050 etiam
1235 2987 1343 3066 quoad
1367 2987 1478 3070 paeni·

151 3078 275 3139 tentem
300 3078 352 3139 est
375 3075 475 3156 sigilli
499 3075 616 3151 laesio,
641 3074 769 3156 quando
793 3073 859 3138 alia
882 3094 982 3137 causa
1005 3072 1188 3155 denegandi
1212 3095 1310 3156 quam
1334 3075 1478 3161 indispo-

152 3163 228 3228 sitio
258 3184 321 3227 non
346 3165 458 3239 adest,
494 3184 532 3228 eo
564 3163 648 3246 quod
673 3161 777 3228 tacita
800 3163 844 3228 sit
874 3163 981 3226 malae
1012 3162 1226 3228 confessionis
1256 3165 1477 3247 exprobratio.

151 3252 200 3318 Cf.
224 3252 338 3317 Marc
361 3274 391 3318 n.
420 3255 516 3319 1867.

240 3350 279 3414 R.
304 3352 335 3415 4.
384 3346 417 3415 si
441 3372 521 3415 vero
546 3349 651 3415 abfuit
674 3347 922 3414 sacramentalis
946 3348 1107 3415 confessio
1130 3350 1185 3415 vel
1209 3349 1382 3428 inchoata,
1407 3353 1428 3417 i.
1452 3374 1477 3416 e.

151 3459 224 3503 cum
248 3439 428 3504 intentione
453 3439 666 3504 absolutionis
689 3438 894 3521 recipiendae
910 3439 964 3503 vel
988 3459 1061 3503 sese
1085 3439 1126 3504 ad
1147 3460 1220 3504 earn
1243 3441 1478 3527 praeparandi:

153 3527 329 3609 denegatio
353 3529 528 3593 schedulae
550 3529 650 3610 sigilli
674 3528 851 3593 laesionem
875 3549 939 3592 non
963 3527 1118 3605 continet,
1143 3529 1220 3611 quia
1238 3531 1479 3597 sacramentale

152 3616 433 3769 pigilllumlnullum
447 3622 628 3771 0002011001,
645 3618 703 3683 sed
715 3638 876 3682 summum
889 3621 1051 3682 secretum
1064 3618 1224 3684 naturale.
1253 3617 1301 3684 Cf.
1315 3620 1479 3685 Ballen-

187 3727 207 3770 a
234 3727 276 3771 m.
315 3758 322 3772 .
348 3727 375 3773 c.
400 3728 430 3772 11.
523 3759 530 3771 .

90 3839 142 3893 577
243 3820 294 3884 An
317 3841 509 3895 Quaasrrum
534 3823 572 3883 2ιιι
597 3820 635 3888 R.
663 3823 690 3886 1.
738 3819 869 3892 Paulus,
895 3819 1024 3903 utipse
1047 3820 1181 3894 1010101,
1206 3823 1478 3889 sacramentalem

154 3909 389 3974 confessionem
421 3910 531 3973 100010
565 3931 628 3973 11011
658 3911 746 3974 vult:
781 3912 982 3991 quapropter
1014 3909 1232 3974 confessarius
1263 3910 1293 3974 ei
1326 3911 1478 3977 schedam

153 3999 316 4080 denegare
341 3998 470 4062 omnino
495 4002 620 4079 potest,
652 3999 750 4062 immo
781 3997 889 4080 potius
921 3998 1033 4076 debet,
1064 4003 1135 4062 tum
1165 4019 1205 4063 ne
1235 3997 1359 4065 falsum
1383 4001 1479 4075 dicat,

152 4091 223 4152 tum
248 4109 288 4152 110
312 4087 381 4152 0100
404 4086 526 4151 fictioni
551 4088 709 4169 malisque
733 4087 875 4150 moribus
900 4087 1098 4153 continuatis
1121 4092 1325 4171 cooperetur.

243 4177 381 4252 Verum,
414 4175 441 4240 01
465 4176 550 4240 ratio
574 4181 625 4241 est
648 4176 801 4259 sperandi
831 4175 918 4251 fore,
949 4182 987 4242 ut
1017 4176 1108 4240 brevi
1132 4197 1204 4241 sese
1227 4176 1292 4242 rite
1317 4178 1477 4262 disponat,

154 4286 227 4330 cum
258 4288 343 4330 nunc
375 4265 485 4347 aliqua
515 4271 651 4347 peccata
675 4265 774 4340 dixit,
806 4265 1025 4330 confessarius
1050 4266 1191 4331 fortasse
1222 4287 1295 4331 eum
1328 4268 1378 4334 ita
1409 4290 1477 4353 per-

154 4376 287 4420 movere
310 4359 421 4438 001001
445 4355 581 4419 uthans
605 4355 708 4438 ipsam
732 4354 964 4431 narrationem,
988 4359 1118 4420 mutata
1140 4355 1287 4420 nonnihil
1310 4357 1344 4421 in
1368 4358 1476 4423 melius

153 4445 341 4520 voluntate,
376 4465 434 4527 010
458 4443 612 4509 inchoata
635 4444 837 4509 confessione
861 4450 977 4526 postea
1001 4444 1183 4527 supplenda
1211 4466 1343 4512 sumere
1373 4447 1475 4513 liceat.

154 4532 244 4608 Quod
269 4534 296 4597 si
320 4534 451 4609 110001,
476 4534 695 4598 000100001100
712 4534 832 4609 videat,
858 4555 935 4597 num
950 4533 1066 4598 melius
1089 4534 1132 4599 sit
1155 4553 1224 4598 rem
1248 4537 1476 4619 superducere
1517 4562 1521 4575 =

154 4627 189 4686 et
211 4623 364 4687 schedam
388 4623 528 4689 tradere.
