3044 5174
135 283 200 346 372
479 279 683 334 Sacramentum
703 279 893 350 paenitentiae.
911 309 948 320 -
968 280 1120 352 Appendix.
1216 272 1218 276 ¹

134 455 232 521 minio
256 456 449 534 Quinctilius
473 478 508 523 se
532 478 571 522 eo
593 457 665 541 ipso
689 457 828 524 abdicet.
875 457 963 523 Nam
985 461 1054 523 tum
1086 479 1128 523 ex
1157 479 1219 525 sua
1248 463 1346 543 parte
1376 461 1452 526 elee-

134 567 303 629 mosynam
334 546 476 630 perficit,
508 551 608 629 atque
638 567 834 613 oeconomus
863 552 901 612 ut
929 547 1135 629 negotiorum
1158 551 1273 629 gestor
1296 569 1356 632 pro
1378 570 1452 633 pau·

133 635 266 719 peribus
290 636 545 701 considerandus
568 640 629 702 est.
664 638 721 703 Tb.
745 644 786 701 ιιι.
811 636 852 711 ΙΙ,
878 639 953 702 548.

414 845 699 911 FACULTATES
723 846 933 912 IUBILAEO
957 844 1186 912 ANNEXAR.

688 1003 799 1069 Casus.
818 1009 894 1079 (ιιι)
1260 995 1274 1032 ’

224 1140 342 1200 Amalia
363 1146 393 1200 ιι
381 1140 498 1200 tLucia
520 1161 637 1200 sorores
653 1142 766 1201 duobus
781 1141 925 1202 fratribus
948 1145 1017 1199 scat
1005 1141 1124 1200 tholicis
1138 1147 1200 1201 mat
1187 1142 1327 1202 trimouio
1342 1151 1411 1203 ucat
1399 1145 1454 1203 t·ho

134 1221 192 1281 lico
222 1221 342 1280 iunctae
368 1226 440 1281 sunt
467 1241 583 1297 unaque
610 1222 756 1281 habitant.
798 1224 885 1280 Anno
913 1221 1034 1281 iubilaei
1054 1223 1174 1281 Amalia
1200 1222 1274 1281 facti
1306 1225 1456 1300 paenitens

134 1307 203 1379 post
223 1307 344 1378 peracta
365 1321 457 1394 opera
477 1301 537 1361 alia
557 1322 611 1394 pro
632 1302 775 1361 lucrando
796 1301 924 1360 iubilaeo
946 1301 1131 1379 praescripta
1152 1303 1369 1363 confessarium
1392 1305 1455 1375 adit,

136 1383 184 1458 qui
205 1401 270 1440 eam
292 1402 309 1440 a
331 1382 465 1441 censuris
486 1382 676 1458 peccatisque
697 1382 834 1441 absolvit.
814 1380 927 1450 acuo
948 1388 1082 1457 permota
1096 1382 1190 1441 Lucia
1210 1402 1326 1458 quoque
1348 1384 1456 1444 animos

135 1461 192 1522 sibi
202 1462 292 1521 sumit
306 1481 398 1538 eaque
413 1468 443 1521 ιι
443 1461 502 1520 iam
517 1463 646 1521 absolvit
634 1469 689 1532 ι,ιιι
706 1482 771 1521 curn
786 1463 894 1539 promit
896 1467 941 1520 tat
955 1481 987 1520 se
1002 1481 1093 1600 opera
1106 1462 1226 1521 iubilaei
1240 1464 1455 1539 praestituram

135 1541 192 1602 Sed
214 1562 283 1601 mox
305 1561 370 1602 cum
391 1542 485 1601 veliut
506 1542 579 1601 viris
600 1543 662 1601 suis
682 1544 862 1618 persuadere
883 1548 916 1600 ιιι
936 1542 1110 1619 permittant
1137 1549 1186 1602 eat
1173 1543 1315 1602 thelicam
1336 1545 1456 1605 filiorum

135 1623 350 1695 educationem,
371 1623 430 1694 illi,
451 1622 497 1681 ira
518 1622 649 1694 incensi,
670 1623 828 1699 prohibent
847 1623 929 1699 ipsas
950 1624 988 1681 ab
1010 1622 1089 1681 omni
1110 1623 1263 1698 religionis
1283 1644 1359 1684 suae
1380 1645 1456 1685 exor-

135 1703 215 1773 citio,
237 1704 280 1762 ita
300 1708 335 1761 ιιι
355 1702 448 1762 Lucia
469 1721 506 1760 ne
528 1722 617 1779 opera
638 1703 754 1778 quidem
775 1702 895 1761 iubilaei
909 1722 1053 1779 peragere
1067 1703 1170 1780 possit,
1193 1710 1281 1780 atque
1297 1706 1455 1764 vexationi·

133 1785 247 1842 buseo
275 1802 336 1841 rem
364 1783 545 1860 perducunt,
573 1788 606 1842 ιιι
634 1784 738 1841 ambae
767 1803 866 1841 secum
887 1783 1032 1842 accedant
1053 1783 1090 1841 ad
1117 1785 1366 1860 protestanticam
1389 1805 1456 1846 con·

134 1863 309 1922 munionem.
351 1863 462 1922 Verum
483 1882 543 1921 non
565 1862 613 1922 diu
634 1869 718 1939 post,
747 1864 948 1922 conscientiae
968 1864 1097 1922 stimulis
1119 1863 1267 1937 agitatae,
1295 1865 1457 1924 iterumad

135 1943 349 2002 confessarium
371 1943 555 2018 confugiunt,
577 1943 626 2018 qui
647 1943 768 2001 Luciam
790 1944 905 2018 quidem
921 1944 1060 2013 absolvit,
1081 1944 1229 2003 Amaliam
1243 1951 1344 2004 autem
1360 1966 1394 2005 se
1415 1948 1456 2004 ab·

135 2024 252 2083 solvere
273 2044 332 2083 non
354 2043 443 2099 posse
464 2022 543 2094 dicit,
566 2027 728 2081 commutat
749 2029 846 2083 tamen
870 2024 934 2082 eius
949 2028 1049 2082 votum
1070 2023 1271 2084 instituendae
1294 2018 1460 2102 peregrino

135 2104 225 2164 tionis
247 2105 323 2179 quod
344 2104 375 2162 iu
396 2103 516 2180 nuperis
532 2104 679 2178 angustiis
694 2103 817 2172 fecerat,
839 2103 993 2162 dummodo
1008 2103 1082 2162 velit
1096 2123 1187 2181 opera
1207 2104 1330 2164 iubilaei
1344 2107 1456 2165 iterare.

135 2217 312 2288 Quaanmua
332 2220 362 2277 1⁰
383 2224 506 2357 rectenel
525 2218 726 2278 confessarius
747 2219 777 2278 vi
805 2218 927 2277 iubilaei
948 2219 1113 2278 absolverit
1140 2239 1158 2277 a
1179 2239 1252 2278 casu
1282 2220 1456 2280 matrimonii

388 2300 495 2358 acatho
509 2299 554 2358 ico
575 2300 635 2357 ritu
656 2298 731 2358 initi.

336 2397 365 2454 2⁰
386 2403 505 2455 rectene
522 2397 617 2471 egerit
632 2397 762 2455 secunda
776 2397 851 2469 vice,
867 2417 955 2455 unam
971 2398 1140 2470 absolvens,
1156 2396 1313 2458 remittens
1328 2400 1455 2467 alteram,

389 2484 421 2536 at
441 2482 541 2535 votum
563 2481 754 2536 commutans.

730 2677 865 2744 Solutio.

73 2826 126 2880 654
224 2817 277 2882 An
301 2839 492 2894 onuamruu
520 2823 556 2883 1¹¹¹
580 2818 618 2883 ιι.
647 2822 674 2883 l.
714 2819 950 2902 Perpendenda
973 2818 1131 2902 imprimis
1155 2825 1207 2885 est
1231 2819 1375 2887 facultas
1406 2821 1457 2887 ab·

136 2908 283 2973 solvendi
308 2929 328 2973 ιι
352 2907 496 2973 censuris
521 2908 554 2971 vi
577 2907 709 2972 iubilaei
733 2929 888 2973 concessa
905 2907 1037 2990 eiusque
1054 2909 1155 2974 limes.
1188 2910 1297 2974 Datur
1312 2911 1456 2976 nimirum

136 2998 279 3063 facultas
302 2998 406 3061 solum
430 3018 489 3080 pro
513 2996 584 3062 foro
607 2997 736 3063 interno
761 3018 818 3062 seu
842 2997 1077 3063 conscientiae:
1101 3019 1132 3064 ιι.
1150 2998 1455 3065 Bellen-Palm.

136 3091 177 3154 ιι.
199 3090 248 3163 10,
273 3092 352 3153 sect.
375 3089 393 3151 5
418 3107 492 3171 app.
517 3087 557 3151 de
581 3087 714 3168 suffrag.
740 3108 771 3152 n.
789 3088 848 3163 69;
873 3087 1058 3152 excluditur·
1081 3108 1146 3151 non
1169 3088 1273 3152 solum
1299 3089 1457 3155 absolutio

136 3176 326 3241 nominatim
351 3175 527 3254 censuroti,
552 3175 608 3240 sed
633 3175 732 3240 etiam
757 3176 975 3240 excluduntur
990 3175 1171 3258 generatim
1189 3197 1284 3242 casus
1303 3200 1456 3258 „socrum

133 3266 286 3351 poenit.“,
311 3264 331 3329 i.
350 3286 376 3331 e.
403 3265 489 3329 falsa
512 3264 677 3329 accusatio
703 3265 942 3329 sollicitationis
966 3269 999 3330 et
1023 3267 1191 3330 attentata
1215 3267 1382 3350 complicis
1407 3268 1457 3332 ab·

136 3355 272 3420 solutio:
304 3375 387 3435 quae
411 3354 527 3418 ultima
551 3354 583 3418 vi
606 3353 737 3419 iubilaei
762 3375 820 3437 pro
845 3355 923 3419 orbe
947 3354 1075 3419 extensi
1106 3374 1192 3419 anno
1219 3357 1301 3421 1901
1336 3357 1456 3421 absolvi

137 3447 277 3527 poterat,
302 3442 329 3506 si
353 3444 452 3507 semel
478 3444 530 3507 vel
555 3443 604 3507 bis
627 3447 754 3508 tantum
779 3444 870 3509 facta
894 3444 1012 3508 fuerat.
1060 3444 1215 3508 Haeresis
1240 3465 1340 3509 causa
1365 3452 1459 3512 antea

136 3532 265 3615 quidem
289 3532 389 3596 etiam
413 3532 664 3609 excludebatur,
696 3553 780 3596 nunc
805 3553 883 3597 vero
907 3533 1030 3616 pluries
1053 3532 1116 3596 iam
1142 3533 1211 3597 eius
1235 3533 1334 3599 etiarn
1368 3537 1458 3600 abso·

135 3622 217 3686 lutio
242 3641 397 3685 concessa
421 3625 481 3696 est,
506 3621 742 3687 excludebatur
765 3627 875 3686 tamen
901 3622 931 3684 in
950 3621 1086 3688 Constit.
1104 3622 1253 3687 Leonis
1276 3623 1357 3689 XIII
1385 3628 1458 3705 ,Ar-

136 3714 219 3776 temii
242 3709 424 3792 Pastoris“,
458 3730 521 3792 qua
552 3730 636 3774 anno
660 3715 774 3776 sancto
802 3713 886 3775 1900
915 3711 1079 3794 impeditis
1110 3712 1352 3778 concedebatur
1382 3713 1460 3779 iubi-

136 3801 243 3865 laeum
268 3804 365 3865 extra
388 3799 521 3874 Urbem,
546 3801 709 3882 „haeresis
730 3800 880 3881 foriuolie
904 3809 931 3864 et
955 3797 1117 3866 externa“.

226 3905 264 3972 R.
290 3908 320 3970 2.
359 3905 602 3970 Matrimonium
636 3906 817 3972 acatholico
851 3906 915 3971 ritu
948 3907 1153 3973 contraxisse
1183 3907 1305 3973 crimen
1340 3913 1393 3975 est
1423 3908 1459 3975 ad

136 4016 268 4061 causam
293 3995 439 4059 haeresis
462 3999 616 4076 spectans
639 4016 744 4077 neque
769 4000 878 4060 tamen
895 3995 1041 4061 haeresis
1056 3996 1214 4062 formalis.
1248 3997 1334 4062 Hinc
1351 4006 1461 4066 nostra

137 4089 247 4151 aetate
272 4084 392 4148 crimen
416 4083 496 4147 illud
520 4105 540 4147 a
563 4084 722 4150 facultatate
753 4085 942 4150 absolvendi
974 4085 1007 4149 vi
1037 4085 1168 4151 iubilaei
1199 4107 1264 4151 ιιοιι
1292 4087 1459 4188 eximitur,

137 4174 163 4239 si
137 4175 316 4239 sinodo
303 4197 337 4238 ιιι
359 4174 431 4257 foro
455 4175 660 4238 conscientiae
683 4177 745 4239 aclo
769 4197 820 4238 res
844 4177 986 4259 cooipoai
1005 4183 1113 4259 potest.
1161 4174 1299 4239 Nam'
1272 4197 1301 4239 si
1325 4176 1460 4242 Ordina-

136 4264 204 4328 rius
228 4262 289 4327 loci
313 4263 397 4327 hanc
421 4283 553 4327 causam
577 4267 692 4345 uttpoe
716 4263 877 4345 publicam
902 4264 942 4328 ad
967 4285 1002 4328 se
1018 4265 1131 4341 traxi,
1158 4265 1282 4330 etiam
1272 4287 1307 4330 ιιι
1324 4265 1459 4364 iubilaeo

137 4354 206 4418 eius
228 4352 379 4416 iudicium
405 4357 457 4417 est
479 4357 615 4434 exspect
601 4352 745 4416 ιιιιιιιιιιιι

227 4458 264 4524 R.
290 4460 320 4522 3.
361 4456 426 4522 Si
417 4457 478 4537 igit
481 4478 518 4519 ur
542 4477 637 4520 casus
660 4457 846 4540 propositus
870 4457 947 4522 talis
971 4462 1103 4523 entatu
1127 4458 1158 4521 ιιι
1184 4459 1253 4525 solo
1283 4461 1358 4527 foro
1391 4484 1460 4528 con·

136 4547 292 4611 scientiae
316 4567 369 4610 res
392 4552 504 4628 posset
534 4546 699 4627 componi:
733 4546 952 4610 confessarius
983 4546 1064 4611 bene
1095 4547 1164 4628 egit
1194 4553 1264 4614 tum
1289 4549 1459 4625 Amaliam.

136 4640 205 4700 tum
230 4635 362 4700 Luciam
388 4636 573 4712 absolvens,
598 4635 624 4699 si
646 4636 742 4700 modo
759 4636 965 4700 condiciones
981 4636 1201 4718 impleverint,
1225 4660 1312 4722 resp.
1331 4641 1462 4726 implere
