3044 5174
322 306 517 378 lmpedimeuta
534 323 584 361 seu
604 305 839 376 irregularitatem
857 304 994 372 Haeresis,
1013 306 1132 361 abortus.
1324 312 1389 376 423

59 484 251 569 suspicandi
280 488 317 551 et
344 483 523 567 indagandi
544 516 606 561 —,
637 483 788 549 Abuudio
818 483 905 550 ratio
927 505 992 549 uon
1022 488 1095 551 erat
1116 484 1290 550 violandae
1314 505 1389 550 cen-

59 595 174 652 surae,
206 573 295 656 quod
324 573 516 657 parochiani
538 572 625 639 forte
648 577 800 639 carerent
829 593 933 638 sacro.
980 573 1015 639 Si
1037 594 1117 639 vero
1147 573 1292 640 rationes
1315 595 1389 658 spe·

61 664 168 730 ciosas
190 663 356 729 babuerat
379 662 551 729 omittendi
574 682 705 727 sacrum
720 683 780 746 per
795 662 922 744 aliquot
938 662 1017 742 dies,
1042 683 1181 729 censura
1196 683 1275 728 vero
1291 683 1389 745 quarn

61 752 246 819 ordinarius
268 751 452 830 inflixerat,
483 751 616 834 eiusque
647 772 748 818 causa
778 751 907 817 omuino
937 751 1067 819 occulta
1097 756 1186 818 erat:
1218 752 1387 818 etiamtum

62 863 178 910 curare
191 841 326 924 quidem
347 841 487 908 debebat
502 840 673 906 Abundius
689 843 727 906 ut
741 840 898 908 vicarium
915 841 978 905 sibi
992 844 1195 925 procuraret,
1217 841 1288 925 ipse
1310 861 1405 908 vero

63 932 104 997 ad
126 936 262 1015 tempus
286 930 472 1007 recederet;
497 929 555 994 sed
578 929 607 995 ei
629 930 691 995 hoc
714 929 915 1014 impossibile
938 935 1012 997 erat
1035 935 1136 1013 atque
1158 951 1200 996 ex
1216 931 1390 997 omissione

61 1041 231 1087 sacrarum
251 1019 456 1087 functionum
470 1018 651 1103 periculum
667 1019 813 1085 scandali
828 1019 883 1084 vel
905 1019 1061 1086 infamiae
1074 1019 1293 1104 impendebat,
1317 1042 1390 1086 sus·
1444 1085 1445 1088 ,

61 1109 176 1195 pensio
198 1130 265 1175 nou
287 1107 430 1176 reddidit
451 1108 567 1174 harum
597 1107 800 1174 functionum
823 1107 1016 1175 exercitium
1045 1107 1194 1176 illicitum
1217 1130 1323 1192 neque
1346 1110 1390 1175 ir·

61 1198 315 1284 regularitatem
337 1197 371 1263 iu
395 1197 580 1263 Abundium
603 1196 742 1264 induxit.

411 1405 738 1466 IRREGULARITAS
759 1407 812 1465 EX
835 1407 1048 1480 ,eRmrNu“.

621 1564 731 1632 Casus.
751 1572 828 1642 (215)

151 1709 341 1786 Apollonius,
361 1727 428 1767 cum
445 1707 553 1768 studiis
566 1708 689 1768 medicis
702 1708 896 1781 incumberet,
917 1709 1088 1769 incredulus
1107 1711 1219 1782 evasit3
1242 1716 1272 1770 et
1293 1730 1391 1788 quam·

62 1809 151 1866 quam
172 1788 379 1849 nominetenus
392 1788 504 1849 mansit
518 1789 691 1859 catholicus,
713 1789 870 1865 aliquoties
884 1795 984 1849 tamen
998 1790 1077 1850 iuter
1090 1791 1202 1851 amicos
1217 1791 1391 1867 religionem

63 1869 158 1930 irrisit
179 1875 269 1946 atque
289 1888 343 1946 par
364 1888 459 1928 annos
480 1868 634 1929 Ecclesiae
655 1874 818 1946 praecepta
838 1870 925 1947 plane
946 1871 1089 1945 neglexit.
1117 1871 1227 1931 Eodem
1248 1878 1391 1949 tempore,

63 1970 130 2009 curn
150 1950 280 2027 puellam
302 1948 488 2019 seduxisset,
517 1948 544 2008 ei
566 1948 708 2024 gravidae
736 1949 835 2009 iactae
862 1951 1055 2027 praeparavit
1081 1957 1183 2028 potum
1205 1972 1321 2029 exque
1343 1956 1391 2012 ab·

63 2037 147 2090 ortus
162 2034 209 2089 est
223 2035 353 2089 secutus.
381 2029 492 2088 Verum
507 2034 622 2105 postea,
644 2049 719 2100 curu,
740 2029 833 2089 finitis
847 2029 964 2103 studiis,
986 2050 1052 2090 curn
1066 2031 1127 2091 filia
1148 2034 1222 2091 bene
1244 2033 1391 2092 catholica

62 2110 283 2170 matrimonium
310 2109 415 2181 iniret,
446 2108 599 2168 Ecclesiae
626 2108 837 2170 reconciliatus
865 2115 920 2171 est.
962 2111 1035 2183 Sed,
1064 2131 1157 2171 uxore
1184 2117 1253 2189 post
1280 2113 1391 2189 aliquot

62 2210 182 2251 meuses
204 2190 354 2261 defuncta,
377 2189 488 2248 saeculi
509 2190 674 2250 vanitatem
694 2190 855 2250 meditatus
876 2191 1052 2268 Apollonius
1072 2193 1138 2252 vult
1158 2194 1297 2253 sacerdos
1318 2192 1390 2252 fieri.

63 2309 243 2380 Quaerimus
264 2307 294 2366 1⁰
315 2326 390 2384 quae
411 2305 453 2365 sit
472 2304 678 2380 irregularitas
699 2325 738 2365 ex
758 2306 884 2366 haeresi.

266 2408 296 2464 2ο
316 2424 391 2481 quae
413 2403 453 2465 sit
472 2403 678 2479 irregularitas
699 2424 737 2463 ex
757 2407 872 2464 abortu

265 2503 297 2563 3ο
317 2502 386 2579 quid
408 2502 443 2561 de
464 2502 622 2579 Apollonio
643 2501 765 2579 eiusque
786 2502 1007 2578 irregularitate
1028 2504 1216 2564 iudicandum
1236 2506 1285 2566 sit.

262 2601 294 2660 4⁰
315 2619 334 2659 a
353 2620 420 2676 quo,
441 2600 470 2659 si
489 2600 696 2675 irregularitas
717 2599 805 2672 adsit,
827 2600 955 2677 petenda
976 2601 1017 2661 sit
1038 2601 1230 2677 dispensatio.

661 2795 796 2863 Salutio.

154 2938 209 3003 Ao
236 2957 428 3014 ouarsrruu
454 2941 492 3001 lm
514 2936 553 3003 R.
581 2940 609 3002 1.
657 2937 740 3004 Sunt
770 2937 929 3020 quaedam
961 2938 1113 3015 crimina,
1144 2959 1228 3020 quae
1260 2944 1453 3023 praeter738

64 3028 233 3110 hucusque
257 3027 424 3111 explicata
445 3025 725 3109 irregularitatem
749 3048 860 3092 secum
883 3027 1035 3105 trahunt,
1069 3027 1118 3094 ita
1140 3032 1178 3093 ut
1200 3027 1391 3110 irregularis

65 3117 195 3183 dicatur
220 3119 372 3199 ,crimine
396 3118 504 3181 reus‘.
543 3113 608 3180 Sed
631 3115 784 3197 quoniam
807 3115 888 3181 haec
912 3137 984 3181 eum
1003 3116 1249 3199 irregularitate
1273 3138 1315 3182 ex
1338 3118 1392 3183 de·

63 3208 149 3289 secta
170 3205 283 3290 fornae
306 3205 498 3282 cohaerent,
528 3203 581 3269 hic
612 3208 709 3270 extra
732 3204 841 3270 famae
865 3204 1028 3272 delectum
1058 3206 1260 3270 solummodo
1284 3206 1392 3272 notari

65 3295 175 3361 solent
197 3296 339 3360 tuereris
361 3298 396 3361 et
419 3296 633 3376 bmnimdium,
658 3315 742 3375 quae
764 3292 956 3378 singillatim
979 3294 1155 3360 tractanda
1177 3298 1264 3360 sunt.

155 3401 195 3468 R.
213 3404 244 3467 2.
268 3400 374 3467 Valde
387 3401 516 3484 quidem
529 3400 697 3484 probabile
709 3404 761 3467 est
776 3401 937 3467 haeresim
950 3400 1102 3466 inducere
1113 3401 1391 3484 irregularitatem

65 3512 133 3558 nou
156 3491 261 3556 solum
284 3493 420 3574 propter
442 3489 611 3556 infamiam
635 3489 709 3555 huic
725 3490 851 3555 crimini
873 3490 1107 3571 inhaerentem,
1131 3490 1313 3557 sedetiam
1337 3491 1394 3557 illa

65 3579 313 3663 irregularitate
328 3579 530 3645 haereticum
547 3579 634 3644 affici
649 3582 785 3663 propter
807 3579 883 3644 fidei
905 3578 1169 3659 inconstantiam,
1193 3584 1293 3662 atque
1317 3603 1393 3647 cou-

65 3669 155 3737 trahi
179 3668 279 3734 etiam
302 3689 345 3734 ex
367 3668 497 3734 haeresi
513 3669 642 3734 occulta
658 3667 821 3750 (Wernz
844 3669 865 3734 l.
883 3690 909 3735 c.
927 3690 958 3734 u.
978 3671 1041 3734 139
1058 3669 1164 3736 etalii
1180 3669 1256 3736 ibid.
1273 3670 1392 3754 laud.):

66 3763 216 3825 attamen
236 3757 401 3844 probabile
424 3762 518 3823 diem
542 3762 594 3823 est
616 3757 658 3821 ad
675 3757 954 3839 irregularitatem
970 3757 1091 3840 requiri
1107 3760 1247 3824 tuereris
1261 3759 1393 3845 publici·

66 3856 161 3914 tatem
185 3867 244 3913 seu
266 3850 481 3913 notorietotcm
505 3847 557 3911 vel
580 3846 660 3911 iuris
684 3847 737 3911 vel
759 3846 851 3919 facti,
875 3847 924 3913 ita
947 3850 983 3912 ut
1006 3848 1097 3913 nulla
1119 3848 1393 3930 tergiversatione

67 3936 168 4003 celari
184 3936 289 4020 possit
305 3936 351 4018 (S.
368 3936 488 4019 Alph.
506 3935 579 4012 VII,
597 3937 661 4000 363
679 3938 713 4000 et
729 3938 805 4013 364,
825 3936 1022 4002 D'Annib.
1039 3937 1060 4003 l.
1079 3957 1105 4003 c.
1123 3959 1154 4002 n.
1172 3940 1247 4014 431,
1265 3942 1332 4004 not.
1352 3940 1392 4002 10

67 4047 142 4092 cum
166 4025 278 4091 multis
301 4025 374 4091 aliis
397 4025 442 4089 ibi
471 4024 589 4105 laud),
620 4024 758 4106 ideoque
788 4025 873 4091 haue
902 4025 1178 4107 irregularitatem
1203 4047 1244 4090 ex
1274 4030 1391 4092 occulte

68 4115 197 4181 haeresi
219 4115 364 4199 practico
393 4135 491 4198 posse
521 4114 662 4197 neglegi.
709 4114 756 4181 Cf.
781 4115 882 4181 etiam
904 4115 1160 4180 Laurentius
1183 4115 1204 4180 l.
1230 4136 1257 4180 c.
1283 4137 1313 4180 n.
1340 4118 1391 4181 75.

158 4222 198 4289 R.
223 4225 252 4288 3.
300 4221 360 4299 Qui
383 4242 462 4287 vero
486 4222 615 4305 publice
638 4226 737 4288 nctus
760 4226 811 4288 est
835 4226 872 4288 ut
895 4221 1088 4298 haereticus,
1113 4221 1390 4303 irregularitatem

68 4311 221 4377 diffundit
243 4312 344 4378 etiarn
368 4314 402 4376 in
427 4314 649 4377 descendentes
672 4311 706 4389 (i.
731 4332 759 4378 e.
784 4310 935 4395 poterin
959 4310 1043 4374 filios
1059 4315 1093 4376 et
1115 4315 1262 4393 nepotes,
1287 4315 1393 4376 mater

68 4401 103 4468 in
125 4402 213 4467 solos
235 4401 344 4483 filios).
376 4400 579 4482 Irregulures
602 4400 703 4482 igitur
726 4404 804 4465 suut
826 4400 880 4482 qui
905 4400 1048 4465 habeant
1072 4404 1200 4483 patrem
1217 4400 1270 4464 vel
1294 4421 1391 4465 avum

67 4490 268 4558 haereticum
285 4491 340 4556 vel
360 4489 559 4556 haereticam
584 4492 732 4565 matrem,
757 4489 817 4554 nisi
835 4494 946 4556 tamen
961 4488 1024 4571 ipsi
1039 4489 1110 4555 nati
1126 4493 1203 4553 sunt
1219 4494 1296 4555 ante
1313 4489 1391 4555 hae·

67 4579 166 4646 resim
199 4600 312 4645 eorum
341 4600 360 4645 e
392 4579 509 4661 quibus
532 4578 751 4654 descendunt,
782 4580 833 4643 vel
859 4578 891 4643 hi
915 4578 948 4642 in
977 4598 1059 4661 pace
1082 4577 1249 4643 Ecclesiae
1272 4578 1391 4644 mortui

67 4673 156 4736 suut.
186 4705 230 4715 -
260 4669 459 4735 D'Annib.
484 4667 568 4732 hanc
591 4666 868 4748 irregularitatem
898 4667 1070 4750 restringit
1093 4667 1134 4732 ad
1158 4667 1392 4733 descendentes
