3044 5174
131 317 196 381 544
472 364 474 367 .
597 310 801 366 Sacramentum
820 307 991 367 matrimonii.

219 488 259 554 R.
284 490 314 556 2.
361 486 503 554 Causare
534 486 652 569 aliquis
680 485 786 570 possit
814 483 1082 568 impedimentum
1111 481 1256 549 criminis
1286 482 1448 557 adulterii;

131 577 189 644 sed
211 575 273 643 hoo
295 576 329 642 in
352 580 465 642 nostro
489 596 567 642 casu
590 575 715 641 frustra
737 575 921 657 quaeritur,
954 571 1045 655 quia,
1076 571 1233 654 quidquid
1257 571 1302 638 sit
1325 572 1366 638 de
1388 571 1450 638 eius

131 664 353 750 impedimenti
380 664 609 748 amplitudine,
640 664 758 730 saltem
782 662 959 744 requiritur
981 660 1178 729 adulterium
1202 664 1369 749 utriusque
1390 661 1451 727 tor

131 756 217 822 male
240 776 298 821 seu
322 759 356 821 et
379 754 595 821 subiectivum
619 757 654 819 et
677 752 890 824 obiectivum;
916 751 1003 834 quod
1024 751 1057 817 in
1081 755 1194 817 nostro
1218 770 1299 816 casu
1322 770 1386 816 non
1403 751 1449 816 ob

130 845 224 912 tinet.
269 845 318 910 De
342 847 453 910 cetero
476 842 709 926 impedimento
733 841 876 907 criminis
900 840 1013 907 confer
1035 859 1119 922 quae
1141 838 1230 906 infra
1254 839 1414 907 dicentur

406 1042 755 1110 lMPEDIMENTUM
778 1042 883 1108 VOTI
906 1042 962 1108 ΕΤ
986 1040 1176 1108 ORDINIS.

682 1208 793 1276 tasas.
813 1215 889 1285 (271)

220 1350 374 1412 conradus
404 1351 434 1409 in
462 1370 570 1427 magna
591 1353 662 1411 urbe
693 1350 941 1427 celeberrimoque
968 1354 1056 1427 portu
1077 1348 1283 1410 confessiones
1305 1349 1453 1427 excipiens

132 1437 262 1508 tempore
283 1431 451 1503 missionis,
481 1431 559 1491 inter
579 1450 684 1491 recens
706 1431 847 1491 advectos
868 1429 1056 1508 paenitentes
1078 1428 1161 1489 audit
1180 1434 1344 1506 sequentes
1364 1436 1453 1489 trans·

131 1513 219 1587 fugas
239 1511 411 1587 religiosos:
439 1511 594 1571 Albertum
621 1511 671 1588 qui
697 1518 767 1588 post
787 1511 914 1587 quinque
942 1530 1036 1570 annos
1062 1509 1092 1569 in
1114 1508 1221 1586 Oongr.
1242 1509 1294 1570 SS.
1316 1509 1454 1588 Redemp

131 1593 205 1652 toris
232 1597 369 1668 peractos
397 1591 527 1667 aufugit,
556 1592 738 1651 Bernardum
759 1593 809 1668 qui
830 1611 883 1669 per
905 1593 921 1650 7
944 1610 1039 1650 annos
1067 1591 1098 1650 in
1128 1590 1230 1651 ordine
1252 1590 1281 1650 S.
1303 1589 1455 1650 Francisci

132 1673 255 1747 degerat
283 1678 313 1732 et
340 1671 538 1732 subdiaconus
559 1673 658 1731 factus
680 1677 760 1744 erat,
791 1671 982 1732 cunibertum
1009 1670 1059 1746 qui
1087 1670 1222 1730 similiter
1252 1672 1290 1729 10
1312 1670 1455 1730 annosin

132 1753 282 1812 Societate
296 1752 366 1812 Iesu
386 1752 465 1812 vixit
485 1758 516 1811 et
537 1751 680 1812 diaconus
701 1753 799 1812 factus
813 1751 980 1811 immediate
1002 1757 1072 1810 ante
1087 1749 1287 1811 sacerdotium
1301 1750 1382 1810 olam
1394 1751 1455 1810 reli·

132 1833 244 1908 giosam
266 1833 381 1892 domurn
404 1833 542 1892 deseruit.
587 1831 696 1892 Omnes
717 1832 768 1892 isti
788 1831 819 1891 in
841 1831 1009 1891 Amerinam
1029 1831 1252 1891 meridionalem
1272 1849 1307 1890 se
1330 1831 1457 1891 contule·

132 1918 208 1985 runt,
228 1932 336 1972 nxores
351 1913 506 1984 duxerunt,
528 1912 639 1972 divitiis
653 1918 684 1972 et
696 1912 857 1972 honoribus
876 1913 1011 1984 affluunt,
1032 1917 1115 1971 statu
1130 1931 1230 1971 eorum
1250 1910 1351 1987 priore
1372 1912 1457 1988 plane

131 1994 249 2069 ignoto;
270 2012 349 2052 nunc
369 1994 400 2052 in
419 1994 566 2071 Europam
587 1993 710 2052 reduces
731 2012 780 2052 res
801 1992 944 2069 quasdam
964 1991 1126 2051 familiares
1147 2010 1325 2069 componere
1345 1993 1456 2062 volunt,

132 2073 199 2133 dein
219 2074 251 2133 in
272 2073 440 2132 Amerinam
462 2074 499 2133 ad
520 2092 630 2132 uxores
650 2073 768 2133 reverti.
810 2073 845 2133 In
874 2072 979 2132 itinere
1007 2076 1184 2149 tempestate
1212 2071 1320 2146 agitati
1350 2078 1381 2131 et
1402 2091 1457 2132 ma-

131 2153 213 2229 ligna
233 2153 310 2212 febri
338 2153 467 2231 correpti
489 2174 507 2212 a
528 2154 684 2212 sacerdote
712 2153 903 2232 amplissimis
928 2152 1122 2212 facultatibus
1149 2152 1285 2230 praedito
1313 2153 1352 2211 ab
1381 2153 1457 2212 omni

132 2234 250 2294 vinculo
271 2253 328 2309 quo
349 2239 467 2311 poterat
489 2233 617 2293 absoluti
638 2239 720 2305 suut;
743 2234 796 2292 sed
816 2234 964 2309 integram
985 2231 1202 2293 confessionem
1226 2251 1292 2291 oum
1314 2250 1458 2309 peragere

133 2333 192 2373 non
212 2320 345 2391 possent,
367 2332 446 2373 nune
467 2334 531 2373 eam
553 2314 656 2372 volunt
677 2315 824 2391 supplere.

134 2429 309 2500 Quanmrun
331 2432 360 2488 1ο
381 2429 457 2505 quod
478 2429 518 2488 sit
537 2428 776 2504 impedimentum
797 2428 861 2488 voti
881 2433 911 2487 et
931 2427 1051 2487 ordinis.

332 2529 363 2584 20
384 2546 460 2603 quae
480 2527 521 2586 sit
534 2527 663 2586 facultas
678 2526 851 2586 absolvendi
873 2545 927 2585 seu
941 2525 1132 2603 dispensandi
1152 2525 1183 2585 in
1198 2524 1324 2584 articulo
1346 2527 1458 2584 mortis.

332 2627 363 2684 3⁰
384 2625 451 2700 quid
478 2625 513 2682 de
535 2623 730 2683 matrimoniis
757 2624 881 2684 istorum
902 2623 1034 2683 virorum
1062 2622 1154 2700 deque
1185 2641 1286 2684 eorum
1314 2624 1458 2683 revalida·

384 2705 465 2795 tione
486 2705 543 2763 dici
564 2705 677 2764 debeat.

725 2905 860 2973 Salutio.

72 3071 124 3125 948
221 3048 662 3126 aequissimuni
702 3048 970 3131 impedimentum
996 3048 1149 3114 dirimens
1172 3048 1243 3114 uoti
1267 3053 1301 3114 et
1326 3048 1458 3125 ordinis

133 3139 202 3205 sive
226 3138 391 3204 diversum
415 3138 485 3203 sive
508 3159 607 3202 unum
630 3137 780 3219 idemque
804 3137 1067 3221 impedimentum
1088 3158 1160 3203 esse
1175 3137 1308 3214 dixeris,
1334 3141 1460 3203 utrum·

133 3249 195 3311 que
219 3227 335 3294 nititur
358 3228 391 3292 in
415 3229 556 3293 sedentrii
580 3230 823 3308 revisceratione,
847 3248 912 3309 qua
935 3228 1031 3292 horno
1054 3227 1088 3292 in
1111 3225 1171 3292 Dei
1195 3225 1367 3293 serm'tium
1391 3231 1461 3293 tra·

134 3319 222 3382 ditur
255 3321 355 3399 atque
389 3316 430 3381 ad
466 3315 576 3380 divina
611 3316 799 3398 peragenda
833 3316 1014 3382 ministeria
1049 3315 1237 3399 specialiter
1271 3316 1459 3399 deputatur,

133 3409 224 3471 statu
254 3426 348 3471 saoro
379 3409 538 3489 perpetuo
569 3409 747 3488 assumpto.
794 3404 1001 3489 Quapropter
1024 3426 1043 3470 a
1066 3404 1177 3470 multis
1201 3409 1377 3487 utrumque
1400 3406 1461 3470 im·

133 3495 354 3578 pedimentum
384 3494 431 3559 sie
461 3493 601 3559 sumitur
630 3499 668 3561 ut
694 3494 824 3559 dicatur
846 3499 960 3560 votum
983 3495 1139 3560 sollemne
1163 3493 1345 3573 eastitatis,
1374 3494 1459 3576 qnod

133 3586 187 3649 vel
209 3583 243 3648 in
266 3582 415 3648 sollemni
439 3583 641 3666 professione
664 3585 772 3649 status
795 3583 939 3666 religiosi
963 3584 1016 3648 vel
1039 3584 1072 3648 in
1096 3583 1303 3667 susceptione
1323 3583 1461 3649 alieuius

134 3694 176 3738 ex
200 3673 366 3738 ordinibus
388 3671 490 3737 saeris
507 3672 577 3737 sive
592 3672 776 3738 formaliter
792 3672 862 3738 sive
878 3672 1034 3756 implicite
1050 3673 1231 3739 emittetur.
1266 3673 1334 3738 Fac
1349 3678 1459 3738 tamen

134 3762 287 3829 attendas
321 3761 472 3826 sufficere
507 3761 610 3826 solam
649 3761 928 3828 consecrationem
965 3782 1025 3844 per
1062 3761 1302 3845 susceptionem
1338 3761 1460 3827 ordinis

133 3852 218 3918 sacri
241 3855 429 3936 peractam,
460 3849 558 3915 etiam
584 3851 654 3915 sine
677 3850 747 3916 veri
770 3851 840 3917 voti
864 3851 1053 3928 emissione,
1085 3855 1123 3918 ut
1145 3851 1300 3916 dirimens
1323 3850 1460 3936 impedi·

133 3945 278 4008 mentum
303 3939 472 4006 subsistat.
520 3939 567 4005 uf.
592 3939 976 4006 Bellen-Palmati
999 3940 1020 4007 1.
1046 3960 1073 4006 c.
1098 3962 1129 4006 n.
1158 3942 1241 4005 1143
1265 3943 1390 4007 notam.

223 4048 261 4114 R.
287 4051 317 4114 2.
364 4046 456 4124 Quod
484 4045 748 4130 impedimentum
778 4047 880 4113 habes
902 4046 1105 4113 sollemniter
1128 4051 1416 4113 commemoratum
1440 4069 1459 4113 a

134 4159 216 4203 conc.
245 4138 335 4204 Trid.
360 4157 441 4202 sess.
467 4139 523 4213 24,
553 4157 624 4202 ean.
649 4138 686 4201 9:
722 4135 773 4212 ,si
797 4136 869 4218 quis
899 4136 1020 4202 dixerit
1050 4136 1186 4202 clericos
1215 4136 1248 4202 in
1278 4138 1383 4202 sacris
1408 4158 1459 4203 or·

135 4226 262 4290 dinibus
283 4226 480 4292 constitutos
503 4226 557 4291 vel
573 4226 743 4307 regulares
759 4225 947 4292 castitatem
963 4225 1166 4292 sollemniter
1181 4225 1348 4309 professos
1363 4247 1460 4311 posse

134 4315 374 4381 matrimonium
406 4315 615 4391 contrahere,
647 4319 915 4397 contractumque
945 4314 1089 4381 validum
1121 4336 1193 4380 esse
1218 4315 1460 4383 nonobstante

134 4403 207 4486 lege
231 4405 453 4471 ecclesiastiea
478 4405 529 4469 vel
553 4408 631 4469 voto
650 4457 656 4469 .
676 4458 682 4470 .
702 4455 720 4477 .,
745 4405 921 4470 anathema
944 4404 1016 4470 sit.“
1063 4404 1155 4481 Quod
1179 4404 1261 4471 dixit
1289 4405 1382 4488 ,lege
1407 4427 1459 4471 eo·

135 4492 319 4559 olesiastioa
341 4494 394 4559 vel
418 4498 529 4569 voto“,
561 4495 643 4558 satis
669 4493 793 4559 indicat
816 4515 889 4559 eum
914 4493 967 4575 qui
991 4494 1171 4578 suscipiens
1194 4515 1306 4559 saeros
1330 4494 1460 4561 ordines

136 4602 199 4645 non
229 4581 376 4649 vovisset
406 4582 458 4648 vel
489 4603 611 4648 vovere
642 4582 815 4661 noluisset,
846 4582 1054 4649 nibilominus
1085 4587 1149 4670 lepe
1179 4586 1387 4651 ecelesiastica
1418 4584 1458 4651 ad

135 4669 320 4735 castitatem
354 4676 452 4754 atque
483 4671 551 4736 eius
581 4675 696 4737 votum
726 4671 840 4737 teneri.
887 4671 978 4749 Quod
1009 4676 1118 4738 autem
1150 4673 1289 4740 castitas
1318 4674 1367 4740 ita
1390 4695 1459 4740 ser·
