3044 5174
384 283 510 337 Minister
529 283 629 353 paenit.
647 312 683 320 —
701 281 853 336 iurisdictio
872 281 899 335 in
918 280 1058 335 moniales.

423 512 686 580 lURISDlCTIO
712 513 759 578 IN
785 513 1019 580 MONIALES.

621 679 730 745 Casus.
751 685 827 755 (134)

141 823 282 890 Amalia,
308 821 424 881 novitia
445 820 685 897 congregationis
705 820 880 896 religiosae,
910 840 976 879 oum
997 820 1110 878 duabus
1139 820 1206 879 aliis
1234 821 1385 879 sororibus

54 902 293 979 provectioribus
321 902 449 962 mittitur
475 922 529 978 per
558 902 631 961 duas
659 902 859 961 hebdomadas
889 907 975 960 extra
1004 901 1120 959 domum
1151 901 1187 959 ad
1219 900 1385 975 colligenda

56 982 128 1042 dona
151 1003 208 1059 pro
230 983 417 1059 pauperibus.
453 982 525 1041 Cum
547 982 706 1040 confitendi
728 1001 819 1040 cansa
840 981 985 1040 accedant
1006 981 1043 1039 ad
1064 981 1226 1057 parochnrn
1248 980 1315 1051 loci,
1336 980 1385 1039 hic

56 1082 104 1122 aas
124 1064 273 1134 ramitt't,
300 1082 415 1137 negans
437 1082 469 1121 se
490 1082 543 1121 eas
563 1062 665 1121 audire
686 1082 791 1138 posse,
820 1062 873 1120 sed
894 1061 996 1136 dirigit
1023 1061 1061 1119 ad
1089 1061 1179 1119 alium
1201 1061 1386 1119 sacerdotem

10 1178 14 1195 ι
56 1143 178 1203 fortuito
208 1162 268 1202 non
295 1143 374 1202 ultra
400 1143 515 1201 leucam
536 1142 567 1201 in
588 1141 699 1201 vicinia
724 1147 968 1213 commorantem,
997 1140 1046 1217 qui
1067 1143 1250 1218 approbatus
1272 1141 1312 1199 sit
1332 1161 1385 1218 pro

55 1224 244 1284 monialibus.

55 1338 235 1409 Qnssmnnn
257 1341 286 1397 1⁰
307 1357 382 1414 quae
409 1337 577 1414 requiratur
606 1337 780 1415 approbatio
808 1337 846 1395 ad
874 1336 1065 1414 excipiendas
1093 1335 1296 1396 confessiones
1327 1355 1385 1394 mo·

311 1419 443 1478 nialium.

258 1519 289 1576 2ο
311 1515 379 1592 qnid
405 1516 448 1654 dh
461 1515 650 1575 confessione
671 1514 841 1574 monialium
862 1519 950 1575 extra
969 1515 1182 1575 monasterium
1202 1516 1386 1576 versantium

310 1596 428 1655 iudican
451 1615 498 1654 um
520 1595 568 1655 sit.

259 1697 289 1754 3⁰
308 1701 428 1754 rectene
449 1693 625 1753 iudicaverit
646 1693 794 1770 parochus
816 1691 851 1752 ds
872 1693 990 1752 Amalia
1011 1713 1077 1753 cum
1099 1693 1244 1754 sociabus.

656 1876 791 1944 Salutio.

143 2020 200 2085 Ar>
230 2040 422 2096 onarsmuu
455 2023 492 2085 1¹⁰
522 2020 562 2086 R.
596 2024 624 2086 1.
671 2021 723 2085 Ex
754 2020 973 2103 compluribus
1002 2020 1041 2085 R.
1066 2020 1105 2087 R.
1131 2020 1194 2087 ΡΡ.
1226 2020 1448 2086 constitu-468

52 2109 199 2176 tionibus
234 2109 412 2191 requiritur
445 2109 487 2174 ad
521 2109 731 2195 excipiendas
766 2108 987 2174 confessiones
1020 2109 1207 2175 monialium
1240 2112 1386 2194 specialis

53 2198 201 2283 episcopi
232 2198 443 2282 approbatio,
473 2199 570 2281 idque
601 2199 700 2264 etiam
732 2199 860 2281 quando
891 2197 1070 2264 iurisdictio
1100 2198 1133 2263 in
1164 2219 1238 2275 eas,
1271 2203 1386 2282 utpote

53 2293 240 2372 exemptae,
264 2287 413 2352 habenda
436 2286 524 2406 situs
546 2288 695 2405 praelato
715 2286 914 2370 regularium
931 2286 981 2352 cni
997 2287 1159 2415 moniales
1172 2287 1385 2408 subiciuntura.

52 2376 1032 2550 tau.52¹ln1‘alil...f¹nntl.t·titlt
1052 2378 1385 2548 jtitntlttt«

53 2554 206 2622 Bened.
230 2554 308 2619 XIV
332 2554 362 2620 d.
387 2555 418 2620 d.
444 2557 462 2618 5
487 2556 572 2636 Aug.
599 2557 695 2621 1748.

151 2670 190 2737 R.
216 2671 247 2737 2.
293 2669 494 2753 Quamquam
524 2670 597 2753 legs
626 2670 684 2736 illa
713 2669 874 2736 communi
904 2668 1091 2736 afficiuntur
1116 2671 1207 2736 solae
1230 2669 1388 2737 moniales

58 2759 177 2826 stricte
207 2757 331 2831 dictae.
362 2759 383 2824 i.
408 2780 436 2827 e.
467 2780 551 2842 quae
580 2779 640 2842 per
668 2780 704 2824 se
727 2760 878 2824 clausura
904 2759 1014 2842 papali
1042 2763 1213 2837 tenentur,
1244 2759 1388 2845 episcopi

59 2848 175 2914 eadem
199 2848 274 2931 lege
296 2847 503 2931 adstringere
526 2852 664 2932 possunt
686 2847 908 2914 confessiones
930 2847 1125 2912 feminarum
1149 2848 1291 2914 cuiusvis
1310 2870 1387 2914 oon·

58 2936 265 3021 gregationis
294 2938 484 3021 religiosae,
515 2943 614 3020 atque
644 2937 757 3021 praxis
786 2937 911 3003 usitata
934 2941 1001 3014 est,
1032 2936 1137 3001 Roma
1166 2938 1326 3021 probante
1352 2942 1388 3004 et

57 3027 229 3106 suadente,
254 3032 291 3094 ut
314 3048 373 3111 pro
398 3026 546 3092 omnibns
568 3027 633 3092 illis
656 3026 785 3091 feminis
808 3028 954 3113 specialia
977 3025 1171 3109 approbatio
1190 3025 1385 3109 requiratur.

148 3143 188 3208 R.
218 3146 248 3209 3.
296 3142 360 3208 Sed
389 3143 518 3225 quando
548 3142 706 3207 moniales
736 3163 801 3206 non
831 3142 1024 3208 claustrales
1053 3141 1086 3205 in
1118 3142 1229 3225 parvis
1260 3142 1386 3225 oppidis

56 3231 152 3297 adire
174 3232 282 3296 solent
304 3232 525 3315 parochialem
548 3231 720 3297 ecclesiam
744 3231 785 3295 ad
809 3231 995 3314 recipienda
1013 3236 1221 3297 sacramenta
1235 3231 1385 3297 missam-

56 3341 121 3404 que
145 3321 350 3399 audiendam‚
375 3324 513 3403 possunt
535 3321 682 3386 confiteri
705 3319 791 3386 sicut
811 3321 996 3386 saeculares
1012 3320 1099 3402 apud
1115 3320 1293 3403 quemlibet
1309 3341 1385 3386 con·

56 3410 233 3474 {essarium
256 3410 298 3476 ab
322 3409 486 3475 ordinario
509 3411 735 3493 approbatum.
774 3412 808 3476 S.
827 3410 860 3476 0.
878 3411 960 3495 Epp.
986 3411 1104 3495 etRep.
1131 3413 1171 3474 22
1189 3410 1268 3493 Apr.
1290 3412 1384 3488 1872,

55 3521 88 3565 v.
116 3500 237 3568 Colleot.
269 3501 301 3565 S.
329 3500 362 3565 0.
395 3499 434 3564 de
459 3500 498 3566 P.
523 3499 560 3564 F.
592 3499 641 3564 ed.
669 3501 771 3577 1893,
803 3520 833 3564 n.
859 3502 924 3564 433
955 3499 997 3563 ad
1021 3502 1052 3566 3.
1098 3499 1135 3563 Id
1164 3498 1267 3580 igitur
1294 3499 1384 3564 valet

55 3587 168 3666 etiam,
194 3588 323 3669 quando
346 3587 466 3671 alioqui
489 3609 549 3671 pro
569 3587 685 3652 harum
702 3586 890 3652 monialium
906 3587 1163 3653 confessionibus
1179 3587 1386 3655 const'tuerit

55 3679 230 3761 episcopus
254 3677 472 3743 necessariam
496 3697 568 3741 esso
592 3675 861 3760 approbationem
884 3677 1068 3759 specialem.

147 3808 200 3874 An
216 3829 408 3885 Quarsrrnu
425 3812 464 3873 2¹¹¹
479 3809 518 3876 R.
538 3811 566 3876 1.
607 3808 640 3874 Si
664 3808 821 3873 moniales
844 3807 959 3874 stricte
983 3808 1091 3874 dictae
1114 3830 1171 3874 seu
1191 3809 1384 3875 claustrales
1394 3823 1446 3876 469
1464 3835 1465 3838 ’

53 3901 210 3965 clausura
234 3899 341 3982 papali
367 3903 463 3963 extra
486 3899 616 3963 domum
641 3903 824 3975 versantur,
850 3898 884 3962 id
907 3897 978 3962 fieri
1001 3897 1115 3979 nequit
1137 3897 1199 3962 nisi
1223 3919 1264 3962 ex
1288 3899 1384 3980 gravi

54 4009 157 4055 cansa
180 3988 357 4071 impetrata
379 3988 513 4054 licentia
536 3986 701 4053 ordinarii.
744 3986 812 4063 Quo
835 3986 868 4051 in
893 4008 971 4052 casu
995 3993 1148 4052 censetur
1169 3986 1302 4052 licentia
1326 3987 1383 4052 ad·

54 4100 146 4155 esse,
179 4082 217 4144 ut
247 4099 267 4143 a
297 4077 441 4159 quolibet
471 4076 671 4142 confessario
704 4096 762 4159 pro
792 4076 1014 4141 saecularibus
1046 4076 1226 4159 approbato
1257 4076 1382 4141 absolvi

54 4166 199 4251 possint:
230 4167 293 4231 nisi
322 4167 409 4232 forte
438 4188 497 4252 pro
528 4164 783 4232 circumstantiis
810 4165 980 4249 episcopus
1004 4165 1068 4231 alio
1092 4169 1181 4230 certo
1206 4165 1300 4230 modo
1324 4186 1382 4230 ex·

54 4277 168 4340 presse
191 4255 382 4338 providerit.

144 4371 185 4437 R.
209 4373 240 4438 2.
285 4370 375 4435 Idem
399 4369 462 4435 dici
486 4371 583 4436 debet
607 4371 646 4434 de
669 4368 864 4434 monialibus
887 4390 951 4433 non
975 4368 1220 4446 claustralibus,
1253 4368 1381 4451 quando

51 4483 112 4545 pro
143 4460 290 4542 longiore
320 4465 467 4544 temporo
490 4460 545 4524 vel
574 4459 700 4540 aliquot
725 4457 824 4523 etiarn
849 4458 961 4523 diebus
985 4464 1082 4524 extra
1105 4464 1301 4524 conventum
1323 4480 1381 4524 seu

51 4551 84 4616 in
108 4549 228 4615 itinere
251 4548 377 4614 versari
401 4549 535 4622 debent:
560 4570 625 4613 non
648 4568 727 4611 vero
752 4547 880 4628 quando
897 4569 955 4631 per
972 4548 1122 4613 accidens
1138 4553 1235 4614 extra
1251 4549 1379 4613 domurn

51 4645 149 4717 snut,
173 4638 249 4704 ilico
271 4659 475 4705 reversurae.
520 4637 683 4702 Videlicet
704 4635 738 4700 id
760 4636 826 4700 iarn
850 4636 1031 4719 antiquitus
1054 4638 1205 4703 solebant
1229 4642 1381 4703 auctores
