3044 5174
158 274 223 337 244
615 265 821 322 Sacramentum
838 266 1030 339 paenitentiae.

246 437 348 502 Immo
371 435 451 502 licet
473 434 505 500 in
530 435 592 501 hoc
616 435 730 501 ultimo
749 456 829 501 casu
843 436 877 501 id
893 457 913 502 a
928 436 1041 502 multis
1057 437 1224 516 doceatur,
1248 459 1290 503 ne
1305 436 1339 503 id
1355 438 1485 521 quidem

157 527 317 612 probatur
336 526 380 592 δ”
396 525 429 594 0.
446 525 529 608 Epp.
555 528 590 590 61
605 525 686 607 Reg.
718 523 805 590 Nam
828 524 861 590 in
884 547 1040 610 responso
1065 526 1143 592 dato
1167 527 1197 593 d.
1224 530 1264 593 19
1289 527 1376 593 Iunii
1400 531 1484 595 1868

157 615 259 697 (quod
289 615 391 679 habes
421 613 731 680 Bellen-Palm.
762 614 784 681 l.
815 635 842 682 c.
874 637 904 680 6.
937 616 1016 696 bii)
1047 616 1079 681 S.
1104 614 1136 681 0.
1168 615 1248 684 dicit
1277 615 1335 695 iis,
1370 618 1485 701 quibus

158 706 238 772 data
253 703 297 769 sit
312 703 455 769 facultas
473 704 539 785 ,661
554 705 780 788 temptantum
797 704 971 786 nostruua“,
996 725 1101 787 posse,
1118 703 1147 770 si
1162 705 1355 773 sacerdotes
1371 727 1485 773 saecu·

157 795 244 860 lares
260 793 336 870 sint,
360 796 591 876 postmortem
607 791 751 876 episcopi
766 813 786 857 a
802 791 926 858 vicario
946 793 1119 877 capitulari
1135 793 1331 861 facultatem
1347 797 1483 878 auferri.

157 884 254 950 Unde
284 881 417 947 evidens
448 886 499 947 est
523 902 596 947 eam
620 902 684 946 666
708 882 833 946 6666611
856 903 916 966 per
944 881 1051 966 ipsam
1081 887 1220 950 mortem
1251 883 1399 968 episcopi
1428 907 1483 950 ex·

156 992 311 1055 sp1rasse.

247 1077 286 1145 R.
311 1081 341 1144 2.
388 1076 573 1143 iurisdictio
598 1076 767 1158 delegata,
798 1097 954 1160 expresse
984 1098 1141 1143 concessa
1170 1099 1268 1164 usque
1292 1081 1482 1146 661666666-

157 1170 283 1250 ta‘ouem,
307 1165 455 1250 exspirat
478 1166 549 1231 sola
563 1166 774 1231 revocatione
790 1165 861 1230 sive
878 1166 1086 1233 concedentis
1102 1166 1173 1232 sive
1188 1167 1259 1234 eius
1274 1169 1481 1234 successoris.

248 1263 282 1330 Si
305 1263 384 1328 data
408 1268 469 1342 est,
493 1264 584 1329 nulla
607 1262 721 1329 addita
744 1263 900 1342 clausula,
925 1264 1024 1331 etiam
1049 1265 1281 1343 communiter,
1305 1271 1343 1332 61
1366 1272 1479 1344 cesset,

157 1354 255 1420 debet
277 1352 435 1419 revocari.
483 1353 641 1418 Attamen
664 1352 768 1418 videri
792 1352 906 1429 debet,
940 1373 1004 1435 quo
1027 1353 1124 1419 titulo
1148 1358 1270 1437 etqua
1294 1357 1480 1422 causacol·

156 1444 227 1509 lata
250 1441 310 1520 sit;
335 1465 373 1508 66
397 1444 478 1508 enim
502 1451 651 1521 66666616,
676 1441 775 1508 etiam
792 1441 973 1508 iurisdictio
989 1442 1053 1508 dici
1076 1443 1172 1510 debet
1188 1464 1329 1522 cessare,
1354 1444 1478 1511 etiamsi
1518 1477 1522 1537 p

156 1532 248 1599 facta
270 1552 335 1596 666
366 1535 417 1597 661
447 1552 605 1615 expressa
633 1530 812 1597 revocatio.
859 1531 911 1597 Ita
934 1554 965 1599 v.
991 1553 1023 1614 g.
1047 1531 1245 1612 iurisdictio,
1277 1554 1363 1616 quae
1394 1539 1477 1600 certo
1517 1541 1522 1623 1

156 1620 322 1687 666611611
352 1619 517 1686 illimitate
547 1620 626 1687 data
650 1624 761 1686 estut
790 1621 935 1685 membro
968 1620 1046 1686 cleri
1077 1621 1279 1701 dioecesani,
1312 1627 1423 1689 cessat
1443 1645 1476 1689 eo
1513 1626 1522 1724 1

155 1710 227 1795 ipso
244 1710 330 1792 quod
345 1710 400 1775 ille
417 1709 546 1776 desinat
560 1709 726 1793 pertinere
742 1709 784 1775 ad
807 1709 1035 1775 dioecesanum
1057 1710 1190 1780 clerum.
1227 1711 1283 1778 lu.
1301 1735 1342 1780 m.
1359 1713 1401 1791 11,
1417 1715 1474 1779 381
1510 1730 1522 1798 p

156 1801 343 1866 6116166116.
1507 1807 1522 1948 ξ

246 1906 285 1972 R.
311 1908 341 1972 3.
388 1904 481 1982 Quod
504 1905 545 1970 de
568 1904 791 1971 iurisdictione
814 1905 936 1971 dictum
961 1909 1021 1986 est,
1047 1906 1199 1972 similiter
1214 1907 1305 1974 valet
1328 1907 1369 1973 de
1392 1928 1474 1974 mera

156 1993 404 2079 approbatione.

92 2137 146 2191 423
245 2118 298 2184 An
323 2138 514 2194 ouansmuu
539 2119 578 2181 2⁶²
602 2118 641 2185 R.
668 2119 698 2184 1.
743 2117 892 2184 Licentia
915 2140 973 2184 seu
1004 2119 1146 2184 facultas
1176 2125 1391 2205 praesumpta
1413 2119 1473 2187 suf·

155 2212 255 2274 ficere
278 2207 408 2289 quidem
431 2209 558 2290 potest,
591 2211 629 2272 ut
661 2206 747 2272 actio
771 2207 915 2289 alioquin
938 2208 1102 2292 prohibita
1125 2209 1184 2275 fiat
1206 2210 1385 2293 permissa,
1418 2232 1473 2275 non

156 2298 401 2382 peccaminosa;
433 2300 581 2362 attamen
604 2296 751 2362 valorem
775 2318 870 2362 secus
900 2297 1103 2364 deficientem
1128 2299 1336 2365 contribuere
1360 2300 1472 2383 nequit.

156 2387 311 2452 Potestas
328 2385 413 2450 enim
430 2386 528 2450 debet
550 2390 683 2467 praesto
709 2407 791 2463 6666,
814 2405 920 2467 neque
943 2391 1077 2470 praesto
1101 2392 1163 2465 661,
1187 2387 1319 2455 etiamsi
1335 2389 1474 2475 superior

157 2477 294 2542 daturus
317 2479 414 2552 esset,
438 2474 592 2557 quamdiu
615 2495 651 2538 re
674 2473 746 2558 ipsa
769 2495 833 2539 non
858 2474 956 2542 dedit.

245 2582 285 2646 R.
311 2583 341 2646 2.
387 2580 504 2661 Neque
527 2579 650 2645 sufficit
673 2580 816 2647 facultas
838 2586 976 2663 rogata,
1000 2581 1098 2648 immo
1122 2583 1294 2668 expedita,
1319 2584 1379 2651 sed
1401 2606 1473 2651 nou·

157 2671 234 2736 dum
257 2669 383 2755 petenti
406 2669 585 2737 notificata.
632 2668 808 2735 Concilium
833 2671 918 2735 enirn
942 2670 1029 2737 Trid.
1055 2673 1202 2754 requirit,
1227 2676 1265 2739 61
1287 2673 1472 2759 approbatio
1508 2687 1522 2771 1

156 2760 257 2826 fuerit
272 2760 416 2841 6116616,·
439 2760 575 2825 6116616
599 2761 710 2823 661616
733 2780 797 2823 666
821 2765 881 2836 661,
908 2760 1061 2842 quamdiu
1077 2761 1220 2826 nondum
1245 2766 1298 2829 661
1321 2766 1472 2849 notificato

155 2849 205 2930 (et
229 2857 400 2934 acceptata,
424 2847 486 2912 nisi
511 2848 692 2912 concedens
716 2847 761 2914 sit
783 2848 950 2932 superior,
976 2850 1118 2931 quinon
1144 2851 1186 2916 ad
1208 2850 1403 2919 instantiam
1424 2874 1473 2938 pe·

155 2939 258 3007 tentis
281 2936 535 3003 iurisdictionem
560 2936 718 3015 concedit,
743 2937 801 3002 sed
825 2939 984 3004 mandans
1008 2960 1081 3005 earn
1105 2939 1234 3006 subdito
1258 2941 1421 3026 imponit).
1509 2952 1522 3023 Ι

243 3034 296 3100 Ad
312 3035 395 3100 hanc
412 3056 544 3101 causam
561 3034 790 3101 illustrandam
806 3036 910 3102 servit
926 3036 1022 3114 1661,
1040 3038 1124 3119 quod
1138 3037 1170 3104 S.
1185 3037 1346 3118 Officium,
1364 3061 1474 3126 appro·
1511 3028 1522 3055 ‘

156 3126 256 3191 bante
280 3146 405 3190 summo
421 3123 584 3208 pontifice,
609 3123 639 3190 d.
659 3126 699 3189 14
715 3124 801 3207 Aug.
822 3127 906 3191 1892
923 3125 955 3189 16
980 3147 1016 3190 16
1040 3148 1105 3191 666
1128 3127 1276 3193 dissimili
1292 3129 1372 3196 tulit
1400 3130 1474 3208 ,dis-

154 3215 315 3299 pensandi
339 3215 380 3279 ab
404 3213 635 3296 impedimento
658 3213 857 3279 matrimonii
887 3214 1080 3280 facultatem
1112 3219 1218 3282 6611616
1249 3222 1390 3285 exerceri
1418 3242 1474 3285 666

152 3326 255 3388 posse,
279 3306 456 3385 antequam
480 3302 709 3368 documentum
734 3303 832 3369 datae
854 3301 1025 3371 facultatis
1041 3308 1082 3370 sit
1100 3314 1267 3391 receptum,
1291 3328 1398 3391 neque
1414 3307 1476 3374 suf·

154 3395 253 3458 ficere
276 3392 426 3458 nuntium
449 3391 709 3475 telegrapbicum
733 3392 772 3457 de
796 3393 876 3460 data
907 3392 1085 3468 facultate,
1117 3397 1183 3460 uisi
1205 3398 1319 3462 notitia
1349 3399 1476 3484 talepre-

152 3484 248 3568 pbicc
265 3485 456 3546 transmissa
470 3480 572 3564 fuerit
589 3504 626 3546 en
641 3469 744 3567 officio
761 3486 947 3549 auctoritate
963 3487 996 3550 S.
1010 3484 1114 3550 Sedis.
1150 3485 1208 3551 ΤΙι.
1220 3507 1262 3551 m.
1276 3483 1317 3565 ll,
1336 3489 1403 3554 380
1415 3490 1475 3553 661

90 3620 146 3674 424
244 3606 297 3670 Au
321 3624 512 3679 ouassrrum
536 3606 574 3668 3¹²³
598 3603 637 3669 R.
665 3607 693 3669 1.
726 3604 816 3669 siin
840 3605 1076 3688 approbatione
1100 3609 1135 3670 61
1157 3605 1384 3675 iurisdictione
1406 3615 1477 3677 ante

154 3702 219 3760 6616
250 3715 353 3759 66666
384 3694 463 3759 1616
493 3693 740 3775 exprimebatur
773 3714 895 3776 ,usque
924 3694 967 3760 ad
997 3694 1274 3774 revocationem“,
1308 3718 1415 3782 eaque
1445 3720 1477 3766 re

153 3784 226 3867 ipsa
249 3783 340 3848 16616
363 3804 427 3847 666
452 3786 513 3861 661,
537 3783 628 3847 66116
651 3787 702 3848 661
726 3783 824 3862 16116,
850 3804 908 3848 661
931 3782 1049 3848 Lucius
1072 3785 1310 3868 approbatione
1332 3788 1477 3872 privatus

153 3894 227 3938 esse
258 3871 481 3947 existimetur;
516 3870 578 3937 etsi
609 3893 693 3937 6666
724 3893 788 3936 666
817 3872 861 3937 611
890 3872 1021 3956 proprie
1051 3872 1200 3939 subditus
1231 3874 1377 3962 episcopi
1409 3878 1476 3944 loci.

243 3968 360 4047 Aliter,
385 3968 412 4033 si
436 3969 505 4032 sine
529 3968 587 4033 illa
610 3969 820 4052 expressione
843 3970 1071 4036 tantummodo
1087 3971 1281 4054 approbatio
1305 3995 1372 4040 666
1396 3975 1476 4060 posi·
1512 4017 1518 4038 .

153 4059 222 4125 tiva
246 4059 356 4123 166161
378 4057 529 4122 limitata.
561 4057 647 4122 Nam
672 4061 740 4122 tum
764 4058 869 4124 videri
893 4059 1000 4135 debet,
1025 4081 1101 4124 num
1125 4061 1209 4126 ratio
1234 4062 1365 4129 dandae
1387 4064 1475 4131 iuris·
1513 4068 1517 4149 ξ

153 4148 306 4214 dictionis
336 4147 436 4212 fuerit
466 4150 575 4213 status
605 4146 815 4212 subiectionis
845 4148 936 4213 Lucii
969 4170 1049 4231 erga
1080 4149 1277 4233 episcopum.
1331 4153 1424 4232 Quod
1452 4153 1475 4218 si
1513 4156 1516 4163 '

153 4237 273 4314 166111,
298 4241 424 4301 mutato
449 4235 611 4300 domicilio
636 4237 828 4319 approbatio
852 4237 1034 4320 exspiravit
1058 4259 1162 4320 neque
1185 4239 1309 4307 revixit
1331 4243 1404 4310 solo
1427 4244 1474 4309 illo
1509 4234 1514 4301 i

152 4327 296 4392 transitu
320 4347 378 4409 per
402 4325 573 4389 dioecesim
598 4327 776 4407 antiquam.
1509 4310 1522 4366 ¹,

243 4443 281 4508 R.
308 4445 337 4508 2.
386 4440 419 4506 Si
449 4462 501 4505 res
532 4441 573 4506 61
603 4440 636 4504 11
660 4441 860 4517 1666161161,
892 4447 929 4509 61
953 4443 1072 4507 Lucius
1102 4443 1295 4511 facultatem
1327 4470 1396 4515 non
1424 4450 1474 4515 ha·

153 4532 262 4596 buerit
285 4531 319 4594 vi
342 4530 459 4613 prioris
483 4530 737 4613 approbationis
762 4531 819 4595 sed
843 4531 876 4594 vi
900 4532 1068 4614 petitionis
1092 4533 1231 4598 actualis
1250 4539 1388 4617 parochi
1411 4559 1473 4605 eam
1514 4534 1520 4577 i

151 4621 300 4703 recipere
325 4620 481 4686 debebat:
506 4620 624 4685 Lucius
648 4621 809 4686 facultate
834 4622 1012 4687 destitutus
1035 4623 1166 4689 mansit.
1198 4621 1286 4688 Nam
1306 4632 1383 4696 utut
1407 4649 1473 4696 con·
1501 4612 1512 4707 ⁸,

1418 4780 1432 4853 1

1392 5032 1440 5135 'l
