3044 5174
149 285 213 358 294
600 281 806 338 &ammentum
824 282 1017 353 paenitentiae.

145 460 226 527 sola.
266 460 313 526 At
335 460 362 526 si
385 460 481 526 buius
504 460 552 526 rei
575 461 835 545 experimentum
859 462 969 527 facere
984 461 1115 527 iubetur
1131 465 1209 528 ante
1223 461 1472 542 absolutionem,

145 549 241 616 nimis
265 549 318 615 diu
342 549 511 632 negotium
534 551 807 618 reconciliationis
831 572 904 615 cum
927 552 997 616 Deo
1021 551 1179 617 differtur.
1512 590 1515 713 p

234 639 273 706 R.
298 641 329 706 4.
376 639 452 705 Alia
482 640 567 705 ratio
597 642 710 705 subest
739 640 773 704 in
796 640 947 707 Tarsilla.
994 639 1235 706 Haecscilicet
1260 639 1472 707 incontinua

145 729 316 795 occasione
340 732 401 794 est.
448 730 494 793 At
517 728 574 794 illa
597 730 725 795 occasio
749 734 800 795 est
823 730 920 812 plane
944 729 1139 807 necessasia,
1165 750 1263 811 quarn
1287 729 1397 795 vitare
1419 751 1472 795 ne-

145 818 232 900 quit:
263 839 369 899 neque
399 823 451 884 est
481 817 608 883 occasio
639 817 786 884 alliciens
816 823 851 884 et
875 818 1107 884 blandimentis
1130 820 1306 894 seducens,
1339 818 1472 901 quasia

145 911 238 973 certa
268 907 409 988 quadam
433 907 683 972 conversatione
707 912 741 974 et
764 907 956 972 commercio
980 908 1121 989 quodam
1144 907 1304 974 abstineri
1332 909 1470 974 deberet.

146 996 209 1062 Sed
239 999 312 1062 tota
341 1016 395 1061 res
425 1016 484 1079 pro
508 996 649 1062 Tarsilla
680 1001 731 1062 est
760 997 903 1080 prudens
933 997 1140 1061 moderamen
1168 997 1201 1061 in
1225 997 1322 1062 modo
1348 997 1471 1080 agendi,

143 1085 178 1151 in
201 1084 371 1150 domandis
394 1085 575 1152 affectibus.
615 1085 652 1149 In
676 1107 741 1167 qua
764 1085 977 1150 refacillima
1001 1085 1183 1169 concipitur
1205 1085 1292 1151 seria
1311 1087 1471 1163 voluntas
1513 1154 1515 1163 ,

144 1172 274 1240 etiamsi
303 1174 458 1256 frequens
489 1173 632 1239 adfuerit
661 1175 820 1257 relapsus.
867 1174 983 1257 Neque
1014 1175 1192 1257 quidquam
1220 1175 1372 1259 proficiet
1400 1197 1472 1241 con-

144 1263 301 1328 fessarius
330 1263 364 1328 in
393 1263 456 1328 hac
485 1284 521 1328 re
552 1263 705 1328 differens
728 1263 983 1339 absolutionem,
1015 1263 1073 1329 sed
1096 1264 1204 1348 potius
1228 1264 1412 1330 adhortans
1434 1266 1471 1330 ad

143 1351 350 1434 frequentem
380 1358 659 1419 sacramentorum
691 1373 795 1418 usum.
842 1351 949 1429 Quare
973 1373 1014 1418 ne
1042 1353 1094 1418 hic
1117 1353 1247 1436 quidem
1270 1354 1380 1420 locum
1405 1375 1471 1419 esse

144 1441 297 1507 existimo
321 1441 536 1507 absolutionis
560 1441 768 1508 differendae.

84 1560 135 1614 516
232 1547 286 1613 An
316 1568 507 1624 ouansmuu
538 1551 577 1612 2ιιὶ
607 1548 646 1614 R.
676 1553 704 1615 1.
751 1547 876 1613 lustiuo
907 1548 1013 1612 minus
1043 1547 1098 1613 fidi
1128 1552 1239 1632 potest
1269 1550 1380 1631 quoad
1411 1549 1472 1614 dis·

144 1636 337 1720 positionem
362 1659 460 1719 quam
483 1637 654 1704 Tarsillae.
693 1637 781 1702 Nam
805 1638 891 1719 quod
914 1642 983 1703 tam
1007 1658 1082 1702 raro
1107 1643 1141 1703 et
1160 1637 1365 1703 solummodo
1382 1639 1472 1720 quasi
1513 1658 1515 1667 ·

145 1730 278 1792 coactus
302 1725 344 1791 ad
367 1726 604 1791 confessionem
630 1726 774 1804 accedit,
807 1726 892 1808 quod
921 1732 990 1792 tam
1022 1747 1137 1809 saepe,
1170 1747 1235 1791 non
1266 1726 1471 1793 obstantibus

144 1815 419 1893 confessionibus,
450 1815 598 1899 relapsus
629 1815 689 1881 sit:
721 1815 936 1898 suspicionem
967 1815 1093 1880 excitat
1117 1820 1232 1881 contra
1255 1814 1419 1882 sinceram
1442 1823 1471 1883 et
1513 1826 1515 1873 ἰ

144 1905 271 1970 virilem
288 1905 502 1971 voluntatem.
534 1904 641 1971 Debet
656 1904 758 1987 igitur
778 1904 997 1969 confessarius
1013 1903 1117 1969 adniti
1143 1905 1175 1987 1)
1199 1909 1237 1970 ut
1259 1905 1316 1970 ille
1339 1906 1471 1971 meliora

144 1995 303 2077 praebeat
324 1994 419 2076 signa
441 1994 546 2058 bonae
562 1994 743 2059 voluntatis
759 2015 857 2077 quam
878 1993 956 2059 solis
973 1994 1098 2066 verbis;
1123 1993 1157 2074 2)
1180 1998 1218 2060 nt
1234 1999 1314 2077 apta
1329 1995 1471 2060 remedia
1513 2036 1515 2045 =

145 2088 260 2149 contra
289 2083 453 2165 relapsum
484 2086 634 2165 acceptet
663 2083 767 2165 iisque
797 2104 832 2147 se
863 2082 911 2148 uti
935 2083 1020 2148 velle
1044 2083 1129 2148 serio
1152 2083 1337 2165 promittat.
1386 2085 1471 2149 Inter

145 2193 229 2254 quae
252 2172 391 2255 primum
415 2173 521 2237 locum
546 2177 647 2250 tenet,
672 2176 709 2237 ut
725 2171 878 2249 Iustinus,
902 2171 931 2236 si
955 2172 1068 2255 possit,
1093 2172 1173 2237 illud
1196 2193 1269 2236 cum
1293 2172 1391 2238 domo
1411 2174 1470 2239 ista

144 2262 354 2327 tractandum
377 2261 545 2342 negotium
569 2260 664 2326 alteri
681 2261 883 2331 committat;
908 2260 950 2326 ad
966 2260 1062 2343 quod,
1086 2261 1113 2324 si
1130 2261 1284 2344 possibile
1300 2264 1363 2338 est,
1389 2262 1469 2344 adigi

147 2352 243 2416 debet.
291 2351 355 2415 Sed
378 2350 406 2415 si
429 2350 462 2414 id
487 2350 587 2414 fuerit
615 2349 831 2433 impossibile,
862 2351 1039 2414 armandus
1062 2355 1114 2416 est
1136 2350 1256 2419 mediis
1275 2350 1468 2426 efficacibus,

145 2461 177 2506 v,
201 2461 233 2522 g.
258 2444 311 2515 ut,
343 2460 406 2521 quo
438 2439 489 2503 die
520 2439 617 2504 debet
641 2439 674 2503 in
697 2441 759 2504 hac
783 2439 876 2503 domo
901 2440 1068 2520 negotium
1093 2443 1255 2518 tractare,
1287 2440 1468 2524 receptione

145 2532 425 2593 sacramentorum
448 2548 484 2593 se
508 2528 688 2605 confortet,
712 2528 875 2593 instanter
899 2528 940 2594 ad
965 2528 1070 2592 Deum
1093 2532 1182 2606 oret,
1208 2528 1356 2612 pericula
1379 2550 1467 2613 prae

147 2618 258 2682 videat
282 2621 381 2699 atque
404 2622 532 2683 remota
555 2617 666 2683 faciat.
1511 2695 1514 2701 ,

235 2705 355 2783 Quodsi
389 2707 607 2772 confessarius
641 2706 726 2771 hanc
757 2705 876 2769 seriam
911 2704 1157 2788 promissionem
1192 2704 1391 2786 obtinuerit,
1424 2706 1466 2771 in·
1512 2730 1515 2791 j

146 2795 298 2860 cumbere
330 2796 427 2862 debet
457 2795 491 2859 in
520 2795 797 2860 subministranda
827 2795 952 2860 motiva
982 2794 1128 2859 efficacia
1158 2794 1279 2859 doloris
1310 2817 1369 2861 seu
1399 2817 1466 2862 con·
1511 2818 1515 2879 f

147 2884 307 2965 tritionis;
339 2906 415 2949 nam
445 2884 545 2951 etiarn
575 2884 607 2948 in
638 2885 699 2949 hoc
730 2883 901 2967 paenitens
923 2884 978 2948 ille
1002 2883 1107 2949 iuvari
1131 2883 1237 2950 debet.
1284 2884 1319 2951 si
1342 2885 1391 2951 ita
1414 2905 1466 2968 ope
1512 2908 1515 2974 3

147 2973 338 3039 confessarii
362 2973 508 3039 redditus
532 2974 632 3039 fuerit
656 2973 842 3056 dispositus,
868 2973 1019 3039 existimo
1043 2973 1281 3038 absolutionem
1305 2995 1380 3040 esse
1399 2976 1466 3041 dan·
1512 2996 1515 3001 ·

145 3064 236 3129 darn:
262 3085 360 3144 quam
382 3063 444 3127 nisi
468 3063 605 3138 dederis
630 3084 683 3127 res
706 3061 833 3145 peiores
856 3064 945 3138 fient,
970 3083 1035 3126 non
1060 3062 1221 3128 meliores
1513 3068 1515 3088 ²

84 3159 135 3212 517
234 3152 272 3221 R.
291 3155 320 3217 2.
360 3152 511 3228 Tarsilla,
537 3173 620 3233 quae
644 3151 709 3216 iam
734 3151 816 3216 dura
840 3151 966 3234 perpeti
991 3151 1098 3228 debet,
1123 3172 1187 3216 non
1212 3155 1264 3217 est
1287 3151 1369 3218 dure
1388 3159 1467 3219 trac·

145 3241 264 3318 tanda,
295 3241 354 3305 sed
378 3241 486 3324 potius
510 3242 668 3305 armanda
691 3241 840 3323 exemplo
864 3240 1044 3323 patientiae
1068 3241 1248 3306 servatoris
1271 3244 1307 3306 et
1330 3262 1390 3326 spe
1413 3241 1468 3307 en'·

145 3330 263 3413 genda.
310 3330 527 3395 Utilissimum
558 3335 686 3407 tamen,
717 3330 814 3394 immo
842 3329 1063 3394 necessarium
1096 3329 1125 3394 ei
1156 3331 1235 3407 erit,
1270 3331 1393 3397 cotidie
1424 3331 1468 3395 vel

146 3419 276 3502 saepius
307 3419 340 3482 in
370 3419 422 3483 die
445 3419 645 3502 propositum
670 3419 790 3483 serium
823 3439 982 3483 renovare
1012 3440 1188 3501 numquam
1222 3420 1469 3487 committendae

144 3507 380 3591 impatientiae,
405 3508 502 3574 immo
526 3508 750 3591 impatientiae
767 3507 852 3590 signi
868 3508 921 3572 vel
940 3507 1094 3573 levissimi
1113 3508 1255 3585 vitandi;
1279 3508 1468 3583 instruatur,

146 3602 184 3664 ut
216 3597 318 3662 faciat
349 3598 410 3662 hac
443 3598 483 3663 de
516 3618 552 3662 re
582 3618 721 3662 examen
751 3597 951 3680 particulare
982 3619 1019 3662 ac
1050 3598 1169 3662 cotidie
1201 3618 1260 3681 pro
1293 3598 1470 3667 defectibus

146 3686 246 3752 etiam
269 3686 445 3751 levioribus
468 3686 694 3769 impatientiae
717 3685 779 3751 sibi
801 3686 874 3768 ipsa
894 3691 1023 3753 statuat
1039 3691 1164 3752 certam
1180 3687 1345 3768 quandam
1363 3688 1468 3773 paeni·

145 3776 303 3841 tentiam:
329 3776 375 3841 sic
399 3776 578 3841 efficaciter
601 3776 747 3841 servabit
768 3797 804 3840 se
820 3775 993 3839 immunem
1011 3776 1128 3840 saltem
1146 3797 1166 3841 a
1182 3776 1276 3857 gravi
1295 3778 1470 3860 patientiae

146 3864 300 3931 laesione.
347 3865 467 3941 Quodsi
497 3865 578 3930 baec
608 3865 753 3930 remedia
780 3865 894 3929 lubens
918 3864 1073 3947 accipiat,
1106 3885 1240 3929 securus
1263 3871 1377 3948 potest
1401 3889 1470 3934 con·

146 3954 304 4018 fossarius
333 3960 408 4037 post
437 3953 686 4020 subministrata
713 3954 838 4019 motiva
862 3952 982 4018 doloris
1012 3953 1251 4019 absolutionem
1282 3955 1381 4035 dare,
1412 3978 1470 4022 non

148 4044 300 4110 obstante
324 4043 545 4126 frequentiore
569 4046 710 4126 relapsu.

512 4210 827 4276 DISPOSITIONIS
853 4209 1114 4275 CERTITUDO.
1141 4207 1154 4295 ξ,

705 4350 815 4416 Casus.
835 4357 912 4424 (147)

237 4486 347 4543 Laetus
368 4486 454 4543 homo
477 4484 625 4555 ebriosus,
657 4484 706 4559 qui
734 4483 864 4559 qualibet
891 4483 1075 4542 hebdomada
1103 4488 1149 4541 ter
1170 4483 1218 4541 vel
1248 4489 1357 4559 quater
1379 4486 1471 4545 ebrius

151 4565 229 4623 iacet
249 4567 280 4623 in
301 4566 367 4624 loco
389 4565 518 4641 publico,
541 4565 603 4623 adit
625 4566 799 4641 paroobum:
826 4565 977 4635 ,Domina
1000 4565 1051 4632 ait,
1074 4564 1162 4622 velim
1184 4564 1275 4623 etiam
1298 4585 1355 4640 ego
1377 4568 1471 4626 facere

150 4645 365 4704 confessionem
386 4665 480 4704 meam
502 4646 698 4722 paschalem.“
743 4645 796 4704 (lui
824 4645 972 4720 parochus
993 4645 1167 4721 respondet:
1200 4644 1357 4717 ,Christus
1386 4647 1471 4716 iubet,
