3044 5174
153 303 217 366 444
650 297 855 353 Sacramentum
873 296 984 352 ordinis.

91 487 143 540 774
240 475 509 552 1111111111
532 479 572 541 3³
594 477 633 542 R.
661 479 689 542 1.
736 474 899 559 Imprimis
921 477 1101 544 notandum
1131 482 1184 545 eet
1206 477 1361 545 strictum
1384 499 1469 562 pree·

153 569 281 649 ceptum
312 566 365 630 vel
396 564 648 649 prohibitionem
677 563 864 650 episcopum
895 585 960 631 non
989 566 1126 644 tulisse,
1159 587 1233 633 cum
1264 567 1374 633 solum
1405 566 1469 650 qnid

152 654 281 739 cupiat,
313 653 389 736 quid
413 675 478 720 non
502 654 631 738 cupiat,
655 653 779 719 Ervino
803 654 1016 722 nuntiaverit.
1062 655 1270 741 Quapropter
1293 676 1337 722 ex
1361 656 1422 722 hac
1441 677 1471 722 re

151 748 322 828 peccatum
345 743 471 809 nullum
493 743 563 808 erui
586 747 707 828 potest.

241 849 280 915 R.
306 853 336 917 2.
379 849 472 925 Quod
495 870 574 915 vero
597 849 742 915 Elrvinus
764 848 988 932 egentioribus
1009 849 1205 917 indicaverit
1227 850 1471 929 medicamenta,

152 939 185 1004 id
207 939 241 1004 in
264 958 301 1004 se
323 942 397 1005 erat
426 959 509 1022 opus
531 939 680 1005 caritatis
710 942 826 1020 atque,
858 939 886 1003 si
909 938 1072 1021 agebatur
1095 939 1136 1005 de
1158 939 1198 1006 iis
1222 940 1374 1022 aegrotis
1396 942 1472 1025 apud

152 1049 234 1110 quos
257 1027 374 1093 medici
396 1027 568 1112 approbati
594 1028 751 1093 auxilium
776 1029 890 1094 deerat
906 1029 958 1093 111
982 1033 1052 1094 tam
1075 1028 1141 1094 cito
1156 1028 1237 1094 ferri
1253 1034 1471 1114 conpeteret,

152 1139 233 1201 opus
267 1117 416 1183 caritatis
451 1117 693 1200 obligatorium.
728 1154 773 1164 -
806 1116 844 1181 111
875 1116 949 1183 aliis
978 1122 1090 1183 autem
1123 1118 1254 1183 casibus
1283 1119 1472 1203 prudentiae

152 1210 224 1272 erat
247 1206 447 1291 perpendere
470 1227 546 1270 num
571 1206 657 1272 forte
687 1204 805 1271 nimius
828 1206 918 1271 zelus
949 1205 1098 1272 caritatis
1121 1205 1280 1274 Ervinum
1311 1207 1473 1275 incautum
1510 1214 1513 1219 ’

151 1295 301 1360 conicere
330 1293 475 1378 potuerit
501 1294 535 1360 in
558 1316 701 1378 pugnam
733 1314 807 1360 cum
837 1294 972 1361 medicis
999 1299 1100 1378 atque
1123 1295 1372 1363 accusationem
1396 1297 1473 1382 apud

150 1384 296 1450 tribunal
317 1384 480 1469 publicum
505 1383 610 1450 civile.

240 1490 324 1556 Re.
371 1490 463 1568 Quod
493 1496 602 1556 eutem
626 1489 770 1556 Eruimus
800 1489 979 1556 sectionem
1009 1489 1228 1574 chirurgicam
1250 1490 1390 1571 fecerit,
1419 1491 1473 1558 hoc

151 1600 210 1663 per
232 1600 268 1644 11
299 1579 329 1644 11
359 1584 431 1646 erat
461 1578 627 1653 illicitnm;
659 1578 809 1644 excusari
840 1583 969 1646 tautum
999 1579 1108 1663 potuit
1138 1601 1180 1645 ex
1203 1581 1424 1662 necessitate,
1449 1581 1473 1648 si

151 1667 302 1733 nimirum
325 1689 367 1733 ex
389 1689 454 1733 una
476 1673 572 1753 parte
595 1668 739 1733 Ervinus
761 1667 913 1752 peritiam
937 1668 992 1734 vel
1015 1667 1249 1736 dexteritatem
1273 1669 1408 1750 habuit,
1438 1691 1473 1736 ex

151 1758 257 1823 altera
280 1761 376 1841 parte
398 1757 485 1841 apud
509 1761 681 1840 aegrotum
704 1757 885 1840 periculum
909 1762 982 1824 erat
1005 1757 1039 1823 in
1062 1778 1163 1824 mora.
1196 1758 1233 1823 ln
1252 1779 1318 1842 quo
1334 1760 1474 1826 necessi·

149 1846 231 1913 tetis
254 1868 349 1924 casu,
380 1851 418 1912 ut
440 1851 551 1930 patet,
581 1846 637 1912 lex
661 1846 805 1930 positiva
828 1845 1052 1912 ecclesiastica
1075 1849 1201 1927 cessat,
1232 1847 1281 1913 its
1306 1853 1345 1916 ut
1375 1868 1474 1932 neque

151 1936 219 2001 ulla
242 1935 459 2002 contrahatur
487 1934 732 2017 irregularitas,
763 1956 868 2017 neque
892 1935 1057 2001 ullatenus
1086 1937 1141 2001 lex
1163 1957 1201 2002 re
1224 1956 1306 2002 vera
1329 1937 1474 2004 violetur.

468 2135 667 2202 VBNA'I'IO
692 2135 884 2202 CLERICIS
907 2136 1156 2204 PROHIBITA.

707 2301 817 2368 casus.
837 2309 916 2376 (aaa)

239 2441 350 2500 Fabius
372 2442 534 2517 parochus,
563 2439 733 2499 venationis
755 2459 875 2510 amans,
903 2440 1003 2516 plures
1025 2441 1119 2502 1111111
1147 2461 1238 2502 canes
1258 2443 1417 2503 venaticos
1437 2449 1475 2502 at

148 2541 204 2598 que
226 2542 278 2580 suo
300 2528 433 2598 tempora
455 2540 569 2579 omnam
591 2521 806 2580 recreationem
820 2520 920 2581 haurit
939 2541 977 2580 ex
990 2522 1166 2593 venaticum
1188 2541 1284 2598 neque
1307 2527 1356 2583 eet
1370 2523 1474 2600 exigua

151 2607 275 2678 captura
295 2621 389 2677 neque
411 2601 550 2676 exiguum
571 2601 693 2672 lucrum,
716 2601 793 2677 quod
814 2621 852 2660 ex
874 2601 982 2660 occisis
1005 2602 1183 2661 animalibus
1204 2602 1285 2662 facit.
1316 2602 1475 2664 Praeterea

151 2686 273 2741 atenac
301 2681 417 2740 culinae
438 2687 469 2740 et
489 2681 691 2756 egentioribus
720 2681 909 2757 parochianis
938 2700 976 2740 ex
1002 2681 1040 2740 iis
1069 2683 1186 2741 abunde
1210 2682 1365 2758 providet,
1392 2689 1475 2761 abque

150 2762 309 2838 quotannis
331 2762 422 2820 semel
442 2768 510 2838 post
524 2761 711 2820 venationem
733 2760 900 2836 generalem
922 2781 1008 2837 quum
1023 2761 1163 2834 instituit,
1185 2763 1321 2823 evocatis
1343 2767 1474 2824 omnibus

149 2843 308 2918 parochiae
331 2861 403 2900 suae
423 2841 590 2912 iuvenibus,
613 2842 755 2900 sollemne
776 2841 930 2919 prandium
953 2847 1048 2918 parat.

151 2954 328 3024 Quannrrnn
350 2956 379 3015 1⁰
399 2955 467 3032 quid
490 2956 525 3015 de
546 2955 706 3015 venatione
728 2954 902 3015 clericorum
923 2956 1006 3030 leges
1027 2955 1180 3016 Ecclesiae
1202 2962 1348 3018 statuant.

351 3056 381 3112 20
402 3053 471 3129 quid
492 3055 527 3112 de
549 3055 642 3113 Fabio
663 3053 859 3112 iudicandum.

744 3236 881 3303 Salutio.
1000 3234 1007 3243 '

90 3386 141 3440 775
239 3378 292 3442 An
316 3396 507 3452 1111111111
534 3380 571 3441 lm
593 3377 632 3469 11.
661 3381 687 3445 1.
735 3377 840 3459 Leges
864 3376 1039 3443 canonicas
1062 3377 1123 3445 hac
1146 3378 1180 3444 in
1203 3400 1240 3444 re
1263 3379 1352 3446 latas
1376 3381 1475 3448 habes

152 3487 197 3533 cc.
219 3470 246 3531 1.
272 3466 338 3530 211
362 3468 392 3544 5,
418 3468 477 3543 24;
502 3486 529 3531 o.
557 3466 689 3533 lClem.
707 3469 738 3544 3,
766 3469 822 3543 10;
847 3489 930 3534 corre.
953 3468 1043 3534 Trid.
1068 3488 1149 3535 sees,
1174 3469 1476 3553 2111111111.

239 3563 440 3628 Ρ111111111
457 3563 592 3629 dicitur:
623 3563 847 3648 ,Episcopum
871 3565 1101 3649 presbyterum
1116 3571 1174 3632 aut
1190 3565 1364 3632 diaconum
1381 3589 1476 3634 canes

151 3657 209 3719 1111
231 3651 406 3735 accipitres
429 3658 487 3718 aut
511 3652 692 3717 huiusmodi
715 3653 757 3718 ad
780 3655 965 3720 venandum
988 3654 1110 3719 habere
1133 3654 1308 3723 nonlicet.
1357 3655 1476 3733 Quodsi

151 3743 223 3825 quis
246 3741 362 3806 talium
386 3761 598 3824 personarum
628 3741 661 3805 iu
689 3741 751 3807 hac
775 3743 946 3825 voluptate
969 3743 1101 3827 saepius
1125 3744 1278 3810 detentus
1301 3744 1422 3823 fuerit,
1452 3745 1477 3812 si

151 3830 322 3915 episcopus
345 3835 412 3908 est,
436 3831 542 3895 tribus
565 3830 730 3895 mensibus
753 3851 774 3896 a
798 3832 1039 3906 communione;
1063 3832 1092 3897 si
1115 3833 1309 3917 presbyter,
1334 3834 1475 3909 duobus:

151 3923 178 3986 si
203 3920 373 3996 diaconus,
398 3921 439 3985 ab
463 3919 549 3984 omni
572 3919 680 3984 officio
703 3921 954 4003 suspendatnr“,
980 3926 1013 3987 et
1037 3943 1108 4004 cap.
1131 3926 1151 3986 2
1173 3921 1351 3999 ,Omnibus
1375 3924 1477 3991 111111

150 4011 211 4075 Dei
235 4007 405 4074 venaticas
428 4012 463 4073 et
485 4008 654 4074 silvaticas
678 4009 872 4092 vagationes
903 4031 976 4075 cum
1000 4010 1134 4076 canibus
1164 4016 1199 4077 et
1222 4010 1400 4096 accipitres
1423 4016 1478 4081 aut

151 4099 296 4164 falcones
319 4099 440 4163 habere
463 4097 714 4164 interdicimus.“

239 4197 354 4261 Altero
385 4197 457 4261 loco
485 4194 543 4274 ,de
573 4201 664 4261 statu
695 4196 927 4261 monachorum
958 4202 992 4263 et
1022 4197 1252 4263 canonicorum
1274 4199 1475 4281 regularium

151 4285 232 4350 hacc
255 4286 433 4351 habentur:
458 4286 476 4367 ᾗ
501 4287 531 4351 3.
575 4285 694 4362 ,Porro
720 4307 740 4351 1
763 4286 991 4352 venationibus
1014 4291 1048 4352 et
1072 4287 1343 4369 aucupationibus
1368 4310 1477 4355 omnes

151 4396 280 4457 semper
311 4375 514 4453 abstineant,
547 4395 607 4439 nec
638 4374 678 4438 iis
708 4374 883 4453 interesse,
915 4380 973 4441 ant
996 4396 1095 4441 canes
1119 4377 1171 4441 vel
1202 4397 1282 4442 aves
1307 4379 1476 4446 venaticos

151 4485 209 4546 per
232 4485 267 4527 se
291 4465 344 4529 vel
368 4465 450 4529 alios
473 4469 587 4529 tenere
611 4469 847 4546 praesumant.
868 4516 900 4530 ..
933 4464 998 4546 §4-
1028 4514 1053 4540 „.
1073 4517 1079 4529 .
1099 4516 1106 4529 .
1125 4465 1159 4530 Si
1181 4464 1237 4547 qui
1260 4486 1340 4532 vero
1366 4488 1476 4534 eorum

152 4553 317 4617 venationi
341 4557 399 4619 aut
422 4552 631 4635 aucupationi
656 4553 819 4617 clamosae
843 4554 896 4617 vel
920 4553 1002 4618 alias
1026 4576 1098 4618 cum
1122 4555 1257 4620 canibus
1281 4562 1340 4622 aut
1364 4558 1478 4623 avibus

152 4661 193 4704 ex
216 4641 382 4725 proposito
407 4641 627 4719 interfuerint,
651 4641 745 4706 iuxta
760 4642 973 4726 praemissam
990 4663 1203 4741 personarum
1226 4643 1478 4724 distinctionem,
