3044 5174
430 277 633 333 Matrimonium
652 277 857 349 praecedentia:
875 306 912 317 -
929 277 1079 350 Sponsalia.
1351 282 1419 346 473

86 452 157 519 eins
180 453 283 519 etiam
304 452 549 519 matrimonium
571 457 678 519 morte
699 454 877 538 compartis
892 454 937 520 sit
952 455 1105 532 solutum,
1129 458 1249 532 utrum,
1273 456 1417 537 inquam,

86 543 120 607 in
140 542 204 609 tali
227 563 306 608 casu
329 541 440 626 priora
463 543 629 626 sponsalia
651 543 869 621 reviviscant,
899 543 925 607 si
956 543 1045 628 prior
1074 564 1267 626 sponsorum
1296 545 1419 611 iniuste

87 632 265 698 derelictus
293 631 342 697 ita
370 631 467 709 velit,
498 651 540 697 au
570 636 726 698 maneant
755 632 855 698 etiam
885 635 1000 697 contra
1030 632 1101 697 eius
1123 633 1327 699 voluntatem
1358 654 1417 700 ex-

85 721 220 788 stincta
252 719 345 798 Quod
366 721 530 806 posterius
553 742 617 786 non
641 726 767 789 certum
791 721 920 804 quidem
943 721 1003 787 sed
1024 722 1192 805 probabile
1208 743 1291 799 esse,
1315 722 1418 788 ratio·

87 809 185 876 nibus
199 809 365 875 hincinde
381 809 545 887 discussis,
562 810 664 877 habes
679 811 767 895 apud
783 810 1147 877 Ballerini-Palm.
1163 815 1205 878 tr.
1221 813 1272 889 10,
1290 817 1371 879 sect.
1385 814 1418 888 8,

86 920 118 966 n.
135 901 326 965 ase-274.
357 899 516 967 Rationes
530 900 727 984 praecipuae
750 899 833 966 alias
848 899 881 964 iu
898 899 968 965 iure
984 900 1146 965 admissae
1161 905 1255 967 sunt:
1281 901 1314 983 1)
1331 902 1417 984 quod

87 986 247 1071 obligatio
270 987 418 1055 strictior
440 987 717 1070 (matrimonialis)
741 989 934 1071 exstinguat
963 989 1070 1054 minus
1093 989 1241 1057 strictam
1266 991 1417 1073 (sponsa-

87 1076 226 1160 litiam);
251 1076 286 1159 2)
309 1077 395 1159 quod
418 1096 460 1144 ea
483 1097 566 1160 quae
588 1077 682 1143 initio
706 1077 926 1145 constiterunt
948 1082 1065 1162 postea
1087 1079 1358 1161 exstinguantur,
1389 1079 1419 1144 si

86 1165 120 1231 in
143 1186 220 1231 eum
244 1185 355 1231 casum
377 1165 561 1245 inciderint,
585 1187 688 1251 aquo
703 1167 847 1252 incipere
863 1189 927 1233 uon
943 1171 1130 1251 potuerunt.
1162 1167 1278 1235 Status
1293 1169 1420 1234 scilicet

87 1254 341 1321 matrimonialis
364 1258 416 1320 est
440 1257 479 1321 de
501 1278 534 1323 se
551 1267 740 1341 perpetuae,
773 1278 812 1322 ac
836 1260 1012 1340 propterea
1035 1261 1188 1323 censetur
1210 1261 1420 1343 enstiapuere,

88 1364 153 1410 non
176 1346 284 1410 solum
306 1344 515 1429 suspendere,
538 1344 596 1410 illa
618 1345 691 1411 iura
714 1350 748 1412 et
772 1345 882 1411 debita
905 1367 989 1429 quae
1011 1345 1087 1413 huic
1102 1345 1205 1413 statui
1220 1350 1417 1430 repugnant.

87 1431 211 1510 Quodsi
239 1432 327 1500 forte
356 1436 465 1500 status
478 1443 483 1447 ”
497 1434 747 1501 matrimonialis
777 1435 978 1501 dissolvatur
1006 1439 1216 1519 praematuro
1240 1435 1421 1521 compartis

88 1522 189 1600 obitu,
214 1521 248 1587 id
271 1542 331 1606 per
353 1522 505 1588 accidens
529 1528 581 1590 est
603 1544 709 1606 neque
732 1524 781 1589 rei
804 1530 957 1590 naturam
980 1528 1050 1589 mut
1073 1528 1098 1591 t.

177 1619 270 1699 Quae
292 1640 365 1686 cum
380 1619 430 1686 ita
445 1620 521 1698 sint,
546 1625 581 1687 et
596 1621 860 1705 probabilitatem
876 1626 946 1688 turn
963 1618 1136 1700 internam,
1160 1626 1230 1688 tum
1246 1627 1417 1688 externam

88 1709 299 1776 auctoritatis
321 1710 589 1792 gravissimorum
604 1710 842 1792 theologorum,
866 1710 922 1776 isti
946 1711 1130 1778 sententiae
1154 1711 1419 1778 conciliaverint:

88 1797 143 1864 ille
167 1798 261 1864 cuius
283 1798 423 1866 interest
452 1802 528 1882 post
557 1800 798 1866 matrimonium
829 1800 949 1865 iniuste
978 1800 1094 1865 initum
1126 1805 1160 1867 et
1183 1822 1242 1884 per
1265 1801 1420 1866 accidens

87 1887 234 1954 solutum
261 1887 372 1971 priora
395 1888 561 1972 sponsalia
583 1911 648 1954 non
671 1890 885 1966 reviviscere,
917 1889 990 1971 cogi
1012 1889 1126 1973 nequit
1149 1895 1186 1956 ut
1209 1889 1419 1955 nihilominus

88 1976 153 2042 illis
177 1977 385 2060 sponsalibus
407 1980 474 2044 stet
497 1998 556 2061 per
578 1978 755 2043 secundum
779 1978 1031 2045 matrimonium.

179 2075 288 2142 Aliter
309 2076 422 2159 plane,
453 2075 481 2139 si
505 2075 748 2141 matrimonium
771 2075 850 2140 illud
874 2074 994 2141 iniuste
1017 2078 1219 2142 attentatum
1243 2075 1343 2144 fuerit
1366 2076 1417 2141 in-

88 2162 246 2230 validum.
292 2163 380 2230 Nam
408 2163 442 2229 in
472 2165 533 2230 hoc
563 2185 641 2229 casu
670 2165 726 2230 ille
756 2165 811 2246 qui
840 2165 889 2231 ita
919 2166 990 2247 agit
1019 2186 1083 2230 non
1109 2165 1248 2232 solvitur
1272 2165 1313 2231 ab
1337 2165 1418 2231 obli-

86 2252 406 2408 lgeattiilppteinpriorum
445 2253 667 2337 sponsalium,
705 2254 777 2337 ipse
815 2258 926 2319 autem
960 2254 1074 2319 horum
1114 2254 1313 2337 sponsalium
1351 2276 1417 2319 non

178 2448 218 2514 R.
250 2450 280 2514 3.
326 2447 381 2514 Ius
410 2450 616 2516 rescindendi
646 2447 811 2533 sponsalia
841 2453 939 2515 invito
968 2452 1061 2515 etiam
1094 2453 1192 2516 altero
1219 2472 1417 2535 sponso-rum,

87 2537 195 2604 oritur
217 2538 251 2601 in
273 2558 394 2620 genere
418 2559 461 2605 ex
483 2539 581 2604 rebus
604 2538 653 2605 ita
672 2537 819 2616 mutatis,
843 2540 897 2603 vel
913 2543 1013 2605 antea
1029 2538 1151 2622 ignotis
1167 2561 1251 2604 nunc
1268 2539 1418 2616 detectis,

88 2631 135 2701 ut,
161 2627 190 2692 si
207 2630 306 2693 antea
321 2627 530 2694 exstitissent
545 2627 598 2693 vel
615 2627 767 2710 cognitae
781 2627 931 2706 fuissent,
957 2650 977 2694 a
992 2628 1197 2712 sponsalibus
1213 2629 1343 2694 omnino
1359 2629 1417 2694 ab·

87 2716 313 2783 sternuissent.
362 2717 453 2782 Haec
482 2717 514 2781 in
544 2739 645 2801 supra
678 2717 773 2783 dictis
795 2717 860 2782 iam
885 2717 1092 2799 aliquatenus
1118 2721 1211 2784 tacta
1240 2722 1333 2795 sunt;
1364 2739 1417 2782 re·

87 2805 241 2871 feruntur
263 2811 375 2871 autem
397 2805 431 2871 in
454 2806 568 2890 primis
599 2807 641 2873 ad
664 2804 814 2872 defectus
836 2829 975 2880 morum,
1007 2811 1157 2873 aarzitatia
1181 2807 1233 2872 vel
1263 2807 1417 2872 notabilis

88 2894 239 2961 defectus
255 2895 443 2979 corporalis,
468 2895 510 2961 ad
532 2899 641 2962 status
656 2894 860 2962 nobilitatem
878 2896 929 2961 vel
947 2895 1045 2961 etiam
1062 2918 1212 2980 mapsam
1228 2896 1415 2962 divitiarum

87 2984 316 3051 mutationem.

179 3106 233 3170 An
256 3127 447 3183 ouaasrrurr
469 3109 509 3171 3⁰²
531 3106 569 3171 R.
590 3109 618 3172 1.
654 3107 687 3173 Si
710 3107 811 3172 semel
835 3105 1022 3172 constiterit
1046 3106 1085 3171 de
1108 3106 1315 3190 sponsalibus
1338 3127 1416 3172 vere
1426 3114 1478 3168 821

87 3195 278 3275 contractis,
301 3196 505 3281 propositum
528 3194 760 3278 ingrediendus
775 3195 942 3277 religionis
958 3216 1022 3260 non
1045 3194 1168 3261 sufficit
1190 3200 1227 3261 ut
1250 3195 1417 3279 sponsalia

89 3284 278 3361 solvantur3
308 3285 367 3350 sed
391 3285 488 3350 debet
509 3285 713 3351 intercedere
735 3285 890 3368 religiosa
917 3282 1094 3369 professi0,
1126 3284 1255 3350 etiamsi
1286 3285 1418 3351 nonsit

90 3373 123 3439 in
154 3373 267 3439 ordine
296 3374 412 3441 stricte
435 3374 532 3440 dicte.
578 3375 694 3457 Neque
723 3375 757 3439 in
787 3375 858 3440 foro
889 3379 1026 3441 externo
1057 3374 1154 3440 aliter
1181 3376 1354 3439 constiterit
1378 3375 1417 3441 de

88 3462 207 3529 solutis
229 3463 436 3548 sponsalibus
458 3462 520 3528 nisi
536 3484 596 3546 per
609 3464 682 3549 ipsa
704 3464 761 3529 illa
784 3469 873 3530 vota.
905 3464 943 3527 In
965 3464 1037 3528 foro
1061 3467 1173 3529 tamen
1197 3462 1417 3529 conscientiae

89 3572 130 3618 ea
159 3573 219 3637 pro
249 3553 366 3619 solutis
395 3552 509 3618 haberi
538 3575 635 3637 posse
667 3575 784 3620 censeo
814 3574 873 3637 per
903 3553 1010 3635 ipsum
1038 3555 1154 3618 votum
1183 3552 1418 3635 ingrediendus
1480 3576 1483 3581 ’

89 3640 273 3723 religionis,
303 3641 403 3708 etiam
427 3642 495 3707 late
518 3648 685 3728 sumptae,
715 3645 821 3728 ibique
845 3641 1019 3726 profitendi
1051 3646 1150 3724 atque
1173 3644 1415 3725 perseverandi.

88 3729 177 3797 Nam
195 3729 225 3796 si
241 3734 355 3797 votum
375 3732 541 3799 castitatis
560 3733 723 3816 privatum
743 3733 776 3795 in
796 3732 869 3796 foro
889 3731 1107 3797 conscientiae
1129 3752 1200 3796 eam
1221 3731 1286 3795 vim
1305 3733 1416 3812 habet,
1463 3734 1466 3741 '

88 3841 155 3886 non
178 3823 231 3885 est
259 3841 317 3886 cur
339 3820 498 3887 eiusmodi
521 3821 688 3903 religionis
710 3824 824 3885 votum
847 3820 938 3885 illum
962 3822 1113 3886 effectum
1136 3842 1202 3886 non
1225 3821 1355 3886 babeat.

179 3924 219 3992 R.
244 3928 274 3992 2.
317 3926 381 3992 Sed
405 3927 467 3991 hoc
490 3929 543 3992 est
564 3927 642 3992 illud
666 3927 772 4010 ipsum
797 3926 837 3991 de
860 3946 923 4008 quo
948 3927 1126 4008 quaeritur,
1158 3929 1267 3992 utrum
1291 3925 1419 3992 scilicet

88 4015 121 4079 in
152 4017 266 4080 nostro
297 4035 376 4080 casu
404 4015 493 4081 inter
515 4015 667 4081 Drusium
698 4021 733 4081 et
762 4015 957 4080 Ludmillam
981 4015 1049 4080 veri
1081 4015 1220 4081 nominis
1249 4015 1418 4098 sponsalia

89 4108 208 4170 exorta
230 4104 297 4170 sint
319 4125 432 4170 necne.
473 4105 723 4170 Promissionem
748 4108 920 4187 parentum
945 4127 1007 4189 pro
1029 4104 1105 4170 filiis
1128 4105 1239 4169 valere
1262 4109 1314 4169 est
1336 4104 1418 4169 iuris

89 4192 323 4277 praesumptio,
347 4193 405 4258 sed
428 4195 650 4277 praesumptio
672 4198 812 4270 tantum,
836 4193 885 4258 ita
908 4198 954 4271 ut,
978 4193 1006 4258 si
1031 4194 1071 4258 de
1088 4193 1251 4258 contrario
1275 4197 1415 4270 constet,

88 4283 312 4366 praesumptio
335 4282 414 4347 nihil
438 4283 559 4348 valeat.
606 4284 656 4347 De
679 4283 828 4347 dissensu
851 4282 1032 4347 Ludnrillae
1055 4283 1151 4365 plene
1175 4286 1358 4359 constaret,
1387 4282 1416 4347 si

88 4391 200 4437 coram
231 4372 422 4456 parentibus
452 4372 716 4438 contradixisset.
770 4372 910 4447 Verum,
942 4371 969 4435 si
1000 4371 1113 4435 statim
1147 4392 1256 4435 coram
1288 4371 1418 4436 ancillis

86 4460 307 4540 contradixit,
344 4482 456 4526 aarum
489 4461 728 4540 testimonium,
763 4461 790 4526 si
822 4461 933 4544 plures
965 4464 1059 4537 sunt,
1091 4459 1177 4524 idem
1210 4460 1349 4543 probare
1382 4464 1418 4526 et

87 4550 243 4617 evincere
265 4554 384 4634 potest.
420 4550 528 4627 Quare
551 4556 620 4616 tum
641 4551 674 4616 in
690 4552 763 4615 foro
780 4549 999 4615 conscientiae
1014 4548 1180 4632 sponsalia
1196 4553 1293 4616 erant
1314 4551 1417 4629 nulla,

85 4646 158 4708 tum
182 4640 217 4706 in
241 4642 378 4706 externo
401 4639 474 4705 foro
498 4661 537 4705 ea
560 4641 650 4706 nulla
673 4641 775 4705 fuisse
797 4643 907 4722 potest
931 4638 1067 4703 ostendi.
