3044 5174
468 296 634 351 Matrimonii
653 299 809 354 contractus
828 297 1007 353 condiciones.
1328 302 1392 366 503

56 472 381 539 indissolubilitatem
405 472 605 538 matrimonii
628 478 764 549 norunt,
793 473 863 538 veri
889 472 1028 538 nominis
1051 472 1294 538 matrimonium
1320 495 1391 539 cunr

56 562 164 647 prima
195 562 315 628 saltem
345 561 469 628 femina
497 562 568 627 fieri
598 583 695 645 posse
723 565 757 627 et
780 583 896 646 reapse
921 561 1136 628 communiter
1158 563 1245 639 fieri,
1278 564 1393 628 Eccle-

58 651 109 718 sia
131 653 239 718 tenet.

147 740 262 823 Atque
290 760 351 823 pro
375 739 624 806 Transsilvania
654 741 767 806 exstet
795 760 881 824 resp.
907 739 939 806 S.
965 739 1026 806 off.
1052 740 1081 805 d.
1107 739 1137 806 d.
1164 742 1182 804 2
1208 741 1279 806 Oct.
1308 743 1392 806 1680

58 830 114 912 (oi.
138 828 398 911 Denzinger,
430 828 656 907 Euchiridion,
682 829 731 896 ed.
758 832 795 905 6,
820 851 851 897 n.
879 829 978 910 1485)
1009 829 1051 894 ad
1083 828 1214 894 dubium
1250 829 1320 907 ,An
1350 829 1394 894 sit

59 918 206 985 validum
237 917 479 984 matrimonium
511 921 716 984 contractum
746 917 835 984 inter
864 917 1059 984 catholicam
1091 922 1125 984 et
1151 918 1394 985 schismaticum

61 1030 134 1074 cum
159 1007 343 1074 intentione
366 1007 518 1072 foedandi
542 1009 596 1072 vel
619 1007 767 1072 solvendi
791 1007 1050 1074 matrimonium
1079 1007 1118 1074 R.
1165 1007 1216 1086 ,Si
1240 1008 1305 1073 ista
1328 1008 1395 1074 sint

59 1097 203 1163 deducta
226 1096 259 1161 in
282 1101 426 1180 pactum,
451 1117 508 1161 seu
533 1117 607 1161 cum
629 1095 695 1162 ista
711 1097 899 1162 condicione
915 1096 982 1162 sint
998 1099 1169 1162 contracta
1185 1096 1393 1174 matrimonii,

58 1190 137 1252 sunt
170 1186 277 1251 nulla:
308 1185 359 1250 sin
382 1185 495 1264 aliter,
529 1189 606 1250 suut
636 1185 775 1252 valida.“
832 1187 922 1268 Ergo
954 1206 1060 1266 neque
1092 1186 1246 1252 voluntas
1279 1191 1395 1253 eontra

58 1273 306 1342 matrimonium
329 1274 459 1357 agendi,
484 1295 589 1357 neque
606 1275 714 1358 opinio
731 1274 826 1339 huius
841 1274 888 1339 rei
905 1273 999 1356 quasi
1015 1273 1142 1349 licitae;
1167 1276 1224 1341 sed
1241 1276 1395 1341 voluntas

59 1364 193 1430 ineundi
218 1363 419 1429 matrimonii
442 1385 507 1428 non
530 1363 627 1429 aliter
645 1384 743 1445 quam
760 1385 833 1428 cum
848 1366 919 1428 iure
935 1363 982 1429 sic
999 1364 1118 1445 agendi
1133 1368 1263 1430 retento
1280 1364 1395 1431 matri·

61 1453 208 1520 monium
232 1452 374 1519 destruit
396 1474 453 1518 eeu
478 1452 559 1518 facit
581 1452 771 1518 invalidum.

150 1541 270 1624 Neque
301 1541 387 1606 hanc
419 1542 625 1607 voluntatem
656 1541 689 1606 in
721 1545 834 1607 nostro
867 1562 944 1606 casu
968 1541 1161 1617 Faustinus,
1193 1546 1230 1607 ut
1254 1541 1395 1618 videtur,

60 1632 187 1708 habuit,
212 1630 271 1696 sed
293 1630 436 1696 fortasse
459 1632 635 1715 habuisset,
663 1630 689 1695 si
715 1629 870 1713 cogitatio
895 1630 1072 1698 incidisset.
1119 1630 1198 1695 Plus
1222 1631 1306 1695 enim
1331 1653 1396 1696 non

62 1721 190 1786 eruitur
213 1741 256 1785 ex
279 1739 320 1785 ea
344 1720 573 1785 observatione
590 1740 662 1784 eum
680 1719 923 1785 matrimonium
940 1723 1185 1785 contracturum
1201 1742 1265 1784 non
1282 1720 1395 1798 fuisse,

61 1810 88 1874 si
119 1809 201 1875 illud
231 1807 405 1874 insolubile
435 1829 508 1873 esse
536 1808 697 1876 scivisset.
745 1809 866 1874 Fateor
895 1814 1023 1885 tamen,
1054 1807 1082 1872 si
1112 1809 1269 1873 eiusmodi
1301 1814 1396 1875 eraut

62 1897 333 1964 circumstantiae
357 1902 391 1964 et
414 1897 471 1963 illa
494 1919 612 1963 revera
636 1898 806 1980 dispositio
834 1898 950 1974 animi,
982 1897 1223 1963 matrimonium
1254 1899 1396 1963 evadere

61 1988 210 2071 practice
235 1987 387 2052 dubium:
416 1987 474 2052 sed
504 1988 577 2051 ideo
609 1987 851 2052 matrimonium
883 2008 949 2052 non
979 1986 1116 2052 solvitur
1147 1987 1205 2051 sed
1238 1986 1395 2069 obligatio

63 2075 216 2160 exsurgit
238 2075 320 2140 illud
343 2075 477 2140 meliore
501 2096 661 2141 consensu
685 2075 840 2141 reddendi
861 2075 992 2142 certius.
1025 2075 1145 2153 Quodsi
1169 2080 1300 2142 constat
1323 2098 1396 2141 cum

61 2186 175 2231 errore
199 2164 257 2230 illo
281 2165 320 2230 de
344 2164 542 2230 matrimonii
558 2164 760 2230 solubilitate
776 2165 921 2230 adfuisse
937 2165 1140 2230 voluntatem
1164 2169 1396 2249 praevalentem

61 2255 135 2320 veri
159 2253 369 2330 matrimonii,
395 2254 435 2319 de
458 2254 553 2319 huius
577 2254 690 2319 valore
713 2254 837 2319 nullum
860 2257 971 2338 potest
994 2253 1125 2318 dubium
1149 2254 1297 2320 excitari.

249 2475 251 2479 ¹
343 2445 548 2512 CONDIOIO
572 2446 730 2513 TURPIS
754 2447 802 2512 IN
826 2445 1122 2513 MATRIMONIO.

633 2603 744 2670 Casus.
764 2612 840 2680 (256)

153 2737 260 2807 Rufus,
281 2736 416 2806 Rufinus,
438 2736 613 2795 Rufinianus
629 2736 788 2796 acatholici
809 2736 909 2812 potius
924 2737 1056 2796 libidinis
1073 2757 1164 2796 causa
1179 2735 1396 2795 matrimonium

63 2817 139 2877 inire
169 2817 301 2893 cupiunt.
349 2816 422 2875 Cum
452 2816 572 2893 sponsis
600 2818 662 2875 suis
691 2818 727 2875 de
755 2817 977 2877 condicionibus
1006 2816 1185 2876 matrimonii
1213 2821 1302 2875 antea
1331 2833 1397 2873 oon·

63 2898 204 2957 veniunt:
236 2899 265 2969 1)
286 2897 398 2968 Rufus,
421 2902 453 2954 ut
474 2897 573 2972 proles
593 2897 748 2955 nascitura
770 2897 911 2956 educetur
932 2899 962 2957 in
985 2897 1181 2967 Calvinism03
1211 2898 1241 2969 2)
1263 2895 1397 2965 Rufinus,

63 2984 95 3037 ut
115 2978 218 3055 proles
251 2981 392 3052 suscepta
420 2978 527 3035 abortu
548 2977 704 3051 abigatur3
734 2978 763 3047 3)
785 2977 979 3045 Rufinianus,
1008 2983 1042 3036 ut
1070 2976 1226 3052 conceptio
1255 2975 1396 3035 evitetur:

62 3065 168 3135 postes
190 3056 408 3116 matrimonium
430 3062 572 3116 consueto
593 3058 679 3116 modo
701 3058 758 3116 rite
779 3057 892 3118 ineunt.

64 3162 242 3232 Quaemrua
273 3162 301 3219 1⁰
328 3160 397 3236 quid
430 3161 609 3220 discriminis
638 3162 692 3233 sit,
725 3168 812 3240 prout
844 3163 875 3220 in
904 3161 1105 3220 contrahendo
1133 3159 1320 3218 matrimonio
1348 3178 1397 3217 res

332 3247 435 3317 turpes
457 3242 488 3299 in
510 3248 628 3317 pactum
651 3243 836 3301 deducantur
857 3248 989 3300 autnon
1011 3242 1203 3299 deducantur.

273 3331 303 3388 2ο
330 3331 399 3405 quid
421 3331 452 3389 in
473 3350 546 3390 casu
566 3333 720 3408 proposito
743 3333 778 3390 de
800 3330 996 3391 matrimoniis
1016 3330 1077 3389 illis
1098 3328 1294 3388 iudicandum.

663 3514 798 3582 Solutio.

152 3657 208 3722 Au
232 3676 424 3732 ousssrruu
450 3659 488 3720 1¹⁵
511 3656 550 3721 R.
578 3659 606 3721 1.
654 3656 707 3720 Ex
731 3655 825 3721 dictis
849 3656 881 3720 in
907 3677 985 3721 casu
1009 3656 1133 3739 priore,
1158 3661 1195 3722 ut
1218 3656 1258 3720 de
1282 3655 1459 3728 matri-874

63 3746 165 3813 monii
188 3743 342 3810 nullitate
366 3750 502 3828 propter
525 3743 693 3828 appositas
713 3745 977 3810 circumstantias
994 3749 1107 3829 turpes
1122 3744 1155 3809 in
1171 3745 1243 3809 foro
1261 3750 1396 3810 externo

63 3839 211 3912 constet,
241 3854 296 3899 res
326 3838 441 3917 turpes
471 3836 593 3899 debent
626 3834 658 3915 1)
689 3855 760 3900 esse
792 3839 906 3900 contra
936 3834 1153 3900 substantiam
1188 3833 1396 3912 matrimonii,

63 3923 221 3990 videlicet
244 3922 314 3988 sive
338 3927 454 3988 contra
478 3923 547 3988 eius
571 3925 734 4007 raritatem,
759 3923 829 3988 sive
846 3929 961 3990 contra
985 3924 1054 3989 eius
1078 3923 1395 4006 indissolubilitatcm,

62 4014 134 4080 sive
158 4016 274 4078 contra
298 4013 399 4095 prolis
422 4016 646 4098 surreptionem
669 4016 715 4078 uel
738 4016 1021 4097 conservationem·
1043 4012 1077 4095 2)
1101 4013 1221 4077 debent
1245 4032 1316 4076 esse
1340 4011 1396 4075 de·

64 4104 186 4169 ductae
208 4102 242 4167 in
265 4106 408 4186 pactum.

155 4208 194 4273 R.
221 4210 250 4273 2.
291 4207 411 4284 Quodsi
435 4207 537 4290 igitur
561 4208 623 4272 hae
647 4229 700 4272 res
723 4207 858 4274 illicitae
882 4208 915 4273 in
939 4211 1072 4292 pactum
1096 4228 1159 4271 non
1183 4207 1396 4283 deducantur,

63 4298 122 4363 sed
147 4301 223 4362 iura
246 4296 499 4363 matrimonialia
523 4296 583 4361 sibi
608 4303 721 4363 mutuo
746 4298 824 4362 dare
848 4297 958 4380 sponsi
974 4294 1148 4373 voluerint,
1174 4295 1302 4361 etiamsi
1320 4316 1397 4360 con-

63 4386 212 4470 ceperint
228 4386 436 4450 nihilominus
451 4386 657 4452 voluntatem
675 4390 790 4452 contra
806 4388 887 4451 haec
903 4387 975 4450 iura
990 4384 1243 4450 matrimonialia
1259 4383 1395 4466 agendi:

62 4479 221 4560 peccatur
244 4475 391 4556 quidem,
423 4475 478 4539 sed
511 4497 575 4540 nou
601 4479 652 4540 est
682 4475 861 4540 invalidum
885 4473 1138 4542 matrimonium.
1185 4475 1293 4550 Quare
1317 4495 1394 4538 con-

62 4568 174 4631 tracto
198 4563 406 4629 matrimonio
429 4564 509 4628 nihil
533 4568 701 4648 superest,
732 4563 793 4628 nisi
824 4568 861 4629 ut
893 4563 958 4628 ista
987 4562 1215 4646 peccaminosa
1240 4564 1395 4629 voluntas

61 4653 280 4735 relinquatur.
