3044 5174
152 242 194 306 34
605 239 646 294 De
664 239 844 295 sacramentis
861 239 1021 308 generatim.

241 414 275 498 3)
308 415 362 482 Ad
392 421 600 484 sacramenta
631 416 734 499 igitur
763 416 879 500 quibus
906 438 1012 482 novus
1042 416 1133 484 vitae
1161 419 1270 485 status
1300 417 1476 503 suscipitur

152 527 191 572 ea
213 505 358 590 positiva
380 505 532 590 probatio
562 506 760 589 praecedere
784 506 882 572 debet
905 527 989 588 quae
1011 507 1166 572 ostendat
1188 507 1400 574 candidatum
1426 508 1475 573 of-

151 595 233 661 ficiis
255 615 314 660 sen
338 594 489 660 oneribus
512 594 590 660 novi
612 599 721 662 status
736 595 879 660 ferendis
894 616 1008 679 parem
1025 616 1106 663 esse.
1139 596 1221 674 Hoc,
1244 601 1475 680 praeterquam

152 685 192 751 de
221 683 401 768 baptismo,
432 685 524 750 valet
553 684 695 749 maxime
725 685 765 749 de
794 685 897 751 sacris
926 685 1093 751 ordinibus
1124 689 1158 750 et
1187 685 1227 751 de
1257 685 1474 752 matrimonio.

152 773 199 840 df.
224 774 392 840 Maron.
420 775 522 851 1424;
546 773 579 839 S.
604 774 721 858 Alph.
746 772 803 851 Vl,
828 773 1137 847 43;Lacr0ix1.
1162 776 1199 852 6,
1223 796 1254 858 p.
1282 778 1317 854 1,
1343 797 1375 843 n.
1403 778 1473 841 137.

241 871 280 936 R.
313 873 343 937 2.
385 870 520 948 Quando
555 871 657 953 igitur
690 870 840 937 minister
869 871 1067 937 sacramenti
1095 870 1211 938 incidit
1239 871 1274 938 in
1304 892 1380 938 eum
1412 873 1474 956 qui,

152 963 394 1026 sacramentum
417 960 533 1025 volens
554 960 718 1045 recipere,
749 960 994 1043 dispositionem
1024 959 1241 1027 sufficientem
1271 983 1336 1028 non
1366 963 1474 1041 habet,

153 1048 372 1133 disponendus
405 1054 456 1115 est
486 1053 663 1131 antequam
697 1054 940 1115 sacramentum
974 1049 1003 1114 ei
1034 1049 1298 1127 administratum
1333 1052 1475 1133 quodsi

153 1159 217 1204 non
251 1137 414 1216 succedit,
451 1139 659 1204 dimittendus
693 1142 745 1204 est
778 1138 848 1204 sine
880 1144 1097 1205 sacramento.
1150 1138 1286 1216 Quando
1319 1140 1391 1206 eius
1423 1141 1474 1222 qni

152 1233 394 1294 sacramentum
424 1227 590 1311 suscipere
619 1227 692 1292 vult
721 1226 892 1311 dispositio
921 1229 1018 1294 dubia
1048 1232 1202 1311 apparet,
1236 1227 1293 1293 ille
1315 1227 1475 1295 iuvandos

153 1321 213 1391 est,
239 1320 276 1382 ut
300 1317 423 1382 certius
445 1315 655 1399 disponatur;
679 1315 762 1382 alias
785 1317 983 1400 regulariter
1007 1317 1205 1400 differendus
1229 1323 1290 1386 est.
1331 1319 1385 1385 Ita
1408 1318 1475 1401 qui·

153 1407 226 1472 dem
249 1406 284 1470 in
306 1404 479 1471 ordinariis
502 1405 767 1474 circumstantiis.
806 1423 810 1431 ·

110 1517 143 1570 52
242 1503 281 1570 R.
307 1506 338 1569 3.
369 1502 504 1580 Quando
529 1524 608 1569 vero
632 1503 744 1585 agitur
773 1502 814 1568 de
837 1503 967 1568 homine
995 1503 1030 1568 in
1053 1503 1191 1570 articulo
1214 1503 1331 1570 mortis
1355 1504 1474 1571 consti·

154 1596 226 1658 tuto
250 1596 351 1674 atque
374 1593 414 1658 de
438 1596 643 1658 sacramento
667 1592 797 1658 omnino
821 1592 1021 1671 necessario,
1046 1592 1171 1660 scilicet
1194 1594 1234 1659 de
1257 1593 1423 1678 baptismo
1445 1594 1473 1658 in

154 1681 283 1747 homine
313 1681 455 1747 nondum
486 1680 669 1765 baptizato,
701 1681 741 1747 de
772 1681 974 1748 absolutione
1004 1681 1143 1748 bominis
1173 1682 1344 1750 christiani
1375 1683 1475 1750 adulti

154 1771 207 1836 vel
235 1771 336 1836 etiam
360 1770 399 1834 de
423 1773 573 1836 extrema
596 1770 750 1836 unctione
771 1771 806 1836 in
829 1791 906 1836 casu
930 1770 1112 1836 moribundi
1135 1771 1285 1836 sensibus
1308 1772 1473 1839 destituti:

154 1881 196 1925 cx
220 1881 286 1925 una
308 1858 437 1942 quidem
461 1864 572 1943 parte,
598 1866 755 1942 quantum
779 1861 932 1943 possibile
956 1866 1023 1937 est,
1047 1860 1202 1945 temptari
1225 1861 1356 1927 omnino
1381 1862 1476 1928 debet

155 1952 192 2015 ut
215 1947 384 2032 dispositio
408 1955 602 2032 procuretur
625 1972 721 2035 quom
744 1952 920 2015 certissima
925 1972 939 2031 ;
970 1969 1013 2014 ex
1036 1949 1141 2015 altera
1171 1954 1283 2015 autem
1306 1955 1420 2034 parte,
1450 1951 1473 2016 si

154 2038 236 2103 haec
268 2037 431 2103 certitudo
464 2038 577 2120 nequit
606 2038 790 2122 procurari,
827 2042 1069 2104 sacramentum
1102 2039 1219 2104 saltem
1250 2039 1474 2106 condicionate

155 2127 226 2192 dari
258 2126 372 2206 debet,
403 2127 556 2209 quamdiu
587 2127 627 2192 dc
658 2128 728 2192 eius
759 2127 909 2209 quivult
938 2127 991 2192 vel
1015 2127 1120 2194 voluit
1149 2133 1396 2194 sacramentum
1425 2150 1473 2195 re·

156 2216 263 2300 cipere
297 2214 546 2300 indispositione
580 2237 645 2282 non
680 2220 821 2283 constat.
874 2216 963 2282 Nam
997 2221 1205 2283 sacramenta
1235 2222 1312 2284 suut
1342 2222 1474 2304 propter

156 2304 313 2370 homines.
360 2305 397 2369 In
428 2306 489 2371 bac
520 2308 670 2370 extrema
701 2306 899 2371 necessitate
930 2308 1172 2372 sacramentum
1202 2307 1403 2390 denegatum
1426 2309 1474 2374 vel

157 2395 295 2460 dilatum
330 2414 431 2460 causa
465 2415 538 2459 esse
571 2398 683 2478 potest
718 2415 776 2460 cur
805 2394 923 2477 aliquis
953 2398 1069 2479 pereat
1105 2395 1202 2462 aliter
1234 2397 1418 2462 salvandus
1445 2397 1474 2463 in

157 2488 336 2551 aeternum.
384 2482 681 2549 ef.Lacr0ix1.
707 2505 734 2549 c.
759 2505 790 2550 n.
818 2486 890 2550 143.

112 2616 146 2669 53
245 2608 297 2672 An
321 2627 513 2683 ouaasmuu
537 2609 576 2670 2¹²¹
599 2607 637 2673 R.
666 2610 694 2676 1.
725 2607 905 2690 Maglorius
924 2610 1065 2694 primum
1094 2629 1221 2674 omnem
1245 2608 1390 2692 lapidem
1413 2631 1475 2675 mo·

157 2717 235 2762 vere
265 2697 377 2763 debuit
400 2701 437 2762 ut
460 2696 669 2762 moribundos
692 2696 766 2761 illos
796 2696 839 2762 ad
862 2697 1022 2762 sinceram
1046 2698 1251 2765 voluntatem
1274 2698 1475 2782 perduceret,

157 2785 231 2851 dein
255 2785 367 2851 debuit
389 2785 452 2850 nisi
477 2784 661 2852 constiterit
677 2807 734 2851 eos
754 2785 837 2852 satis
852 2785 1031 2852 instructos
1054 2806 1136 2865 esse,
1162 2787 1321 2853 veritates
1337 2789 1475 2854 maxime

157 2873 361 2940 necessarias
390 2895 446 2939 eos
477 2875 593 2939 docere
616 2876 669 2940 vel
693 2875 733 2939 iis
756 2874 790 2939 in
819 2875 1008 2940 memoriam
1031 2897 1188 2941 revocare
1221 2881 1321 2958 atque
1344 2898 1420 2942 cum
1441 2877 1475 2942 iis

158 2969 268 3030 actum
291 2984 390 3028 verae
413 2963 489 3028 fidei
512 2963 773 3046 supernaturalis
797 2963 930 3040 elicere;
961 2965 1094 3030 tandem
1118 2969 1194 3048 post
1224 2970 1279 3031 act
1280 2987 1318 3030 us
1264 2967 1474 3032 taliarum

158 3053 317 3119 virtutum
341 3052 601 3134 theologicarum
625 3053 688 3119 rite
713 3052 802 3118 elicit
787 3057 840 3118 tos
855 3053 998 3119 maxime
1015 3054 1126 3120 debuit
1111 3054 1311 3120 tsincerum
1336 3056 1475 3122 dolorem
1518 3056 1520 3063 '

159 3143 199 3208 de
223 3147 340 3224 peccat
341 3142 369 3207 is
393 3163 466 3206 cum
490 3141 658 3225 proposito
682 3141 771 3209 vitae
796 3142 1010 3221 christianae,
1034 3143 1062 3207 si
1085 3144 1174 3209 Deus
1198 3143 1267 3209 dies
1290 3143 1384 3212 vitae
1406 3167 1520 3245 pro·

157 3231 387 3313 longaverit,⁸
379 3253 412 3296 m
436 3231 637 3296 moribundis
660 3231 806 3298 excitare
830 3236 929 3314 atque
952 3231 999 3298 sic
1023 3233 1152 3297 demum
1174 3233 1354 3316 baptizare.

248 3337 286 3405 lt
311 3341 342 3403 2.
376 3337 409 3402 si
432 3338 514 3402 haec
533 3337 747 3421 impossibilia
771 3338 895 3404 fuerint
917 3338 972 3402 vel
986 3343 1062 3422 post
1086 3359 1214 3404 omnem
1238 3345 1395 3407 conatum
1419 3341 1475 3406 dis·
1518 3348 1520 3409 l

159 3426 282 3581 posidtio
302 3425 399 3491 dubia
415 3427 582 3505 manserit,
607 3427 789 3511 baptismus
812 3427 1019 3492 nibilominus
1035 3428 1161 3493 dandus
1177 3433 1259 3507 erat,
1284 3429 1399 3513 utique
1421 3431 1475 3495 sub

160 3539 219 3582 con
243 3537 357 3581 rorone.

247 3613 286 3679 R.
312 3616 342 3679 3.
374 3611 607 3679 Condiciot
549 3618 607 3679 aut
609 3634 660 3678 em
684 3634 748 3677 non
772 3613 884 3679 debuit
907 3634 980 3678 esse
1007 3614 1053 3692 „si
1070 3635 1106 3680 es
1123 3615 1259 3698 disposit
1261 3618 1318 3680 us“
1325 3666 1332 3693 ,
1356 3617 1417 3682 sed
1435 3616 1475 3693 ¹‚si

160 3724 195 3768 es
212 3705 350 3786 capax“.
381 3702 468 3767 Nam
485 3701 539 3784 qui
562 3702 751 3786 baptizatur
778 3703 824 3780 „si
847 3723 883 3767 cs
907 3702 1116 3787 dispositus“‚
1140 3725 1245 3786 neque
1268 3725 1305 3769 re
1328 3705 1403 3788 ipsa
1425 3707 1476 3770 do·

160 3793 262 3858 lorem
291 3791 507 3856 sufficientem
532 3791 682 3857 habuerit
706 3796 785 3857 ante
808 3791 1021 3875 baptismum,
1053 3794 1298 3877 rebaptizatus
1329 3794 1477 3861 nouerit

159 3901 266 3963 neque
288 3880 416 3947 fructus
439 3880 593 3963 baptismi
616 3901 770 3962 umquam
794 3902 953 3946 evasurus
976 3888 1027 3949 est
1050 3881 1225 3966 particeps

250 3969 310 4046 Qui
333 3990 412 4034 vero
437 3969 580 4034 dolorem
605 3970 733 4053 quidem
757 3969 973 4036 sufficientem
998 3993 1062 4036 non
1086 3972 1209 4047 habuit,
1233 3970 1349 4036 habuit
1372 3974 1478 4036 tamen

160 4059 365 4124 voluntatem
398 4058 568 4143 baptismi,
599 4059 627 4124 si
658 4059 845 4143 baptizatur
875 4081 948 4124 cum
978 4059 1166 4126 condicione
1200 4061 1246 4139 „si
1276 4081 1312 4125 es
1343 4062 1477 4145 capax‘,

161 4148 269 4214 valide
293 4146 489 4231 baptizatur.
536 4148 633 4214 Nunc
657 4149 786 4231 quidem
810 4147 951 4214 fructum
975 4149 1146 4234 baptismi,
1177 4155 1390 4233 peccatorum
1414 4149 1477 4215 dico

161 4237 400 4308 remissionem.
426 4258 491 4302 nou
513 4239 646 4322 recipit;
672 4241 830 4314 attamen,
854 4237 881 4301 si
905 4242 1035 4322 postea,
1060 4260 1262 4321 quocumque
1285 4239 1377 4307 vitae
1401 4243 1478 4306 tem·

162 4349 250 4411 pore,
275 4327 367 4392 dolor
386 4327 426 4391 de
442 4328 587 4410 peccatis
603 4328 789 4403 accesserit,
814 4327 941 4391 fructus
957 4329 1155 4393 sacramenti
1171 4329 1337 4412 particeps
1354 4330 1477 4396 evadet.

163 4417 231 4494 Quo
261 4417 298 4482 fit
329 4421 365 4480 ut
396 4415 424 4480 is
447 4415 571 4481 salva-ri
594 4417 699 4500 possit
722 4421 752 4481 oi
776 4416 941 4500 baptismi,
973 4418 1166 4499 praesertim
1197 4418 1226 4482 si
1250 4419 1479 4487 conscientiam

163 4505 343 4585 sacrilegae
371 4504 524 4588 baptismi
549 4505 765 4589 susceptionis
790 4527 854 4569 non
877 4506 1006 4582 habuit;
1040 4513 1198 4571 econtra
1220 4507 1275 4574 ille
1306 4508 1363 4591 qui
1394 4510 1477 4574 inva-

163 4594 226 4658 lide
250 4593 435 4676 baptizatus
459 4595 503 4660 sit
526 4594 666 4660 salutem
691 4617 754 4659 non
779 4600 983 4676 assequatur.
