3044 5174
140 273 205 338 560
606 269 811 324 Sacramentum
829 268 1002 323 matrimonii.

139 445 292 510 sufficere
315 443 429 522 debet,
459 449 497 510 ut
526 465 609 509 unus
639 465 752 509 eorum
775 464 834 509 seu
861 442 889 508 is
918 441 952 507 in
976 442 1066 508 cuius
1090 441 1224 510 crimine
1247 445 1302 510 vel
1325 444 1472 511 criminis

140 534 378 617 complemento
401 533 667 616 impedimentum
690 532 816 608 nititur,
840 531 924 614 legis
948 531 1191 598 matrimonium
1211 533 1375 600 irritantis
1391 555 1470 600 con·

140 623 227 688 scius
250 623 303 688 sit.
350 622 387 686 ld
412 626 536 688 certum
560 624 598 687 fit
621 644 663 687 ex
687 644 714 688 c.
741 624 756 687 1
783 621 1027 701 (Laudabilem)
1051 622 1081 687 X
1105 625 1135 698 3,
1161 625 1214 700 33,
1241 644 1306 705 quo
1331 623 1470 707 impedi-

140 717 284 778 mentum
310 711 534 777 sustinendum
552 732 623 776 esse
640 710 760 777 dicitur
779 711 812 775 in
835 732 912 776 casu
930 731 1002 774 cum
1026 710 1172 776 infideles
1188 732 1262 777 cum
1279 713 1469 779 christianis

139 801 328 866 mulieribus
350 800 384 865 in
407 821 519 865 necem
543 800 735 866 maritorum
752 821 862 865 earum
880 799 1059 882 conspirati
1082 803 1203 879 essent,
1228 805 1329 884 atque
1352 807 1469 886 postea

139 890 201 974 ipsi
226 891 267 955 ad
291 889 502 955 christianam
526 890 622 954 tidem
645 890 804 973 perducti.
852 887 980 954 Sufficit
1003 888 1120 971 igitur,
1150 893 1188 954 ut
1217 913 1303 957 anas
1330 891 1468 976 impedi·

138 984 249 1045 mento
273 982 437 1056 teneatur,
462 999 534 1044 cum
558 978 705 1044 infideles
729 978 835 1044 teneri
858 999 922 1042 non
945 977 1122 1062 potuerint.

228 1087 266 1152 a.
285 1089 314 1152 2.
347 1085 482 1161 Quando
498 1106 577 1150 vero
593 1089 710 1150 neuter
725 1106 856 1151 reorum
871 1085 978 1167 legem
1002 1084 1256 1152 ecelesiasticam
1280 1085 1470 1153 irritantem

138 1175 288 1254 sciverit,
312 1174 481 1259 probabile
504 1175 635 1240 videtur
657 1175 923 1259 impedimentum
947 1175 1025 1252 hoc,
1050 1175 1136 1257 quod
1160 1173 1282 1241 habeat
1303 1176 1469 1241 rationem

138 1285 273 1348 poenae,
298 1285 362 1329 non
387 1263 556 1330 exsistere.

228 1371 266 1438 a.
292 1374 322 1437 3.
369 1370 472 1447 Quam
496 1369 695 1436 senteutiam
725 1375 801 1454 post
830 1369 955 1434 iactum
985 1370 1103 1435 saltem
1129 1370 1352 1437 confessarius
1375 1373 1467 1456 sequi

137 1464 265 1544 potest,
297 1481 338 1525 ne
360 1460 435 1524 illos
465 1460 617 1542 quicum
650 1459 715 1524 isto
745 1458 977 1543 impedimento
1007 1459 1199 1541 ignorantes
1229 1465 1469 1529 contraxerunt

138 1548 231 1632 quasi
261 1549 302 1614 de
332 1549 483 1614 nullitate
513 1548 710 1614 matrimonii
741 1552 890 1625 moneat,
922 1548 979 1612 aed
1009 1549 1062 1614 vel
1094 1553 1200 1616 totam
1232 1571 1302 1616 rem
1335 1552 1466 1617 silentio

138 1642 276 1721 premat,
301 1638 355 1704 vel
377 1643 453 1722 post
476 1638 686 1722 impetratam
718 1636 867 1703 cautelae
898 1657 998 1703 causa
1028 1638 1305 1722 dispensationem
1336 1639 1465 1705 demum

137 1727 323 1794 iterandum
346 1748 539 1793 consensum
563 1727 710 1793 suadeat.
743 1726 831 1792 Ante
854 1726 989 1804 factum,
1014 1727 1076 1792 nisi
1099 1748 1153 1792 res
1177 1728 1341 1794 difficilior
1356 1730 1466 1807 fuerit,

137 1817 370 1882 consulendum
400 1820 452 1881 est
481 1821 519 1883 ut
546 1816 721 1881 secundum
747 1816 886 1882 alteram
910 1816 1108 1881 sententiam
1133 1838 1232 1882 causa
1255 1822 1394 1900 agatur,
1420 1819 1468 1885 ita

137 1912 174 1973 ut
197 1906 239 1970 ad
262 1905 504 1971 matrimonium
528 1905 784 1970 contrahendum
803 1925 868 1969 non
884 1904 1065 1988 procedant
1079 1905 1142 1971 nisi
1156 1911 1232 1991 post
1247 1907 1466 1992 dispensatio·

137 2016 211 2060 nem
235 2016 292 2077 pro
317 1995 446 2061 cautela
470 1995 648 2060 obtentam.
695 1993 743 2060 cf.
772 1996 827 2060 Th.
851 2017 891 2061 m.
915 1993 957 2072 Il,
982 1997 1057 2060 770.

74 2131 127 2188 980
226 2116 846 2202 911911911993911.91991191
872 2141 989 2184 casura.
1039 2122 1066 2184 l.
1096 2117 1247 2183 Condicio
1275 2120 1466 2202 ceteroquin

137 2208 275 2272 honesta
299 2207 401 2272 efficit
423 2207 554 2288 quidem
584 2212 622 2273 ut
651 2206 822 2290 promissio
852 2207 993 2271 nondum
1031 2207 1154 2273 evadat
1176 2228 1257 2273 vera
1281 2208 1465 2292 promissio,

137 2300 313 2378 antequam
337 2296 482 2362 condicio
505 2297 550 2363 sit
573 2297 724 2380 impleta3
749 2296 807 2361 sed
829 2295 973 2361 condicio
999 2296 1043 2371 ,si
1059 2297 1189 2379 quando
1205 2296 1349 2362 solutum
1365 2297 1467 2365 fuerit

137 2386 276 2469 primum
299 2385 560 2451 matrimonium¹‘
588 2390 640 2451 est
663 2385 817 2462 condicio,
842 2405 926 2468 quae
949 2407 1071 2470 semper
1091 2385 1125 2451 in
1140 2386 1357 2471 promissione
1373 2387 1466 2453 adul·

136 2477 281 2539 terorum
303 2475 523 2555 intellegitur:
555 2495 656 2556 quare
680 2474 779 2552 haec,
804 2473 933 2539 etiamsi
954 2474 1136 2557 formaliter
1158 2477 1284 2541 adiecto
1307 2476 1368 2553 sit,
1401 2499 1466 2543 non

136 2563 272 2645 impedit
295 2564 467 2644 quominus
490 2563 757 2646 impedimentum
781 2562 916 2630 oriatur.

225 2663 255 2727 2.
292 2661 355 2726 Sed
386 2682 458 2724 oum
494 2661 621 2725 dicatur
655 2659 849 2725 Cunibertus
883 2659 1013 2743 utrique
1048 2660 1190 2727 feminae
1220 2661 1466 2729 matrimonium

136 2749 341 2832 promisisse,
372 2749 512 2833 suspicio
543 2749 647 2813 oritur
677 2748 717 2814 de
747 2749 960 2832 promissione
990 2772 1054 2814 noa
1079 2753 1185 2845 serio..
1221 2750 1313 2826 Quod
1337 2755 1466 2818 certum

137 2839 266 2920 quidem
290 2861 354 2904 non
378 2843 439 2915 est,
463 2838 622 2921 siquidem
647 2839 893 2922 promissionem
908 2839 1033 2922 primae
1049 2837 1190 2904 feminae
1212 2839 1336 2906 factam
1356 2842 1466 2924 potuit

136 2929 329 2994 Cunibertus
352 2949 411 3010 per
433 2928 609 2992 secundam
633 2927 879 3011 promissionem
895 2929 1066 2993 annullare
1081 2928 1176 3005 velle,
1200 2928 1249 2993 ita
1272 2933 1308 2994 ut
1325 2934 1359 2994 et
1374 2930 1467 3013 prior

136 3019 299 3083 etaltera
324 3017 505 3101 promissi0‚
531 3038 602 3081 cum
630 3019 740 3095 fieret,
772 3021 859 3082 esset
882 3038 963 3081 vera
993 3021 1027 3082 et
1056 3018 1193 3083 sincera.
1241 3017 1331 3083 Nihil
1360 3018 1466 3100 igitur

136 3111 243 3172 restat
281 3107 342 3171 nisi
383 3109 420 3171 ut
454 3106 493 3170 de
528 3106 710 3172 intentione
745 3107 858 3172 habita
891 3106 1085 3171 Cunibertus
1120 3111 1209 3172 recte
1244 3107 1462 3175 examinetur.

137 3195 170 3260 si
200 3199 311 3260 autem
342 3199 417 3278 post
446 3195 693 3278 promissionem
717 3196 820 3278 Syrae
850 3195 935 3259 serio
966 3198 1001 3260 et
1030 3216 1072 3260 ex
1102 3196 1210 3260 anime
1240 3194 1365 3261 factam
1389 3219 1463 3263 cum

135 3284 268 3360 Thecla,
293 3285 343 3348 cui
360 3284 448 3368 prius
464 3284 670 3368 promiserat,
695 3284 823 3349 demum
840 3284 990 3367 peccavit
1006 3305 1110 3367 neque
1126 3284 1199 3349 huic
1214 3286 1463 3367 premissionem

135 3374 325 3450 renovavit,
354 3374 550 3438 censendum
580 3378 631 3439 est
661 3375 745 3438 hanc
770 3373 910 3456 priorem
936 3395 1006 3438 curn
1032 3375 1153 3439 Thecla
1176 3373 1300 3439 factam
1322 3377 1464 3458 promis·

136 3463 259 3526 sionem
284 3485 348 3527 non
371 3463 510 3546 amplius
533 3463 719 3528 substitisse
735 3483 839 3544 neque
863 3484 935 3528 cum
960 3463 1122 3528 adulterio
1151 3463 1234 3528 satis
1257 3463 1360 3528 fuisse
1385 3486 1463 3530 con·

135 3551 290 3617 iunctam.

73 3674 123 3728 931
225 3652 255 3714 3.
280 3649 358 3713 Cum
384 3648 468 3731 Syra
491 3670 532 3714 ex
556 3648 728 3732 multiplici
751 3648 878 3714 ratione
901 3648 1095 3715 Cunibertus
1118 3649 1260 3715 invalide
1284 3651 1461 3718 contraxit.

135 3738 223 3803 Nam
246 3737 386 3822 primum
409 3738 524 3804 aderat
548 3738 813 3822 impedimentum
835 3738 999 3819 ligaminis
1023 3759 1094 3803 curn
1114 3739 1221 3821 priore
1237 3760 1349 3815 uxore,
1376 3741 1463 3823 quod

136 3827 223 3892 civili
248 3827 388 3893 divortio
412 3848 476 3891 non
500 3832 631 3910 poterat
654 3827 753 3899 solvi;
785 3826 859 3892 dein
888 3827 1154 3909 impedimentum
1185 3828 1462 3896 clandestinitatis

136 3917 219 3982 obici
243 3921 363 4000 potest,
389 3916 517 3982 etiamsi
540 3916 629 4000 prior
652 3937 735 3980 uxor
758 3916 823 3981 iam
843 3915 999 3981 defuncta
1020 3922 1117 3993 esset,
1143 3938 1215 3982 cum
1231 3918 1340 3983 forma
1356 3919 1463 3985 civilis

135 4027 199 4070 non
223 4006 367 4071 sufficiat
390 4006 431 4071 ad
455 4005 635 4087 legitimam
660 4004 798 4069 formam
822 4026 931 4070 coram
954 4006 1040 4082 Deo,
1071 4005 1133 4070 nisi
1155 4006 1243 4071 forte
1266 4006 1462 4075 Cunibertus

136 4115 156 4160 a
185 4095 258 4176 lege
282 4095 493 4161 Tridentinae
523 4094 649 4160 somnae
678 4093 830 4159 immunis
860 4094 960 4160 fuerit
992 4098 1026 4159 et
1056 4116 1128 4159 cum
1154 4095 1237 4177 Syra
1266 4105 1462 4178 peractum

135 4184 263 4249 civilem
287 4206 399 4249 verum
433 4184 674 4250 matrimonium
706 4183 899 4252 intenderit:
932 4184 1065 4249 tandem
1095 4183 1195 4249 etiam
1221 4188 1461 4268 postmortem

134 4273 252 4357 prioris
268 4273 415 4356 coniugis
432 4274 543 4338 obstat
558 4273 631 4338 huic
650 4272 858 4339 matrimonio
877 4273 1143 4356 impedimentum
1161 4272 1304 4338 criminis
1324 4281 1460 4351 ,neutro

134 4366 321 4447 patrante“,
353 4384 425 4426 cum
450 4362 489 4427 de
513 4362 674 4427 adulterio
699 4367 733 4428 et
756 4361 970 4445 promissione
1000 4362 1082 4427 satis
1113 4362 1265 4428 videatur
1295 4369 1459 4431 constare.

134 4451 171 4516 In
201 4452 415 4535 promissione
439 4451 567 4532 quidem
595 4452 743 4517 detectus
769 4451 968 4517 sinceritatis
1002 4451 1083 4516 obici
1114 4456 1238 4534 potest;
1270 4474 1386 4520 verum
1410 4455 1461 4522 hic

134 4561 198 4604 non
229 4548 280 4607 est
310 4540 539 4624 supponendus
569 4541 626 4605 sed
656 4541 851 4624 probandus.
899 4542 1001 4604 Immo
1025 4541 1234 4616 Cunibertus,
1267 4541 1296 4606 ai
1325 4544 1460 4611 vivente

134 4631 243 4714 priore
263 4652 366 4695 uxore
382 4630 499 4713 Syram
515 4629 655 4708 duxerit,
680 4633 755 4713 post
779 4629 896 4713 prioris
920 4630 1032 4694 uxoris
1055 4635 1193 4696 mortem
1217 4630 1461 4700 matrimonium
