3044 5174
409 105 612 160 Matrimonium
630 106 836 176 praecedentia:
854 135 890 146 -
908 106 1059 177 Sponsalia.
1334 110 1399 175 475

157 281 198 347 R.
222 281 254 346 4.
292 279 481 346 Pubertatis
504 300 607 345 annos
631 280 752 364 adepta
774 281 937 347 Ludmilla
959 283 1073 350 habuit
1096 283 1289 351 facultatem
1312 285 1400 350 infra

64 368 212 435 triduum
229 367 264 450 (a
280 369 414 452 cognita
429 369 490 435 hac
506 367 679 450 facultate)
698 389 757 452 pro
773 370 868 436 libitu
883 372 1071 437 recedendi:
1095 393 1159 455 quo
1175 372 1275 453 facto,
1299 395 1399 457 spen-

65 459 152 524 salia
181 458 325 524 fuissent
353 459 471 526 soluta.
523 458 587 524 Sed
617 463 687 525 tum
717 459 874 543 temporis
905 466 995 526 certe
1024 462 1138 528 noluit.
1192 463 1268 528 Sive
1296 463 1399 544 igitur

66 547 232 613 Ludmilln
254 550 331 631 pest
352 548 559 631 pubertatem
584 547 751 630 sponsalia
773 548 915 631 positivo
939 571 1098 616 consensu
1129 555 1204 617 rata
1226 553 1341 618 habuit
1365 558 1399 619 et

66 637 287 714 confirmavit,
311 636 382 701 sive
405 658 471 702 nen
493 636 634 720 positive
658 636 822 715 dissensit,
847 659 919 703 cum
936 637 1035 706 sciret
1051 661 1087 704 se
1102 661 1198 723 pesse
1215 641 1397 719 dissentire,

66 725 236 810 sponsalia
259 729 437 792 evaserunt
458 728 562 802 firma,
587 724 635 791 ita
658 730 695 791 ut
718 726 836 790 exinde
855 748 960 809 neque
976 728 1017 793 ab
1034 750 1099 793 una
1114 750 1219 812 neque
1235 731 1276 794 ab
1293 731 1399 796 altera

66 820 164 899 parte
193 817 261 881 aiei
291 817 448 881 communi
477 836 630 881 consensu
661 814 794 880 dissolvi
824 816 1002 899 potuerint.
1050 817 1258 901 Relinquitur
1287 823 1399 885 tamen

67 904 257 971 etiamnunc
290 908 368 970 ante
399 903 641 969 matrimonium
674 904 817 970 facultas
845 905 903 970 illa
931 905 1074 984 intacta,
1108 929 1192 989 quae
1223 908 1326 975 oritur
1356 930 1398 974 ex

66 993 229 1060 electione
252 997 362 1060 status
383 993 596 1077 perfectionis
619 993 672 1058 vel
696 1014 739 1058 ex
761 998 891 1060 mutata
913 1015 1106 1078 sponsorum
1130 997 1326 1063 condicione.

157 1099 198 1166 R.
223 1102 255 1166 5.
293 1100 346 1165 Ex
364 1099 512 1165 omnibus
535 1105 630 1184 patet
653 1101 796 1166 secunda
811 1100 922 1165 Drusii
945 1101 1121 1184 sponsalia,
1146 1107 1260 1187 utpote
1284 1110 1400 1170 eontra

67 1189 116 1255 ius
139 1187 334 1266 Ludmillae‚
358 1189 460 1254 fuisse
482 1189 645 1266 invalida,
670 1211 709 1255 ac
732 1189 825 1273 proin
850 1190 968 1255 debere
991 1191 1162 1271 Drusium,
1186 1193 1214 1257 si
1237 1193 1400 1261 Ludmilla

68 1278 212 1357 insistat,
235 1300 306 1344 cum
331 1301 367 1343 ca
389 1277 472 1344 inire
495 1278 747 1356 matrimonium,
772 1278 897 1344 Bertha
919 1279 1044 1346 relicta.

466 1470 745 1538 SPONSALIUM
768 1469 999 1538 EFFECTUS.

630 1631 740 1700 Casus.
762 1636 838 1705 (241)

157 1772 299 1843 Carolus,
328 1771 426 1832 Titiae
447 1793 546 1832 amore
575 1780 694 1851 eaptus,
723 1781 756 1835 ut
776 1777 850 1834 haec
878 1774 1044 1835 liberiorem
1072 1793 1173 1834 secum
1201 1774 1309 1849 agendi
1337 1793 1398 1833 mo·

67 1853 134 1912 dnm
155 1854 327 1930 permittat,
349 1853 436 1913 dicit:
462 1854 544 1927 ,Non
566 1854 654 1914 aliam
677 1857 781 1914 ducam
802 1856 860 1916 nisi
882 1859 946 1915 te“:
977 1855 1051 1932 quod
1073 1855 1126 1913 illa
1147 1855 1304 1914 subridens
1326 1855 1397 1913 data

69 1935 194 1992 dextera
222 1933 386 1993 confirmat.
429 1933 552 1994 Carolus
573 1954 658 2007 vero,
688 1956 757 1995 mex
786 1937 894 1995 oblitus
922 1955 1022 1994 eorum
1051 1955 1126 2011 quae
1148 1936 1278 2003 dixerat,
1308 1935 1396 1993 etiam

68 2014 165 2073 Titiae
188 2033 319 2073 sorerem
341 2014 377 2072 ad
399 2014 540 2074 liberiora
555 2014 713 2075 sollicitat:
737 2036 812 2092 quae
827 2037 940 2076 omnem
956 2016 1125 2075 libertatem
1148 2015 1254 2091 agendi
1270 2015 1395 2092 repellit,

67 2094 123 2152 nisi
146 2094 314 2153 formaliter
334 2094 392 2153 sibi
412 2095 590 2171 premissum
611 2095 702 2154 fuerit
722 2097 950 2156 matrimonium.
992 2096 1075 2165 Quod
1098 2095 1223 2155 Carolus
1245 2097 1326 2155 facit.

67 2207 246 2277 Quanarrua
268 2207 298 2265 1ο
319 2207 368 2283 qui
389 2208 450 2268 sint
471 2209 654 2286 sponsalium
676 2210 808 2271 effectus.

269 2297 300 2355 2⁰
319 2296 391 2435 guid
410 2297 445 2436 dp
467 2297 565 2357 Caroli
592 2299 837 2375 promissionibus
867 2300 1045 2359 censendum
1076 2298 1132 2372 sit,
1162 2306 1193 2358 et
1222 2299 1327 2375 quibus
1350 2299 1397 2359 de·

341 2396 378 2435 ea
412 2396 501 2437 aare.

667 2561 804 2628 Salutio.

155 2702 210 2766 Aa
233 2721 426 2777 eunasrruu
452 2705 489 2766 1¹⁰
512 2703 551 2767 R.
579 2705 607 2768 1.
654 2702 839 2769 Contractis
868 2703 1075 2786 sponsalibus
1105 2704 1209 2771 oritur
1240 2705 1396 2787 obligatio
1405 2719 1458 2774 823

66 2797 102 2856 ut
124 2790 224 2855 fidem
247 2789 309 2856 sibi
332 2796 483 2857 servent:
515 2813 599 2873 quae
623 2791 779 2872 obligatio
802 2792 947 2876 peccatis
974 2798 1089 2859 centra
1112 2793 1299 2859 castitatem
1323 2816 1394 2859 cum

66 2879 236 2946 extraneis
252 2884 342 2946 certo
357 2880 509 2958 laeditur,
536 2885 570 2946 et
584 2881 727 2946 laeditur
743 2885 832 2947 certe
850 2881 998 2963 graviter
1020 2883 1048 2947 si
1064 2883 1174 2966 puella
1189 2884 1227 2948 fit
1242 2883 1394 2963 gravida;

67 2990 144 3034 num
161 2970 195 3033 in
212 2967 285 3034 aliis
301 2969 441 3047 casibus,
459 2970 589 3051 quande
605 2970 700 3034 huius
715 2970 764 3036 rei
779 2970 959 3054 periculum
974 2992 1037 3035 non
1055 2973 1246 3049 attenditur,
1265 2977 1397 3054 praeter

66 3058 258 3125 castitatem
273 3059 423 3141 graviter
437 3059 588 3125 laedatur
603 3058 740 3137 iustitia,
765 3081 830 3124 non
846 3063 977 3125 constat
993 3065 1092 3127 certo.
1130 3062 1185 3126 Th.
1203 3085 1242 3126 nr.
1260 3061 1301 3138 Il,
1320 3064 1394 3129 664.

155 3163 195 3230 R.
221 3166 252 3230 2.
297 3165 415 3232 Altera
445 3165 602 3246 obligatio
635 3168 687 3231 est
719 3169 756 3232 ut
786 3187 879 3244 mox,
911 3166 1065 3232 videlicet
1094 3167 1136 3233 ad
1167 3166 1395 3233 rationabilem

66 3252 260 3320 alterutrius
282 3253 485 3337 petitionem,
509 3254 752 3321 matrimonium
775 3255 921 3335 ineatur,
952 3277 1009 3321 seu
1033 3276 1074 3320 ne
1098 3257 1264 3338 longiores
1285 3278 1395 3322 morae

65 3343 245 3409 trahantur
276 3341 338 3407 nisi
370 3363 412 3408 ex
445 3345 541 3425 gravi
574 3365 674 3409 causa
706 3346 759 3409 vel
790 3348 902 3410 mutue
933 3366 1103 3411 consensu.
1160 3347 1262 3411 lmine
1296 3346 1395 3412 etiam

65 3437 203 3516 propter
233 3453 360 3497 morum
391 3431 599 3500 honestatem
629 3433 810 3516 urgendum
843 3438 894 3499 est
927 3439 964 3500 ut
995 3434 1237 3500 matrimonium
1269 3436 1322 3500 diu
1355 3457 1396 3501 ne

65 3521 247 3588 differatur.

154 3628 196 3693 R.
221 3630 250 3693 3.
290 3627 401 3693 Factis
423 3627 629 3712 sponsalibus
653 3628 757 3694 oritur
780 3629 912 3713 publica
927 3630 1082 3697 honestas
1098 3630 1185 3695 inter
1200 3631 1396 3697 alterutrum

65 3738 222 3803 sponsum
245 3720 280 3782 et
303 3717 439 3783 alterius
462 3717 720 3800 consanguineos
745 3718 840 3801 primi
863 3720 999 3800 gradm,
1024 3741 1107 3801 quae
1132 3720 1312 3785 constituat
1335 3719 1395 3784 im-

65 3808 288 3891 pedimentum
310 3807 509 3873 matrimonii
534 3806 703 3883 dirimens,
735 3806 784 3873 ita
814 3812 850 3873 ut
879 3830 1019 3891 sponsus
1043 3808 1151 3873 valide
1182 3809 1299 3873 ducere
1330 3829 1395 3873 non

65 3896 171 3981 possit
201 3915 342 3980 sponsae
377 3917 457 3961 suae
489 3901 644 3975 matrem,
678 3896 797 3973 filiam,
831 3918 994 3975 sororem,
1028 3919 1089 3962 nec
1121 3919 1242 3981 sponsa
1274 3898 1395 3963 nubere

64 3984 171 4071 pessit
193 3984 305 4068 sponsi
328 3985 379 4050 sui
403 3984 506 4068 patri,
536 3985 620 4063 filio,
652 3985 756 4052 fratri.
804 3984 914 4068 Atque
937 3987 969 4051 id
993 3988 1099 4064 valet,
1132 3986 1393 4069 quamprimum

65 4073 233 4158 sponsalia
247 4073 360 4141 valida
382 4073 472 4140 facta
495 4074 572 4145 sint.
597 4074 725 4141 etiarnsi
750 4074 836 4140 ferte
860 4079 976 4158 postea
999 4076 1065 4141 sint
1080 4076 1235 4140 resoluta.
1281 4077 1336 4141 'lla
1354 4100 1394 4141 m.

65 4162 106 4244 ΙΙ,
132 4164 210 4230 663.

153 4286 208 4352 An
231 4305 423 4363 unamines
447 4290 487 4350 2¹¹²
510 4288 548 4352 lt.
577 4290 604 4352 1.
651 4286 762 4352 Verba
785 4286 891 4352 Caroli
916 4308 996 4369 erga
1019 4286 1138 4352 Titiam
1170 4288 1300 4370 prolata
1330 4299 1457 4353 non824

63 4377 236 4443 continent
251 4375 435 4441 absolutam
452 4375 651 4441 matrimonii
663 4377 867 4442 voluntatem
884 4397 1088 4459 expressam3
1104 4397 1169 4440 non
1187 4375 1271 4441 enim
1288 4377 1394 4442 Titiae

62 4467 206 4534 absolute
228 4464 393 4549 promittit
415 4465 672 4542 matrimonium,
704 4466 762 4531 sed
784 4465 888 4529 solum
913 4464 1153 4542 condicionate,
1186 4465 1214 4530 si
1237 4466 1319 4531 velit
1343 4471 1395 4533 ut-
