3044 5174
133 261 198 326 238
588 256 794 310 Sacramentum
812 254 1002 324 paenitentiae.

726 439 861 541 Salutio.

70 585 124 639 410
222 581 275 647 An
299 602 490 658 qunnsrruu
517 584 553 645 lm
576 582 616 650 R.
644 584 672 647 1.
708 579 915 647 Paenitentia
937 578 1092 664 imposita
1114 600 1188 645 cum
1211 578 1256 645 sit
1277 600 1338 663 pro
1362 578 1461 645 satis·

132 671 277 737 factione
300 691 477 754 poenarum
502 670 747 754 temporalium,
778 690 814 735 re
838 690 918 735 vera
941 690 1041 752 opera
1063 667 1288 735 satisfactoria
1311 689 1384 735 esse
1407 668 1460 734 de·

133 761 221 837 bant,
246 781 382 842 quorum
406 759 457 825 vis
480 758 704 826 satisfactoria
726 758 931 824 absolutione
948 758 1139 824 confessarii
1155 778 1220 823 non
1236 763 1379 837 creatur,
1403 757 1460 823 sed

134 850 284 915 elevatur
313 869 371 914 seu
402 857 545 935 carpatur.
599 848 683 914 Hinc
715 848 836 914 debent
866 868 938 912 esse
968 867 1067 931 opera
1095 847 1193 928 bono,
1225 847 1334 930 aliquo
1365 846 1460 912 modo

132 942 300 1024 poenolr'o:
323 959 437 1003 verum
461 959 534 1004 cum
557 938 590 1003 in
614 937 675 1003 hoc
698 936 810 1002 ordine
834 936 998 1019 quaelibet
1020 937 1106 1001 bona
1122 956 1222 1020 opera
1245 941 1385 1002 naturae
1404 936 1461 1001 ho·

134 1027 229 1092 minis
253 1032 428 1112 corruptae
451 1027 518 1094 sint
540 1026 673 1108 gravia,
704 1026 785 1092 baec
815 1026 960 1091 condicio
990 1026 1153 1109 posterior
1182 1024 1327 1110 practice
1351 1028 1460 1092 atten-

134 1115 241 1182 denda
271 1137 336 1181 non
366 1120 427 1182 est.
473 1116 553 1181 Inde
584 1120 679 1199 patet
708 1115 914 1181 omissionem
947 1115 1022 1179 boni
1054 1114 1162 1199 operis
1192 1137 1257 1200 qao
1279 1117 1374 1179 talem
1397 1135 1460 1179 non

134 1227 232 1290 posse
255 1225 328 1270 esse
350 1226 410 1289 pro
433 1205 647 1289 paenitentia,
672 1225 744 1269 cum
768 1203 847 1269 nihil
870 1203 947 1269 boni
971 1204 1074 1281 dicat:
1099 1208 1210 1288 potest
1225 1209 1338 1269 tamen
1357 1203 1461 1269 humi·

134 1295 227 1360 liatio
251 1298 286 1360 et
309 1294 503 1374 obedientia,
529 1293 556 1360 si
581 1315 645 1376 qua
668 1293 701 1358 in
725 1293 905 1359 omittendo
930 1314 1028 1376 opere
1052 1294 1135 1358 bono
1160 1293 1356 1372 continetur,
1381 1313 1460 1374 qua·

135 1388 232 1450 tenus
255 1386 307 1448 est
329 1385 478 1449 subiectio
501 1383 561 1448 sub
586 1385 791 1448 voluntatem
815 1382 965 1461 alienam,
990 1382 1132 1449 maxime
1155 1381 1343 1467 superioris,
1368 1385 1461 1448 actus

135 1474 239 1538 bonus
263 1476 363 1554 atque
385 1472 533 1557 poenalis
557 1493 639 1539 esse.
687 1472 893 1556 Quapropter
915 1470 1063 1553 quaestio
1094 1471 1192 1548 haec,
1223 1493 1299 1536 num
1331 1470 1462 1536 omissio

135 1561 211 1627 boni
235 1562 343 1645 operis
367 1561 517 1627 absolute
542 1583 606 1627 esse
622 1565 726 1646 possit
748 1561 951 1644 paenitentia
967 1560 1225 1637 sacramentalis,
1249 1559 1372 1644 pendet
1395 1558 1462 1625 fere

137 1652 178 1717 ab
203 1651 308 1716 altera
332 1651 541 1734 quaestione,
572 1672 649 1714 num
681 1654 775 1716 actus
805 1650 953 1716 internus
977 1650 1110 1716 virtutis
1140 1649 1245 1733 possit
1267 1671 1327 1734 pro
1352 1669 1461 1715 sacra·

136 1739 273 1806 mentali
295 1740 498 1824 paenitentia
519 1740 652 1824 imponi.

226 1847 264 1913 R.
290 1849 320 1912 2.
366 1845 471 1912 Actus
502 1846 601 1912 etiam
631 1866 720 1911 mere
750 1845 897 1910 internos
927 1844 1048 1928 imponi
1078 1864 1174 1929 posse
1207 1842 1461 1920 aconfessario,

138 1935 352 2001 communiter
382 1936 534 2012 docetur;
569 1956 674 2017 neque
707 1935 818 2001 obstat
849 1934 934 2000 ratio
967 1933 1184 2010 sacramenti,
1218 1933 1305 2015 quod
1338 1932 1463 1998 scilicet

137 2029 251 2110 partes
274 2025 482 2103 sacramenti,
508 2029 622 2108 utpote
645 2023 740 2107 signi,
754 2023 892 2101 externi,
918 2023 1059 2089 debeant
1081 2043 1153 2088 esse
1176 2021 1365 2088 sensibiles:
1389 2043 1462 2088 nam

137 2120 227 2180 recte
251 2113 329 2180 dicit
352 2114 384 2180 S.
409 2114 527 2199 Alph.
551 2116 571 2179 l.
597 2134 624 2181 c.
649 2135 680 2178 n.
706 2115 770 2178 514
795 2134 867 2179 cum
891 2112 964 2177 aliis
988 2112 1066 2178 illud
1090 2132 1172 2195 opus
1194 2110 1360 2177 internum
1384 2110 1463 2177 satis

137 2204 291 2270 sensibile
315 2203 385 2268 fieri
408 2224 467 2286 per
489 2202 729 2287 impositionem
755 2223 797 2267 ex
819 2204 915 2286 parte
938 2201 1128 2266 confessarii
1145 2205 1179 2266 et
1202 2200 1462 2285 acceptationem

138 2315 181 2358 ex
210 2297 305 2375 parte
334 2292 552 2376 paenitentis,
586 2291 721 2376 perinde
751 2311 790 2357 ac
820 2289 1065 2369 contritionem,
1102 2290 1300 2356 sacramenti
1335 2295 1461 2375 partem

138 2381 338 2447 nobiliorem.

76 2518 127 2572 411
228 2505 281 2568 An
304 2524 495 2579 ounnsmuu
520 2505 559 2566 2³
583 2501 620 2568 R.
644 2504 672 2567 1.
704 2502 756 2566 Ex
780 2501 820 2567 iis
844 2522 927 2582 quae
950 2501 1046 2566 modo
1071 2501 1269 2579 dictasunt,
1294 2502 1464 2585 consequi·

139 2596 194 2658 tur
226 2596 424 2675 potestatem
455 2590 645 2656 confessarii
668 2589 702 2656 id
724 2612 789 2656 non
814 2590 989 2668 excedere,
1021 2591 1051 2655 si
1073 2611 1186 2673 preces
1209 2590 1395 2657 fundendas
1418 2591 1464 2657 ita

138 2681 298 2763 iniungat,
322 2685 359 2747 ut
383 2680 526 2747 sufficiat
550 2701 607 2745 eas
630 2685 740 2746 mente
764 2700 954 2763 percurrere
978 2680 1031 2745 vel
1056 2679 1159 2744 oculis
1182 2680 1334 2746 lustrare.

227 2787 266 2853 lt.
292 2790 321 2853 2.
369 2787 587 2853 Nihilominus
610 2808 725 2852 verum
749 2791 817 2864 est,
849 2786 1120 2870 praesumendam
1153 2785 1371 2852 communiter
1394 2807 1465 2852 esse

140 2876 331 2942 confessarii
360 2877 573 2943 intentionem
595 2875 796 2958 ‚iniungendi
825 2896 940 2960 preces
970 2875 1152 2940 fundendas
1181 2875 1361 2941 secundum
1392 2897 1463 2941 eum

139 2967 281 3045 modum,
306 2988 369 3049 quo
393 2966 514 3031 similes
538 2967 656 3047 alege
679 2963 1147 3046 ecclesiasticainiunguntur.
1185 2964 1292 3041 Quare
1316 2986 1390 3030 cum
1414 2987 1465 3031 ro·

139 3056 271 3132 sarium,
296 3055 430 3122 litaniae
453 3054 639 3137 similesque
662 3076 785 3138 preces,
809 3055 837 3119 si
861 3055 902 3119 ab
926 3053 1074 3119 Ecclesia
1096 3053 1309 3137 imperantur,
1334 3055 1466 3121 recitari

140 3167 197 3211 seu
222 3167 303 3210 voce
327 3145 489 3211 enuntiari
517 3144 673 3209 debeant.
706 3180 750 3189 —
780 3143 843 3208 etsi
866 3142 1010 3208 sufficiat
1033 3163 1114 3208 voce
1138 3144 1268 3208 omnino
1292 3144 1464 3220 submissa,

140 3256 224 3316 quae
254 3256 295 3297 ne
326 3234 478 3300 audiatur
512 3233 642 3316 quidem
676 3271 720 3279 -
754 3232 917 3315 praesumi
954 3232 1052 3298 debet
1085 3232 1321 3297 confessarium
1353 3234 1464 3298 eodem

141 3324 236 3389 modo
260 3344 317 3387 eas
340 3344 453 3406 preces
477 3323 646 3405 iniungere
663 3323 714 3387 vel
731 3321 911 3386 iniunxisse
926 3342 985 3404 pro
1002 3321 1235 3388 sacramentali
1250 3323 1463 3406 paenitentia,

141 3413 202 3478 nisi
227 3412 425 3479 contrarium
450 3411 676 3477 declaraverit.

78 3550 130 3602 412
229 3537 282 3601 Aa
306 3557 496 3612 annuarum
521 3540 559 3601 3¹²²
584 3536 621 3601 R.
649 3540 677 3601 1.
724 3535 900 3600 Abstinere
923 3535 965 3599 ab
989 3535 1098 3616 aliquo
1128 3556 1227 3618 opere
1257 3535 1360 3615 bono,
1391 3557 1465 3602 raro

141 3627 315 3691 admodum
348 3630 462 3708 aptum
495 3629 564 3703 est,
601 3625 686 3705 quod
719 3644 777 3708 pro
813 3625 1045 3690 sacramentali
1080 3625 1284 3707 paenitentia
1317 3626 1464 3711 impona·

141 3719 215 3791 tur:
254 3715 352 3780 immo
391 3735 508 3780 censeo
543 3734 608 3778 non
642 3735 717 3778 raro
757 3712 914 3777 eiusmodi
952 3713 1185 3779 iniunctionem
1216 3713 1361 3780 invalida
1396 3715 1464 3781 fieri

141 3825 200 3888 pro
234 3804 462 3871 sacramentali
496 3802 713 3887 paenitentia:
749 3823 823 3866 nam
853 3802 901 3867 ita
932 3803 1096 3868 abstinere
1126 3803 1242 3883 quibus
1271 3824 1378 3886 neque
1409 3805 1465 3869 bo·

141 3914 218 3957 num
248 3914 352 3974 neque
387 3893 523 3975 poenale
554 3893 719 3958 ullatenus
754 3890 871 3969 fuerit,
907 3913 966 3974 pro
998 3892 1038 3955 iis
1070 3890 1150 3955 nihil
1183 3891 1283 3958 habet
1313 3892 1465 3959 satisfac·

141 3982 218 4048 torii
249 4003 306 4046 seu
340 3982 462 4046 nullam
496 3982 562 4046 vim
597 3980 856 4055 satisfactivam,
892 3980 1039 4062 adeoque
1074 3981 1219 4064 recipere
1254 3982 1368 4063 nequit
1401 3983 1466 4047 vir-

141 4071 222 4138 tutis
257 4071 483 4137 satisfactivae
518 4075 745 4153 augmentum:
781 4069 867 4151 quod
902 4069 1077 4136 essentiale
1112 4073 1164 4135 est
1197 4070 1230 4135 in
1262 4071 1466 4154 paenitentia

140 4160 381 4227 sacramentali.

230 4259 387 4325 Attamen
412 4258 444 4321 in
475 4278 552 4322 casu
584 4256 751 4340 proposito
782 4277 846 4320 non
877 4277 1039 4339 repugno,
1071 4256 1147 4338 quin
1178 4255 1235 4322 illa
1266 4258 1466 4325 abstinentia

142 4348 251 4413 brevis
275 4371 295 4413 a
318 4371 344 4414 s.
370 4347 568 4412 eucharistia
591 4346 713 4429 imponi
743 4344 904 4429 potuerit,
937 4345 1055 4410 saltem
1086 4346 1114 4410 si
1145 4345 1349 4428 frequentior
1379 4370 1466 4413 com-

141 4438 250 4503 munio
283 4438 315 4502 in
347 4436 509 4502 devotulis
539 4436 603 4500 illis
634 4435 874 4518 paenitentibus
907 4437 1058 4500 effectum
1089 4435 1372 4519 proportionatum
1404 4460 1465 4502 non

142 4527 297 4610 produxit
321 4530 419 4608 atque
445 4529 554 4591 melius
578 4526 617 4590 iis
641 4529 713 4590 erat
736 4523 902 4589 abstinere
927 4546 1023 4605 quam
1048 4524 1154 4589 minus
1177 4528 1385 4609 praeparatis
1410 4549 1465 4592 seu

143 4616 308 4699 dispositis
332 4616 504 4681 accedere:
529 4616 655 4698 dequo
680 4614 721 4680 cf.
747 4614 875 4695 Lugo,
900 4615 950 4678 De
968 4617 1089 4699 prolicit.
1115 4614 1144 4681 d.
1170 4616 1223 4693 25,
1248 4637 1279 4682 n.
1305 4619 1358 4682 65.
