3044 5174
151 283 216 346 320
606 276 811 332 Sacramentum
830 277 1021 349 paenitentiae.

149 454 202 512 sed
223 471 334 512 rueram
354 453 488 530 pellicem
511 457 599 528 atque
622 452 845 528 coniugicidam
880 453 938 513 Sed
959 453 1031 512 mihi
1053 456 1174 526 cavebo,
1196 454 1325 515 insidiae
1346 455 1478 515 recident

149 533 179 592 in
201 538 291 610 caput
312 533 522 592 adulterorum.

150 660 326 727 Quannruun
348 657 378 715 1ο
398 655 468 732 quid
488 655 519 714 in
540 655 667 731 querelis
688 655 749 715 illis
771 655 970 715 confessarius
992 657 1092 717 facere
1113 657 1255 718 debuerit.

348 755 379 812 2ο
400 754 534 831 possitne
554 754 604 812 vel
625 754 732 812 debeat
752 752 923 812 Maxentius
946 772 1012 813 curn
1033 753 1085 813 illa
1099 773 1155 813 sua
1174 774 1268 815 uxore
1291 755 1476 832 coniugalem

405 835 496 892 vitam
517 834 687 910 producere.

349 933 380 991 3ο
400 931 541 1023 possitne·
563 930 619 990 sibi
648 949 755 991 cavere
787 936 876 1007 atque
907 929 1083 990 insidiantes
1117 950 1184 991 cum
1213 951 1317 993 eorum
1346 933 1476 1010 pernicie

402 1030 585 1088 praevenrre.

743 1210 878 1277 Solutio.

86 1380 138 1433 562
237 1360 431 1442 Respondeo
457 1363 615 1444 primum,
646 1363 823 1441 antequam
852 1358 895 1423 ad
917 1358 1102 1441 singulares
1132 1359 1344 1443 quaestiones
1367 1367 1474 1430 trans-

148 1453 259 1528 eatur,
289 1449 367 1515 sciri
395 1448 529 1526 debere,
560 1453 756 1514 teneaturne
779 1448 967 1513 Maxentius
990 1449 1033 1512 ad
1057 1448 1199 1532 sigillum
1223 1453 1473 1517 sacramentale.

148 1538 241 1604 Circa
271 1538 355 1620 quod
381 1543 475 1604 noto:
509 1541 537 1604 1.
562 1537 784 1604 indubitatum
809 1542 861 1603 est
882 1536 1087 1602 Maxentium
1117 1537 1160 1602 ad
1188 1538 1335 1621 sigillum
1364 1561 1474 1607 sacra·
1521 1540 1522 1597 l

148 1628 290 1693 mentale
320 1627 441 1704 teneri,
466 1627 498 1692 -si
529 1647 589 1710 per
618 1625 870 1702 confessarium,
903 1625 974 1690 sive
1004 1646 1047 1691 ex
1076 1626 1146 1692 eius
1177 1627 1275 1711 culpa
1304 1628 1377 1694 sive
1407 1629 1474 1695 sine

149 1717 261 1799 culpa,
293 1716 481 1781 Maxentius
510 1736 581 1781 rem
610 1716 738 1798 accepit
767 1735 825 1780 seu
854 1713 997 1792 audivit,
1029 1736 1059 1782 ν.
1084 1737 1116 1797 g.
1141 1716 1227 1798 quod
1254 1717 1475 1784 confessarius

148 1806 248 1871 altius
270 1805 406 1887 loquens
429 1804 598 1887 repetierit
621 1809 791 1887 peccatum
806 1802 1005 1886 paenitentis
1020 1804 1074 1868 vel
1090 1804 1130 1870 de
1146 1825 1185 1870 eo
1200 1805 1474 1889 interrogaverit;

103 1971 107 1978 ι
149 1916 224 1959 narn
253 1894 409 1960 eiusmodi
439 1894 574 1971 notitia,
608 1914 705 1976 quam
734 1893 953 1958 confessarius
982 1892 1091 1976 sigillo
1121 1894 1268 1960 clausam
1297 1895 1417 1974 habet,
1450 1898 1474 1961 si

147 2004 207 2067 per
236 2004 309 2048 eum
340 1984 383 2048 ad
412 1983 495 2048 ulios
523 1983 691 2066 pervenit,
722 2003 787 2047 non
815 1986 927 2065 potest
950 1982 1122 2064 pervenire
1145 1982 1206 2047 nisi
1230 1983 1340 2066 sigillo
1363 2006 1473 2052 sacra·

147 2072 283 2138 mentali
307 2072 428 2138 clausa.

237 2181 267 2245 2.
293 2177 449 2244 Similiter
477 2177 695 2244 indubitatum
725 2181 777 2244 est
806 2197 896 2253 eum,
927 2175 982 2258 qui
1005 2175 1129 2242 furtive
1151 2177 1245 2243 audit
1265 2177 1376 2261 ipsum
1400 2200 1475 2245 con·

147 2269 305 2344 fitentem,
329 2267 434 2332 teneri
458 2267 500 2331 ad
523 2267 763 2332 sacramentale
785 2265 945 2347 sigillum;
969 2286 1045 2330 nam
1069 2267 1228 2331 confitens
1250 2267 1420 2350 obligatur
1435 2270 1475 2335 ad

147 2358 249 2422 solam
274 2362 436 2421 secretam
459 2356 706 2431 confessionem,
734 2359 768 2421 et
791 2359 828 2420 ut
850 2358 978 2419 secrete
1001 2355 1060 2420 fiat
1083 2375 1157 2419 cnm
1180 2355 1249 2420 solo
1273 2356 1476 2423 confessario

147 2446 197 2510 ius
220 2445 336 2522 habet;
361 2446 504 2511 ostendit
520 2450 632 2512 autem
656 2445 785 2511 actione
808 2464 868 2508 sua
890 2464 927 2508 se
951 2445 1011 2509 hoc
1033 2444 1103 2508 iure
1126 2464 1185 2508 suo
1208 2445 1256 2510 uti
1280 2446 1379 2525 velle,
1404 2467 1477 2511 cum

147 2539 275 2600 secreto
299 2555 373 2599 curn
396 2533 596 2599 confessario
620 2534 773 2616 loquatur
787 2532 884 2614 idque
899 2532 960 2596 sub
975 2532 1208 2598 sacramentali
1223 2533 1349 2616 sigillo:
1374 2556 1477 2618 quare

148 2624 202 2705 qui
225 2645 261 2688 se
283 2623 317 2688 in
341 2623 425 2688 hanc
449 2623 685 2688 confessionem
707 2623 867 2697 insinuat,
899 2623 964 2687 iam
993 2642 1033 2687 eo
1063 2622 1132 2705 ipso
1158 2625 1401 2690 sacramentale
1424 2646 1476 2690 se·

147 2717 273 2778 cretum
311 2711 439 2777 invadit
477 2733 581 2794 neque
619 2716 730 2795 potest
767 2710 917 2777 notitiam
954 2710 1114 2793 sacrilege
1148 2716 1341 2795 usurpatam
1377 2713 1477 2779 aliter

147 2802 268 2867 habere
291 2801 353 2866 nisi
375 2803 435 2866 sub
459 2801 566 2883 sigillo
590 2800 832 2866 sacramentali.

238 2911 267 2973 3.
293 2907 381 2973 Idam
412 2908 600 2986 dicendum,
631 2909 659 2973 si
688 2908 761 2989 quis
791 2927 870 2971 casu
898 2905 969 2971 sine
998 2905 1180 2971 subiectiva
1209 2907 1306 2989 culpa
1331 2907 1475 2991 aliquem

148 2999 355 3062 confitentem
380 2997 524 3074 andiret;
549 3019 626 3063 nam
649 2997 749 3063 etiam
772 2996 826 3061 ille
850 2995 1010 3061 obiective
1032 3016 1090 3060 seu
1113 2995 1331 3061 materialiter
1351 2996 1476 3064 invasit

148 3091 310 3152 secretum
339 3088 594 3164 sacramentale,
626 3088 728 3169 quod,
760 3084 911 3168 quoniam
942 3084 1113 3167 paenitens
1136 3085 1187 3149 ius
1209 3085 1311 3151 habet
1339 3091 1378 3153 ut
1402 3108 1475 3153 oum

147 3176 216 3241 solo
241 3175 441 3241 confessario
465 3177 690 3254 communicet,
715 3176 788 3241 aliis
811 3197 875 3239 non
899 3175 975 3239 licet
993 3194 1053 3257 per
1067 3174 1288 3256 importunum
1305 3195 1476 3242 accessum

147 3265 305 3348 impedire
322 3266 493 3347 quominus
508 3266 628 3331 locutio
645 3265 745 3330 solius
762 3287 834 3329 cum
851 3264 920 3329 solo
936 3267 1083 3337 maneat;
1103 3262 1217 3344 quodsi
1233 3263 1475 3346 impediverint.

148 3360 303 3420 tenentur·
333 3355 447 3420 eodem
476 3360 603 3421 secreto
636 3376 699 3438 quo
730 3352 957 3419 confessarius.
1016 3352 1119 3416 Immo
1149 3352 1213 3417 etsi
1244 3353 1342 3436 paulo
1374 3356 1475 3421 altius

148 3444 320 3526 paenitens
342 3444 539 3524 loqueretur,
565 3449 684 3528 putans
707 3464 743 3507 se
766 3464 831 3506 non
854 3441 960 3505 audiri
983 3440 1024 3505 ab
1040 3441 1123 3519 aliis,
1147 3441 1169 3504 ii
1193 3441 1248 3522 qui
1264 3442 1474 3509 nihilominus

148 3533 309 3609 audirent,
334 3533 490 3598 deberent
513 3533 621 3616 potius
644 3532 773 3614 longius
796 3531 948 3596 recedere
972 3535 1015 3608 et,
1035 3529 1064 3593 si
1079 3529 1156 3611 quid
1171 3531 1390 3614 perciperent,
1415 3534 1475 3598 sub

148 3622 378 3687 sacramentali
401 3621 508 3702 sigillo
532 3622 566 3687 id
587 3622 802 3706 perciperent.

86 3758 137 3812 563
237 3737 267 3801 4.
300 3735 333 3798 Si
365 3734 494 3815 quando
527 3739 637 3800 autern
670 3734 840 3816 paenitens
873 3733 979 3797 sciens
1009 3738 1043 3799 et
1073 3731 1186 3796 volens
1216 3731 1297 3798 adeo
1328 3734 1398 3802 alte
1430 3737 1474 3802 lo·

149 3828 268 3905 quatur
297 3828 334 3889 ut
364 3845 384 3887 a
415 3823 700 3890 circumstantibus
730 3823 898 3898 audiatur,
932 3822 1028 3903 idque
1058 3821 1235 3885 advertens
1265 3823 1475 3890 nihilominus

148 3912 273 3994 pergit:
297 3912 318 3975 ii
343 3911 397 3993 qui
421 3913 557 3979 audiunt
580 3935 638 3996 pro
662 3934 698 3977 re
721 3915 802 3977 nata
824 3910 968 3977 naturali
992 3914 1118 3974 secreto
1141 3915 1280 3993 possunt
1300 3913 1474 3997 adstringi,

148 4023 212 4065 non
236 4007 390 4066 tenentur
413 4001 520 4084 sigillo
544 4000 784 4067 sacramentali.
824 4000 912 4065 Nam
928 3998 1034 4081 sigillo
1058 4000 1291 4066 sacramentali
1310 4003 1476 4070 clauditur

148 4090 218 4154 sola
241 4090 362 4157 locutio
386 4092 428 4156 ad
452 4091 701 4164 confessarium3
733 4090 790 4155 sed
820 4089 854 4153 in
883 4089 945 4153 hac
967 4089 1191 4172 suppositione
1215 4090 1356 4157 habetur
1379 4094 1476 4159 simul

148 4180 268 4245 locutio
295 4181 480 4246 voluntaria
503 4179 687 4245 confitentis
711 4181 752 4244 ad
777 4177 1042 4253 circumstantes,
1071 4199 1171 4259 quae,
1197 4199 1271 4243 curu
1296 4182 1338 4246 ad
1362 4204 1476 4249 sacra·

148 4269 324 4333 mentalem
347 4269 498 4334 notitiam
522 4290 586 4333 non
609 4269 773 4353 pertineat
797 4288 901 4349 neque
923 4266 1093 4349 dirigatur,
1118 4266 1225 4349 sigillo
1241 4274 1476 4338 sacramentali

148 4357 254 4422 claudi
278 4380 342 4423 non
367 4362 485 4441 potest.
525 4359 601 4422 Sola
625 4359 710 4422 enim
725 4359 782 4423 illa
798 4357 918 4422 locutio
935 4378 992 4421 seu
1009 4356 1186 4434 accusatio,
1211 4359 1475 4440 quemchristus

148 4468 206 4528 per
229 4453 469 4513 sacramentum
494 4447 714 4528 paenitentiae
737 4446 880 4513 instituit
900 4451 937 4513 ut
952 4446 1236 4524 sacramentalem,
1260 4447 1318 4514 illo
1334 4450 1475 4517 strictis·

148 4535 229 4600 simo
253 4535 361 4615 sigillo
385 4535 562 4612 clauditur;
587 4557 700 4601 verum
724 4536 966 4602 accusationem
989 4535 1153 4620 publicam
1176 4535 1278 4602 libere
1295 4541 1475 4607 exercitam

148 4624 295 4691 Christus
319 4647 384 4691 non
407 4625 550 4692 instituit
573 4647 678 4707 neque
702 4625 816 4708 exigit.
