3044 5174
144 281 207 346 186
593 276 798 332 Sacramentum
817 276 1008 346 paenitentiae.

231 455 269 521 R.
302 458 331 520 2.
386 454 502 537 Neque
534 457 698 539 repugnat
730 453 807 537 quin
840 474 883 519 ex
914 454 1048 538 speciali
1078 455 1201 521 motivo
1234 458 1326 522 certa
1359 457 1467 539 ahqua

141 544 269 628 peccati
291 543 417 628 species
441 543 514 609 odio
538 543 699 610 habeatur
722 547 756 609 et
779 542 936 626 fugiatur,
960 543 1088 610 ratione
1111 543 1243 610 maioris
1259 544 1314 610 vel
1334 545 1467 611 minoris

142 632 441 716 peccaminositatis
465 633 652 699 nullatenus
674 636 815 699 attenta.
854 633 964 715 Atque
987 633 1035 699 ita
1058 653 1176 698 revere
1190 634 1299 701 solent
1322 633 1468 700 homines

143 723 183 787 de
206 726 299 788 certis
323 723 512 809 quibusdam
536 721 680 805 peccatis
704 722 824 800 dolere,
850 726 886 787 ut
908 722 990 787 haec
1010 722 1081 788 sola
1097 722 1313 802 considerent,
1338 724 1380 789 de
1397 723 1467 789 aliis

143 811 281 876 diversis
303 811 448 896 peccatis
471 811 550 876 nihil
573 812 670 895 plane
693 814 888 889 statuentes,
913 832 977 877 non
1001 811 1232 878 consentiendo
1248 833 1308 878 nec
1327 811 1467 896 positive

142 900 363 967 retractando
410 901 532 966 Fateor
561 900 707 983 quidem,
741 899 769 965 si
798 921 956 983 expressa
985 899 1142 982 cogitatio
1172 901 1300 985 peccati
1331 901 1467 968 alterius

143 989 263 1073 speciei
286 989 420 1072 eiusque
443 988 606 1072 gravioris
629 989 763 1066 oriatur,
787 989 942 1055 facillime
965 989 999 1054 id
1022 993 1215 1056 eventurum
1239 1011 1323 1067 esse,
1351 994 1389 1057 ut
1411 994 1468 1056 aut

142 1078 204 1144 hoc
227 1099 355 1161 quoque
379 1078 599 1146 detestatione
622 1078 931 1161 comprehendatur,
962 1084 1021 1145 aut
1050 1079 1143 1144 dolor
1171 1079 1227 1145 ille
1256 1079 1347 1163 prior
1370 1100 1467 1146 verus

143 1189 215 1234 esse
245 1168 383 1234 desinat.
431 1169 477 1234 At
505 1167 671 1249 inrigare
697 1167 730 1232 id
753 1167 973 1233 necessarium
997 1188 1060 1232 non
1084 1172 1151 1234 est:
1182 1167 1335 1251 specifica
1359 1169 1467 1251 aliqua

143 1256 278 1334 malitia,
304 1278 369 1340 qua
384 1257 461 1323 talis
477 1262 538 1338 est,
560 1277 678 1323 revera
693 1260 838 1322 meretur
853 1256 962 1322 odium
978 1257 1181 1333 absolutum;
1205 1256 1299 1340 proin
1314 1258 1468 1324 voluntas

143 1367 216 1411 eam
246 1349 356 1430 potest
386 1346 509 1422 odisse;
540 1367 645 1428 neque
675 1350 850 1429 propterea
880 1345 1098 1412 necessitatur
1126 1351 1163 1413 ut
1193 1366 1232 1411 ea
1262 1346 1373 1412 omnia
1396 1346 1467 1411 odio

143 1439 361 1518 prosequatur
393 1456 476 1518 quae
508 1435 667 1501 malitiam
700 1435 828 1517 quidem
859 1455 923 1500 non
955 1434 1112 1500 minorem
1145 1434 1203 1500 sed
1235 1435 1333 1518 plane
1370 1435 1466 1501 aliam

144 1524 320 1591 continent.

83 1643 135 1696 318
207 1631 271 1697 .R.
297 1634 327 1696 3.
374 1629 546 1695 Difficilior
575 1651 628 1695 res
659 1633 726 1708 est,
757 1630 784 1695 si
815 1633 936 1712 agatur
965 1630 1005 1695 de
1037 1629 1240 1696 detestandis
1271 1651 1313 1696 ex
1344 1630 1466 1696 motivo

144 1719 322 1785 universali
345 1724 379 1786 et
402 1720 680 1787 transcendentali
703 1719 849 1804 peccatis
872 1719 979 1784 minus
1001 1718 1167 1800 gravibus,
1192 1718 1270 1802 quin
1292 1719 1468 1786 detestatio

143 1810 203 1875 fiat
232 1812 441 1892 peccatorum
472 1808 607 1874 aliorum
639 1829 723 1890 quae
750 1807 886 1874 alterius
914 1807 1043 1890 quidem
1066 1808 1187 1892 speciei
1216 1809 1275 1874 sed
1304 1809 1467 1890 gravioris

144 1898 219 1965 sint.
272 1897 393 1975 Quodsi
422 1897 561 1963 aliorum
588 1901 801 1982 peccatorum
831 1896 935 1962 maior
965 1897 1115 1979 gravitas
1146 1918 1212 1963 non
1241 1898 1348 1963 solum
1379 1903 1468 1965 certa

144 1986 197 2065 sit,
222 1987 279 2053 sed
303 1987 402 2053 etiam
426 1993 516 2053 certo
540 1993 758 2070 cognoscatur
777 1991 811 2052 et
834 1986 1067 2064 consideretur,
1090 1991 1170 2071 puto
1186 1986 1257 2051 fieri
1273 1987 1468 2053 alterutrum

144 2097 278 2142 necesse
302 2097 374 2142 esse
398 2083 434 2144 ut
460 2076 585 2142 scilicet
608 2081 666 2142 aut
696 2075 873 2142 detestatio
897 2096 940 2141 ex
962 2075 1086 2141 motivo
1110 2075 1287 2140 universali
1310 2080 1468 2160 concepta

145 2166 186 2231 ad
216 2165 297 2230 haec
327 2187 455 2249 quoque
488 2166 688 2233 extendatur
716 2169 775 2231 aut
807 2164 983 2230 detestatio
1016 2169 1157 2232 corruat.
1211 2164 1276 2231 Sed
1308 2164 1335 2229 si
1368 2165 1469 2230 maior

144 2254 294 2338 gravitas
317 2255 415 2320 dubia
438 2260 489 2322 est
505 2256 557 2320 vel
575 2277 639 2320 non
662 2253 862 2338 percipiatur
884 2253 954 2319 sive
969 2253 1071 2320 menti
1087 2274 1151 2319 non
1167 2253 1377 2320 obversetur:
1401 2253 1468 2319 fieri
1510 2254 1512 2337 ξ

144 2346 255 2428 potest
277 2348 315 2410 ut
338 2344 457 2410 efficax
480 2343 656 2411 detestatio
680 2347 772 2409 certa
796 2343 926 2425 quidem
956 2347 1093 2426 peccata
1122 2341 1283 2425 attingat,
1316 2364 1383 2408 non
1406 2343 1468 2408 alia

145 2433 208 2498 etsi
230 2433 394 2514 graviora,
419 2454 476 2498 seu
493 2438 529 2500 ut
550 2432 616 2499 alia
629 2432 687 2497 illa
702 2437 839 2517 peccata
854 2454 919 2497 non
935 2431 1075 2516 positive
1091 2431 1220 2513 quidem
1236 2431 1467 2515 approbentur,

145 2522 203 2586 sed
228 2522 381 2604 negative
403 2544 469 2588 non
491 2526 728 2600 retractentur,
760 2524 981 2588 retractentur
1006 2520 1208 2587 solummodo
1231 2524 1343 2606 aliquo
1367 2541 1468 2604 eaque

146 2632 252 2675 minus
275 2633 401 2694 gravia.

235 2719 273 2785 R.
299 2720 329 2784 4.
368 2718 433 2784 Cur
455 2722 565 2784 autem
588 2717 621 2783 in
646 2717 790 2801 peccatis
814 2717 1005 2794 venialibus,
1029 2716 1125 2782 aliter
1148 2714 1243 2781 acin
1266 2716 1469 2790 mortalibus,

147 2806 272 2888 aliqua,
296 2807 438 2872 maxime
461 2807 625 2889 graviora,
650 2805 808 2873 detestari
832 2827 905 2871 cum
929 2808 1046 2872 effectu
1069 2804 1186 2872 veniae
1208 2804 1381 2889 possimus,
1406 2827 1468 2871 nou
1510 2838 1512 2877 1

146 2895 337 2962 retractatis
366 2896 455 2974 aliis,
487 2897 572 2962 ratio
603 2902 654 2963 est
684 2895 760 2979 quia
788 2900 925 2979 peccata
947 2894 1089 2960 venialia
1112 2894 1171 2960 Dei
1203 2893 1382 2960 amicitiam
1406 2916 1468 2961 non

147 2985 335 3064 destruunt,
372 2986 512 3052 destruit
546 2985 714 3068 quodlibet
746 2989 916 3068 peccatum
952 2984 1106 3059 mortale;
1142 3004 1255 3048 verum
1291 2985 1378 3066 quod
1410 2984 1469 3049 Dei
1509 2980 1512 3089 Ι

147 3074 324 3141 amicitiam
347 3074 503 3153 destruit,
535 3075 759 3157 quodcumque
785 3074 914 3139 demum
936 3073 1015 3138 illud
1040 3078 1107 3151 est,
1139 3072 1212 3138 odio
1236 3072 1348 3138 haberi
1373 3073 1469 3138 debet
1510 3147 1512 3153 y

147 3164 189 3229 ab
213 3185 251 3229 eo
275 3163 425 3247 quicum
449 3165 519 3229 Deo
542 3164 615 3229 vult
637 3162 848 3229 reconciliari.
1510 3188 1512 3197 ·

87 3306 138 3359 319
237 3288 290 3352 Ao
322 3309 513 3364 qunasrrcu
547 3291 586 3353 3¹¹¹
618 3287 656 3353 R.
693 3290 720 3354 1.
776 3288 813 3351 ln
848 3286 956 3370 priore
989 3307 1066 3352 casu
1100 3285 1187 3350 circa
1221 3284 1473 3351 detestationem
1510 3278 1512 3287 ⁴

149 3376 309 3442 mendacii
324 3376 494 3460 Adolphue
518 3381 607 3443 recte
631 3397 694 3442 non
715 3376 879 3442 concludit
895 3398 957 3440 non
969 3379 1111 3460 potuisse
1126 3375 1242 3440 adesse
1257 3373 1473 3440 sufficientem

149 3466 291 3531 dolorem
329 3471 363 3532 et
398 3466 651 3549 dispositionem.
709 3465 861 3547 Sequitur
896 3464 1026 3546 quidem
1060 3463 1218 3530 motivum
1254 3463 1377 3529 doloris
1413 3485 1473 3528 non

148 3555 295 3638 potuisse
318 3576 390 3620 esse
420 3576 543 3639 poenas
571 3556 769 3639 temporales
792 3575 850 3619 seu
873 3555 1027 3619 damnum
1050 3553 1232 3637 temporale
1254 3553 1473 3626 subeundum;

150 3644 208 3709 sed
230 3644 390 3710 motivum
415 3645 534 3710 doloris
557 3644 665 3728 potuit
687 3665 761 3709 esee
776 3643 954 3708 intrinseca
972 3642 1151 3726 turpitudo,
1176 3663 1260 3725 quae
1275 3662 1357 3708 sane
1374 3642 1475 3708 maior

151 3738 202 3799 est
231 3734 265 3798 in
294 3738 428 3817 peccato
459 3733 529 3799 sine
559 3734 626 3799 ulla
656 3754 757 3798 causa
780 3732 952 3798 commisso
980 3753 1077 3815 quam
1101 3731 1134 3797 in
1157 3735 1294 3814 peccato
1318 3731 1473 3797 officioso.

150 3822 260 3887 Etiam
283 3823 408 3889 motiva
431 3823 631 3889 universalia
647 3821 836 3887 Dominicae
858 3821 1020 3905 passionis
1044 3826 1106 3887 etc.
1131 3821 1228 3887 aliter
1250 3825 1351 3903 atque
1370 3815 1474 3903 maigis

151 3917 325 3978 versantur
359 3912 446 3977 circa
481 3912 597 3995 prioris
632 3912 761 3993 generis
795 3911 1016 3988 mendacium,
1052 3931 1148 3993 quam
1184 3910 1270 3975 circa
1304 3910 1475 3975 mendacia

150 4000 350 4085 posteriora:
374 4023 476 4084 quare
499 4000 609 4085 priora
633 4001 792 4067 detestari
808 4000 987 4066 efficaciter
1003 4005 1037 4066 et
1055 3999 1205 4065 absolute
1220 3998 1339 4081 aliquis
1356 4004 1474 4083 potest,

151 4091 274 4157 relictis
297 4091 379 4157 aliie.

240 4197 278 4263 R.
298 4200 327 4262 2.
367 4197 598 4264 christifideles
620 4197 653 4262 in
678 4196 834 4263 eiusmodi
857 4195 1032 4262 reinstrui
1063 4195 1183 4260 debent
1210 4214 1315 4276 neque
1341 4216 1475 4278 scrupu-

151 4288 219 4352 lose
254 4287 381 4352 evitare
413 4308 456 4353 ss.
490 4287 707 4353 eucharistiae
742 4287 945 4367 frequentem
981 4284 1209 4367 sumptionem.
1266 4282 1300 4349 Si
1335 4283 1475 4349 defuerit

152 4376 256 4440 serius
287 4381 423 4442 conatus
453 4381 568 4441 contra
591 4375 733 4441 venialia
762 4381 898 4459 peccata
925 4375 1020 4458 plene
1044 4374 1240 4451 deliberata,
1271 4372 1475 4455 frequentior

152 4465 281 4547 quidem
315 4465 356 4530 ad
387 4487 429 4530 ss.
457 4466 686 4531 eucharistiam
717 4485 868 4530 accessus
897 4463 1082 4529 suadendos
1112 4484 1176 4527 non
1208 4466 1259 4528 est
1289 4461 1346 4542 (cf.
1378 4483 1475 4547 supra

152 4575 182 4620 n.
203 4557 265 4618 146
283 4555 362 4637 sq.);
389 4559 536 4620 attamen
553 4554 764 4620 confessionis
780 4553 886 4619 valoti
903 4559 935 4619 et
953 4552 1088 4618 utilitati
1105 4552 1295 4618 consulatur
1318 4553 1475 4635 perhanc

152 4643 297 4726 praxim,
329 4645 505 4709 secundum
536 4665 633 4726 quam
660 4643 847 4708 securitatis
871 4663 970 4708 causa
994 4643 1098 4706 denno
1122 4645 1320 4706 accusentur
1343 4641 1377 4705 in
1401 4662 1475 4707 con·
