3044 5174
151 309 217 374 410
649 305 854 361 Sacramentum
873 306 983 362 ordinis.
1496 39 1510 423 l

152 505 182 549 n.
208 484 284 549 riu.
314 482 362 548 cf.
387 482 419 548 e.
444 483 477 550 a.
503 482 536 549 e.
561 485 580 548 s
605 483 795 566 Argiuae
818 483 851 549 in
875 486 1026 551 raecum
1049 506 1104 550 seu
1120 483 1280 553 nenena.
1318 484 1368 552 cf.
1391 484 1464 550 insu
1504 436 1509 468 ¹

152 593 263 637 casum
286 577 477 653 sequentem
501 573 576 638 208.

240 668 279 735 R.
304 671 334 734 4.
374 670 437 735 Pro
462 668 667 736 ordinatione
695 669 895 752 regularium
926 676 1025 753 atque
1054 671 1213 736 sodalium
1246 671 1465 755 religiosarum

152 758 443 841 congregationum
466 759 547 824 baec
570 758 758 824 testimonia
781 760 822 824 de
844 760 916 826 vita
938 766 972 827 et
987 781 1113 825 morum
1130 761 1304 827 honestate
1321 783 1386 827 non
1402 767 1467 826 sunt

152 848 356 925 necessaria;
387 847 445 913 sed
468 847 591 914 sufficit
612 849 836 931 praesentatio
860 848 1037 933 superioris
1059 849 1268 916 testificantis
1299 850 1340 915 de
1371 850 1465 933 digni·

151 941 222 1003 tate
246 942 281 1003 et
302 936 498 1003 idoneitate:
524 957 729 1020 quamquam,
755 937 817 1002 nisi
833 938 920 1005 adsit
935 938 1078 1022 speciale
1093 938 1312 1023 privilegium,
1337 960 1465 1005 examen

152 1027 192 1092 de
205 1026 355 1093 doctrina
367 1030 401 1092 et
413 1026 540 1108 reliqua
552 1026 732 1093 idoneitate
744 1027 916 1111 episcopus
928 1026 1100 1094 instituere
1116 1032 1227 1113 potest
1238 1049 1299 1113 per
1310 1049 1347 1094 se
1359 1028 1465 1113 ipsum.

241 1114 359 1182 Notari
383 1121 492 1182 autern
518 1116 615 1181 debet
638 1115 876 1181 testimoniales
899 1116 1029 1183 litteras
1053 1117 1093 1183 de
1116 1117 1187 1182 vita
1210 1121 1245 1184 et
1267 1139 1398 1183 morum
1420 1119 1467 1184 ho

152 1208 281 1270 aestate
321 1204 442 1285 requiri
479 1204 513 1270 in
545 1205 757 1272 admittendis
788 1205 921 1272 novitiis
951 1205 1129 1271 secundum
1170 1207 1292 1273 decret.
1336 1207 1401 1272 Pii
1430 1207 1466 1271 IX

155 1294 314 1375 „decroni
336 1294 517 1379 Pontificia“
545 1294 574 1360 d.
600 1294 630 1361 d.
653 1298 694 1359 25
711 1295 779 1360 Ian.
800 1297 884 1360 1848
909 1298 943 1360 et
967 1296 1087 1363 declar.
1103 1294 1134 1362 d.
1156 1294 1186 1362 d.
1214 1300 1229 1361 l
1248 1296 1362 1362 Martii
1382 1298 1467 1362 1851.

91 1431 142 1486 718
241 1415 294 1481 An
317 1436 509 1492 ouansuuuu
533 1418 572 1479 2¹³
601 1416 640 1482 R.
667 1419 696 1482 1.
736 1417 923 1498 Exiguntur
951 1438 1011 1500 pro
1041 1415 1165 1482 Isidoro
1195 1417 1315 1483 saltem
1345 1417 1469 1485 litterae

152 1504 355 1570 dimissoriae
379 1505 520 1589 episcopi
545 1504 667 1589 proprii
692 1505 825 1587 eiusque
849 1505 1021 1572 attestatio
1045 1505 1085 1571 de
1108 1506 1180 1572 vita
1203 1510 1239 1573 et
1256 1506 1405 1572 moribus
1419 1528 1468 1592 pro
1504 1546 1507 1553 -

152 1599 309 1677 tempore,
334 1616 398 1677 quo
417 1594 561 1659 Isidorus
583 1599 737 1661 versatus
760 1594 868 1660 estin
891 1593 1030 1660 dioecesi
1054 1595 1195 1678 propria.
1220 1633 1264 1643 -
1287 1594 1468 1672 Praeterea,

152 1682 240 1749 facta
265 1683 512 1758 informatione,
545 1683 599 1748 alii
628 1683 783 1749 ordinarii
812 1684 931 1749 testari
961 1683 1082 1751 debent
1110 1686 1228 1750 saltem
1258 1683 1321 1749 sibi
1352 1686 1468 1751 nullum

152 1777 263 1839 notum
289 1794 363 1838 esse
386 1773 653 1856 impedimentum
677 1793 741 1855 quo
765 1772 909 1838 Isidorus
932 1793 953 1837 a
976 1773 1191 1857 suscipiendis
1220 1773 1391 1839 ordinibus
1418 1775 1470 1840 im·

151 1861 311 1944 pediatur.

239 1960 278 2026 R,
304 1961 334 2027 2.
371 1958 435 2024 Pro
458 1959 618 2033 Leandro,
644 1959 698 2043 qui
722 1959 842 2026 litteris
864 1959 1138 2026 testimonialibus
1161 1959 1324 2026 admissus
1348 1960 1415 2029 fuit
1434 1960 1468 2027 ad
1503 1946 1507 2053 l

150 2049 339 2131 religiosam
362 2049 668 2130 congregationem,
692 2049 814 2116 sufficit
837 2070 923 2114 nunc
944 2053 982 2115 ut
1004 2049 1154 2133 superior
1176 2054 1320 2116 testetur
1343 2051 1386 2117 de
1409 2051 1468 2117 eius
1505 2122 1507 2133 Ι

150 2137 328 2204 idoneitate
352 2141 387 2203 et
409 2137 584 2222 probitate.
1504 2162 1508 2211 l

239 2237 277 2302 R.
303 2239 333 2302 3.
374 2235 407 2300 Si
430 2256 520 2311 vero,
545 2239 721 2318 antequam
745 2239 834 2301 esset
856 2234 1030 2318 religiosae
1053 2235 1321 2319 congregationis
1343 2237 1468 2314 sodalis,

150 2325 309 2390 voluisset
333 2325 463 2389 ordines
486 2325 667 2408 suscipere,
699 2325 839 2390 debebat
862 2325 992 2390 omnino
1016 2324 1187 2408 episcopus
1210 2324 1334 2409 scripto
1359 2328 1470 2394 testifi-

151 2414 313 2479 cationem
337 2413 514 2497 superioris
537 2436 629 2479 suom
654 2414 777 2492 iacere,
803 2416 880 2479 fisus
904 2414 973 2478 oius
996 2413 1183 2480 testimonio
1207 2418 1241 2480 et
1264 2415 1469 2482 conscientia.

151 2502 271 2578 Quodsi
295 2523 330 2567 re
353 2502 425 2586 ipsa
448 2502 518 2567 eius
542 2503 596 2584 qui
620 2503 829 2569 candidatum
853 2504 935 2567 bene
965 2503 1058 2568 novit
1088 2503 1280 2569 auctoritati
1310 2506 1470 2571 confidens

79 2669 80 2672 Ἴ
150 2592 237 2656 illius
260 2591 482 2657 testimonium
507 2592 678 2675 episcopus
701 2592 932 2657 subscribendo
957 2593 1137 2675 approbat,
1161 2593 1228 2658 tale
1252 2593 1471 2660 testimonium

150 2702 208 2764 pro
240 2680 415 2764 episcopali
446 2681 633 2746 testimonio
663 2681 776 2746 baberi
804 2684 924 2766 potest.
971 2681 1128 2747 Attamen
1159 2680 1259 2748 etiam
1290 2683 1471 2749 necessaria

151 2775 202 2835 est
224 2770 302 2835 talis
326 2770 519 2853 approbatio
543 2774 672 2855 scripto.

466 2961 686 3027 LITTERAE
709 2962 1061 3029 TESTIMONIALES
1085 2962 1156 3043 (ll).

705 3120 814 3186 Casus.
835 3128 911 3195 (208)

238 3261 333 3319 Casus
355 3280 463 3320 causae
485 3259 694 3319 Pientinae
717 3280 769 3318 seu
792 3258 1007 3318 llcinensis
1029 3259 1147 3318 decisae
1168 3280 1187 3319 a
1207 3259 1236 3320 S.
1259 3259 1290 3321 0.
1313 3260 1344 3322 O.
1368 3263 1471 3336 SAug.

152 3343 243 3400 1u33:
274 3343 452 3401 Laurentius
474 3341 694 3410 Medicbesclri,
723 3340 859 3398 subditus
888 3340 1026 3416 episcopo
1049 3339 1185 3399 Pientino
1212 3340 1330 3400 ratione
1353 3343 1472 3417 originis

149 3428 179 3480 et
200 3422 349 3491 domicilii,
371 3425 408 3480 ab
431 3421 531 3480 eodem
546 3427 699 3499 promotus
714 3426 779 3479 erat
794 3421 830 3478 ad
845 3426 998 3478 tonsuram
1013 3426 1043 3478 et
1057 3420 1186 3479 minores
1201 3421 1329 3481 ordines.
1362 3423 1471 3482 Deinde

149 3502 312 3560 Laurentio
334 3521 350 3559 e
372 3502 500 3561 dioecesi
523 3501 685 3560 discedenti
706 3502 863 3578 episcopus
889 3500 1045 3558 Pientinus
1066 3501 1122 3559 has
1142 3500 1259 3559 litteras
1283 3501 1381 3562 dedit:
1409 3503 1471 3574 ,Te-

150 3588 264 3640 stamur
292 3583 429 3640 clericum
451 3582 644 3640 Laurentium
664 3583 704 3640 M.
733 3588 853 3639 nostrae
882 3580 1042 3650 dioecesis,
1071 3581 1101 3638 in
1131 3581 1294 3640 minoribus
1322 3583 1472 3643 ordinibus

150 3662 358 3729 constitutum,
387 3663 468 3720 nullo
497 3661 826 3732 excommunicationis,
854 3661 1085 3735 irregularitatis
1116 3668 1168 3719 aut
1196 3662 1330 3720 cuiusvis
1352 3665 1472 3723 alterius

151 3743 285 3800 canonici
307 3742 508 3819 impedimenti
529 3743 662 3813 vinculo,
692 3743 796 3800 saltem
820 3742 914 3817 quoad
943 3742 1088 3811 sciamus,
1117 3741 1290 3800 innodatum
1319 3744 1472 3813 exsistere,

149 3843 243 3897 neque
265 3823 324 3881 ullo
347 3822 468 3881 crimine
490 3824 686 3898 postulatum;
710 3823 761 3880 sed
784 3841 849 3880 esse
871 3821 957 3880 bonis
972 3826 1002 3880 et
1016 3821 1150 3880 honestis
1164 3821 1296 3882 moribus
1311 3824 1472 3898 praeditum

150 3903 312 3971 actualem,
343 3904 458 3978 qualern
480 3903 510 3961 in
533 3909 643 3961 sortem
665 3902 784 3960 Domini
805 3907 928 3961 vocatos
951 3903 1061 3961 decet.¹‘
1105 3901 1179 3961 Post
1199 3903 1274 3962 haec
1295 3903 1472 3964 Laurentius

149 3984 322 4042 beneficium
345 3986 382 4043 ab
404 3984 542 4060 episcopo
564 3983 706 4041 llcinensi
727 3982 872 4052 obtinuit,
901 3982 951 4057 qui
972 3982 1095 4040 eundem
1124 3983 1188 4042 sine
1216 3983 1284 4042 aliis
1306 3983 1418 4045 litteris
1438 3985 1472 4043 di·

149 4064 293 4122 missoriis
320 4065 368 4122 vel
395 4063 644 4122 testimonialibus
672 4064 709 4121 ad
739 4083 841 4121 sacros
870 4063 987 4120 ordines
1017 4063 1171 4138 promovit.
1213 4063 1405 4138 Conquestus
1432 4069 1473 4124 est

149 4151 254 4220 postea
276 4144 433 4220 episcopus
455 4144 619 4212 Pientinus,
642 4151 729 4219 atque
751 4163 783 4200 re
805 4143 841 4200 ad
863 4143 892 4202 S.
915 4142 1180 4218 Congregationem
1202 4142 1290 4203 (lonc.
1314 4143 1416 4204 delata

151 4250 375 4320 Qunuasnnrun
396 4269 464 4307 num
487 4254 567 4307 recte
589 4250 670 4306 facta
691 4252 773 4306 esset
794 4247 949 4306 ordinatio.

744 4431 878 4498 Salutio.

89 4598 140 4651 719
238 4568 276 4633 R.
305 4570 332 4631 1.
373 4566 407 4631 Si
431 4566 620 4631 beneficium
645 4572 717 4633 erat
740 4564 971 4631 sustentationi
995 4562 1177 4641 sufficiens,
1208 4564 1344 4632 litterae
1368 4570 1472 4634 dimia-

149 4659 254 4721 scrice
277 4655 481 4720 necessariae
505 4676 569 4720 non
593 4660 697 4733 eraut,
723 4677 761 4722 eo
785 4656 869 4738 quod
890 4654 1062 4737 episcopus
1077 4652 1246 4720 llcineneis
1262 4654 1362 4721 titulo
1379 4658 1472 4723 bene·
