3044 5174
318 301 516 370 Indulgentiae.
534 331 571 340 -
589 302 745 357 Benedictio
764 304 851 374 apost.
870 302 899 356 in
916 303 1013 357 mortis
1031 302 1154 358 articulo.
1341 306 1405 371 377

77 479 227 559 gentiam
250 501 286 544 re
311 500 390 545 vera
404 501 470 545 nou
485 479 644 562 acquiret.
664 518 703 527 —
722 480 850 547 Sufficit
866 484 978 546 autem
993 485 1041 558 ut,
1065 481 1094 546 si
1110 480 1316 547 condiciones
1332 481 1407 546 illae

78 569 224 633 nondum
247 569 402 653 posuerit,
426 590 483 635 eas
505 569 672 652 positurus
692 568 739 635 sit
755 574 888 654 postea:
914 591 988 635 nam
1005 570 1087 635 satis
1103 574 1155 635 est
1171 573 1205 635 et
1221 591 1293 636 esse
1309 570 1407 635 debet

78 654 234 740 impletas
250 679 323 723 esse
339 658 543 724 condiciones
559 659 762 724 necessarias
778 680 817 724 eo
832 664 981 743 tempore
997 680 1060 741 quo
1073 659 1250 724 secundum
1263 664 1406 726 mentem

79 745 251 812 Ecclesiae
275 747 465 813 moribundo
480 746 553 831 ipsa
568 747 774 830 indulgentia
789 769 831 814 cx
846 748 1002 814 thesauro
1019 748 1188 814 Ecclesiae
1205 748 1407 832 applicatur:

80 834 136 916 qui
160 840 212 902 est
234 836 304 919 ipse
327 836 460 902 ultimus
483 836 573 904 vitae
596 838 765 904 terminus.

171 942 210 1006 R.
236 945 266 1008 3.
305 943 517 1027 Repetendae
545 943 648 1026 igitur
677 944 911 1010 benedictionis
941 944 1142 1028 apostolicae
1172 943 1262 1009 nulla
1293 948 1345 1009 est
1374 942 1406 1006 in
1417 950 1469 1005 662

80 1050 161 1095 casu
185 1031 321 1095 Amadei
346 1032 442 1101 ratic.
488 1032 680 1117 Repetenda
703 1038 771 1099 est:
796 1034 829 1115 a)
853 1034 880 1099 si
904 1033 1098 1100 rationabile
1122 1033 1253 1098 dubium
1277 1032 1409 1098 exsistit

80 1119 122 1183 de
138 1120 253 1185 valore
268 1121 502 1188 benedictionis
517 1127 617 1189 antea
633 1123 748 1200 datae3
772 1124 807 1205 b)
822 1123 861 1201 si,
885 1128 1060 1208 postquam
1079 1127 1270 1188 cessaverat
1293 1120 1408 1186 mortis

79 1208 261 1292 periculum
285 1231 344 1275 seu
367 1216 522 1293 aegrotus
546 1213 776 1291 convaluerat,
809 1212 896 1278 idem
928 1213 968 1277 de
997 1233 1082 1277 novo
1112 1211 1146 1276 in
1176 1210 1292 1277 mortis
1321 1210 1408 1295 peri·

80 1298 190 1362 culum
213 1298 346 1366 incidat.

173 1387 209 1451 ln
235 1388 349 1454 eodem
370 1406 452 1455 vero
475 1389 619 1473 periculo
642 1389 758 1456 mortis
781 1411 852 1456 eam
877 1389 1000 1474 pluries
1024 1389 1094 1455 dari
1118 1387 1316 1472 prohibitum
1348 1391 1408 1464 est,

81 1475 154 1541 sive
178 1477 290 1558 agitur
312 1478 352 1544 de
369 1478 510 1545 diversis
526 1480 759 1559 sacerdotibus,
784 1500 921 1563 quorum
938 1480 1074 1562 quisque
1090 1479 1252 1543 facultate
1268 1477 1409 1542 donatus

81 1569 150 1643 est,
183 1566 254 1630 sive
285 1566 324 1631 de
355 1567 493 1633 diversis
522 1569 627 1634 titulis
656 1569 772 1652 quibus
797 1569 1006 1634 moribundus
1032 1568 1083 1632 ius
1113 1567 1156 1632 ad
1186 1565 1407 1650 accipiendam

80 1655 342 1721 benedictionem
366 1656 474 1726 babet.
521 1656 618 1724 Ratio
642 1663 751 1724 autem
777 1680 834 1724 cur
856 1659 889 1723 id
912 1657 1141 1743 prohibeatur,
1172 1655 1333 1737 estquod
1356 1675 1408 1719 re·

80 1743 199 1829 petitio
221 1743 347 1810 inutilis
363 1749 415 1812 est
430 1750 465 1812 et
479 1745 606 1812 frustra
619 1748 673 1814 fit:
698 1769 774 1813 nam
797 1747 998 1833 impossibile
1021 1751 1073 1813 est
1096 1746 1282 1830 plusquam
1306 1743 1408 1809 semel

81 1833 225 1916 aliquem
249 1833 371 1899 lucrari
394 1835 573 1919 plenariam
599 1836 836 1919 indulgentiam
859 1837 893 1902 in
923 1857 1002 1902 vero
1032 1856 1091 1901 auo
1122 1833 1237 1900 mortis
1270 1832 1409 1898 articulo

80 1943 140 1989 seu
170 1923 204 1987 in
235 1928 400 1990 momento
430 1945 494 2006 quo
523 1923 633 1990 anima
662 1946 683 1990 a
712 1947 848 2011 corpore
878 1930 1059 2010 separetur.
1095 1923 1179 1989 Vide
1202 1922 1296 1988 Deer.
1321 1923 1409 1987 autb.

79 2034 113 2079 n.
138 2014 216 2079 300.
242 2014 317 2079 362.
353 2014 410 2080 lla.
435 2036 476 2080 m.
500 2013 542 2092 ll,
567 2017 641 2081 564.
809 2032 812 2036 ’
