3044 5174
425 107 550 162 Minister
568 107 668 177 paenit.
688 135 723 145 -
742 124 855 162 casuum
873 107 1032 161 reservatio.
1324 110 1388 174 279

54 283 106 343 die
136 303 224 342 mane
251 281 381 341 indictae
409 286 479 341 sunt
505 282 642 359 nuptiae,
671 281 855 358 impossibile
883 288 930 342 est
951 301 1002 341 eas
1024 281 1061 340 ad
1090 281 1218 341 triduum
1241 281 1388 343 differre“.

55 364 175 435 Quibus
197 362 315 433 auditis,
337 363 430 423 Linus
451 363 516 421 sine
536 381 619 421 mora
640 362 778 422 absolvit.

141 443 264 502 Publius
285 443 425 502 sacerdos
446 444 537 502 libros
558 443 724 518 prohibitos
745 443 810 502 sine
837 442 981 502 facultate
1002 441 1094 517 legit,
1124 461 1188 501 curn
1215 442 1324 501 ancilla
1345 443 1388 502 in·

55 525 187 583 honeste
208 528 403 582 conversatus
425 530 472 581 est
493 542 615 599 eamque
636 523 666 581 in
689 522 877 582 confessione
905 523 1041 581 absolvit.
1083 521 1168 581 Nunc
1196 528 1335 581 versatur
1356 523 1387 581 in

57 604 224 680 angustiis:
247 603 392 662 rationem
414 603 451 661 ad
472 608 589 679 tempus
610 623 735 679 peregre
756 603 963 680 proficiscendi
984 603 1168 673 nonhabet,
1191 603 1278 662 immo
1299 603 1329 661 id
1350 623 1388 661 ne

57 690 162 762 potest
183 683 307 760 quidem,
330 703 395 741 cum
417 683 458 741 sit
479 684 560 742 solus
581 684 611 740 in
633 683 786 759 parochia,
808 702 904 758 neque
918 682 1069 741 licentiam
1084 687 1184 758 potest
1197 690 1307 760 petere,
1329 683 1388 742 nisi

56 765 235 823 manifestat
256 782 376 822 eausam
404 783 470 821 oum
500 763 545 822 sui
575 762 784 822 diffamatione.
827 761 924 831 Quare
953 765 990 821 ab
1012 762 1161 822 ordinario
1190 783 1244 822 suo
1273 764 1387 822 confes·

57 845 142 904 sario
163 845 239 922 petit
260 843 490 914 absolutionem,
520 850 608 919 atque
628 842 672 902 ita
692 843 790 919 pergit
809 843 841 901 in
863 842 1013 902 cotidiana
1040 844 1150 903 missae
1179 843 1388 903 celebratione.

58 959 241 1030 Qusnsmua
262 960 292 1016 1ο
312 957 481 1033 ignorantia
503 963 666 1017 excusetne
688 976 706 1015 a
726 957 931 1016 reservatione
954 977 1051 1017 casus.

263 1058 294 1115 2ο
314 1061 489 1115 teneaturue
509 1057 666 1133 paenitens
695 1055 732 1114 ad
754 1055 969 1115 confessarium
996 1054 1216 1135 privilegiatum
1237 1056 1389 1129 accedere,

315 1141 349 1194 ut
368 1136 510 1195 liberetur
530 1156 549 1195 a
568 1134 740 1197 reservatis.

265 1228 295 1284 3⁰
315 1225 443 1284 liceatne
464 1224 598 1284 inferiori
627 1225 784 1301 aliquando
813 1225 969 1284 absolvere
997 1245 1016 1284 a
1037 1224 1156 1285 casibus
1177 1225 1323 1302 superiori
1346 1245 1390 1285 re·

316 1305 454 1365 servatis.

263 1404 294 1461 4⁰
314 1402 381 1478 quid
405 1403 442 1462 ad
464 1422 552 1463 casus
574 1403 614 1462 sit
635 1403 797 1464 dicendum.

657 1585 793 1653 Salutio.

150 1727 205 1793 An
234 1748 425 1804 onassrrnu
452 1730 488 1792 1¹n
518 1728 557 1794 R.
591 1730 619 1796 1.
667 1728 921 1812 Distinguuntur
950 1728 1164 1794 communiter
1194 1750 1289 1794 casus
1320 1740 1453 1796 orem489

57 1838 200 1883 censura
223 1820 258 1883 et
281 1838 376 1882 casus
399 1817 469 1881 siue
486 1839 624 1884 censura
638 1819 816 1892 reservati;
840 1817 966 1902 priores
983 1817 1228 1900 distinguuntur
1243 1819 1276 1883 in
1293 1840 1389 1885 casus

53 1915 189 1992 propter
219 1927 389 1972 censuram
423 1907 584 1972 reservati
619 1911 654 1973 et
689 1909 907 1973 antecedenter·
941 1907 981 1973 ad
1013 1927 1183 1973 censuram
1216 1909 1389 1977 reservati.

57 1997 198 2082 Propter
221 2016 391 2061 censuram
414 1996 576 2063 reservati
593 2000 670 2062 sunt
686 2017 782 2061 casus
797 1996 933 2080 papales
956 1994 1011 2079 qui
1027 2017 1167 2063 censura
1181 1996 1388 2077 afficientem

59 2087 280 2151 antecedenter
309 2085 351 2149 ad
380 2106 551 2151 censuram
579 2085 742 2151 reservati
772 2085 981 2169 reperiuntur
1003 2085 1177 2168 aliquando
1201 2107 1297 2152 casus
1321 2087 1390 2172 epi·

57 2175 211 2257 scopales
234 2195 292 2239 seu
316 2173 510 2252 dioecesani,
535 2174 651 2258 quibus
676 2179 913 2258 consequenter
936 2195 1075 2241 censura
1097 2175 1211 2242 addita
1234 2179 1294 2242 est.

151 2272 191 2339 R.
225 2274 257 2338 2.
307 2271 408 2337 Casus
438 2280 570 2358 propter
604 2293 774 2339 censuram
809 2272 971 2339 reservati
1004 2272 1168 2340 reservati
1202 2295 1267 2338 non
1302 2278 1389 2354 sunt,
1432 2283 1434 2286 ’

60 2361 193 2442 qnando
223 2381 363 2426 censura
393 2366 594 2445 apeccante
617 2361 847 2445 ignorabatur,
879 2362 998 2445 quippe
1029 2383 1113 2445 quae
1144 2363 1185 2428 ab
1216 2362 1390 2446 ignorante

59 2471 124 2514 non
149 2449 350 2516 incurratur:
375 2449 422 2516 ita
445 2451 563 2516 saltem
587 2451 812 2530 communiter,
836 2450 864 2516 si
887 2449 1033 2534 excipias
1048 2451 1270 2533 ignorantiam
1294 2453 1391 2536 effee-

60 2547 163 2603 tatam
186 2539 239 2603 vel
263 2539 362 2604 etiarn
387 2561 539 2605 crassum.
571 2540 693 2605 Verum
717 2540 744 2605 si
769 2561 908 2606 censura
923 2540 1055 2622 cognita
1079 2546 1161 2621 erat,
1187 2546 1254 2607 etos
1278 2547 1390 2608 autem

59 2627 245 2693 reservatio
275 2627 506 2710 ignorabatur,
535 2635 712 2713 propterea
741 2650 846 2712 neque
876 2651 1015 2695 censura
1044 2650 1151 2712 neque
1181 2629 1251 2695 eius
1281 2653 1389 2697 reser-

61 2716 153 2782 vatio
178 2720 296 2783 cessat.

154 2814 193 2879 a.
218 2817 249 2880 3.
282 2814 383 2879 Casus
397 2836 477 2879 vero
501 2815 554 2879 vel
578 2814 649 2880 sine
673 2835 813 2881 censura
827 2816 880 2880 vel
903 2816 1137 2882 antecedenter
1151 2816 1192 2880 ad
1217 2837 1387 2883 censuram
1396 2823 1453 2878 490

60 2904 234 2980 reservati,
259 2907 367 2969 utrum
391 2903 425 2969 in
440 2903 628 2986 ignorantia
644 2905 878 2970 reservationis
892 2905 1054 2971 reservati
1071 2905 1138 2971 sint
1153 2926 1265 2983 necne,
1290 2905 1389 2972 aliter

60 2995 103 3058 ab
128 2992 201 3058 aliis
232 2992 428 3059 decernitur.
475 2993 508 3058 Si
539 2993 721 3059 reservatio
752 2996 803 3058 est
832 3015 921 3058 mere
950 2994 1097 3078 poenalis
1127 2995 1387 3078 praeservativa,
1451 3015 1461 3030 ‘

60 3081 231 3165 probabile
255 3081 384 3147 omnino
409 3085 509 3164 atque
532 3081 676 3165 practice
699 3103 851 3148 securum
874 3086 926 3148 est
955 3083 1215 3150 reservationem
1238 3083 1271 3149 in
1294 3084 1389 3167 igno·

59 3170 172 3236 rantia
194 3192 258 3234 non
283 3171 452 3237 exsistere.
500 3171 536 3235 Id
560 3172 707 3237 obtinere
730 3171 763 3236 in
788 3193 865 3238 casu
895 3194 1020 3238 summo
1050 3171 1196 3256 pontifici
1219 3173 1289 3238 sine
1313 3195 1389 3239 ceu·

60 3281 140 3325 sura
170 3259 360 3343 specialiter
391 3265 579 3338 reservato,
613 3261 698 3326 falsa
731 3261 940 3328 accusatione
972 3261 1231 3340 sollicitationiS‚
1265 3263 1389 3345 legenti

60 3349 184 3414 bullam
208 3350 355 3415 Bened.
380 3349 457 3414 XIV
484 3351 746 3430 ,Sacramentum
768 3351 1008 3417 Paenitentiaa“
1034 3351 1240 3436 perspicuum
1264 3356 1324 3420 est.

152 3447 191 3512 R.
216 3450 245 3512 4.
286 3445 400 3528 Aeque
424 3452 548 3512 certum
573 3452 624 3514 est
647 3448 832 3531 superiores
850 3470 944 3534 posse
967 3471 1062 3514 casus
1085 3448 1134 3514 ita
1156 3470 1328 3516 reservare
1351 3456 1389 3518 ut

61 3536 162 3602 etiam
192 3535 384 3619 ignorantes
414 3535 617 3602 afficiantur:
647 3537 806 3618 siquidem
837 3542 975 3620 possunt
1004 3559 1176 3604 reservare
1206 3560 1248 3604 ex
1272 3560 1311 3604 ea
1334 3561 1389 3606 ra-

60 3626 161 3702 tione,
185 3625 271 3708 quod
288 3628 380 3689 certa
403 3625 539 3690 crimina
561 3626 717 3707 graviora
739 3625 845 3692 nolint
866 3626 1001 3692 iudicari
1025 3627 1087 3692 nisi
1111 3629 1152 3693 ab
1176 3627 1226 3707 iis,
1251 3650 1387 3710 quorum

60 3714 180 3779 iudicio
204 3718 238 3779 et
261 3713 445 3780 maturitati
462 3715 610 3798 superior
633 3714 740 3796 magis
756 3715 836 3791 fidit,
862 3736 919 3780 seu
935 3715 997 3780 nisi
1014 3738 1034 3781 a
1049 3716 1209 3782 iudicibus
1225 3719 1388 3799 graviori·

60 3805 122 3869 bus
147 3808 181 3870 et
204 3803 344 3869 selectis.
375 3841 420 3850 —
450 3803 545 3868 Hunc
575 3807 686 3869 autem
717 3825 789 3868 esse
813 3825 1015 3869 communem
1043 3806 1174 3871 modum
1197 3808 1387 3873 reservandi

60 3898 162 3976 atque
186 3914 221 3957 re
245 3913 325 3957 vera
355 3893 612 3959 reservationem
642 3893 690 3959 ita
722 3893 912 3958 sumendam
944 3915 1032 3970 esse,
1064 3895 1243 3960 communis
1273 3896 1388 3980 praxis

60 3982 220 4048 hodierna
241 3982 371 4060 suadet,
396 3981 458 4047 nisi
481 3981 514 4046 in
538 3987 630 4048 certa
653 3982 786 4063 regione
810 3983 897 4048 adsit
919 3983 1062 4067 positiva
1085 3985 1179 4062 ratio,
1204 4006 1288 4067 quae
1310 4006 1387 4068 pro-

61 4071 202 4137 babilem
227 4071 344 4137 reddat
367 4071 467 4136 alium
491 4071 725 4137 reservationis
749 4073 890 4138 modum.

151 4193 205 4258 An
228 4213 421 4269 Quassrruu
445 4196 483 4256 2³²
507 4194 545 4259 u.
573 4196 601 4260 1.
648 4195 712 4258 Per
735 4216 768 4257 se
797 4213 891 4258 nemo
922 4197 1055 4259 tenetur
1084 4194 1298 4260 absolutionis
1327 4197 1448 4261 ha-l9l

60 4284 188 4350 bendae
212 4303 313 4347 eausa
337 4283 378 4347 ad
402 4304 475 4347 eum
499 4283 655 4347 accedere
679 4282 730 4346 oui
755 4304 818 4366 per
837 4285 1041 4368 priuilepium
1073 4305 1129 4349 seu
1154 4285 1304 4350 favorem
1328 4287 1387 4351 da-

60 4382 132 4440 tum
157 4375 219 4448 est,
243 4376 281 4437 ut
305 4377 416 4454 posset
439 4371 619 4437 absolvere.
665 4372 823 4436 Attamen
847 4373 918 4436 loco
942 4371 1043 4454 ipsius
1067 4373 1253 4457 superioris,
1277 4375 1303 4439 si
1328 4376 1388 4440 ad·

59 4464 98 4528 iri
123 4459 249 4544 nequit,
273 4460 329 4525 ille
353 4464 442 4527 certe
467 4461 634 4525 adeundus
658 4460 787 4542 estqui
811 4461 1021 4526 const'tuitur
1043 4462 1077 4526 in
1100 4464 1229 4546 publico
1253 4485 1387 4530 munere
