3044 5174
395 302 510 356 Materia
529 301 665 372 proxima:
683 331 718 339 -
738 299 863 355 contritio
883 301 910 351 et
928 296 1104 367 propositum.
1345 297 1407 363 181

76 477 203 560 positio
227 480 267 544 ad
292 485 414 547 statum
439 479 567 562 gratiae
591 479 843 555 sanctificantis,
868 480 1027 559 quaeest
1054 475 1272 542 essentialiter
1295 494 1409 558 super·

76 567 245 633 naturalis
258 572 280 636 ¹.

173 664 209 746 4)
233 665 423 748 Requiritur
454 670 490 731 ut
520 665 673 732 contritio
703 665 747 731 sit
776 686 874 748 super
904 663 1012 729 omnia
1039 684 1097 728 seu
1121 664 1260 727 obsolute
1284 663 1409 744 efficax,

79 776 167 835 quae
201 755 288 819 omni
318 755 413 820 modo
444 761 478 822 et
501 755 562 819 sub
586 774 788 837 quacumque
812 753 999 819 condicione
1022 773 1100 817 vero
1123 751 1270 835 possibili
1293 751 1410 814 volun-

79 848 188 909 tatem
213 865 234 909 a
256 849 390 927 peccato
414 848 583 910 removeat
606 844 826 928 peccandique
848 844 1054 909 voluntatem
1077 841 1242 907 excludat.

175 942 209 1021 5)
233 941 423 1023 Requiritur
452 945 489 1007 ut
518 941 562 1006 sit
592 940 745 1007 contritio
775 962 833 1006 suo
863 940 959 1005 modo
983 938 1194 1016 universalia,
1224 936 1350 1002 scilicet
1373 939 1411 1001 ut

81 1031 269 1095 detestetur
291 1051 389 1114 super
412 1030 520 1095 omnia
540 1031 658 1097 saltem
675 1029 784 1095 omnia
799 1033 936 1113 peccata
952 1027 1104 1094 mortalia
1121 1027 1293 1093 commissa
1309 1031 1410 1106 atque

80 1140 101 1184 a
117 1139 323 1202 quocumque
346 1118 476 1185 mortali
501 1125 637 1202 peccato
653 1119 884 1185 committendo
902 1117 1126 1202 paenitentem
1141 1120 1281 1182 avertat.
1321 1114 1409 1180 Nam

80 1208 253 1289 quodlibet
282 1212 452 1293 peccatum
482 1209 622 1275 mortale
649 1208 795 1275 continet
817 1207 1022 1273 aversionem
1046 1227 1066 1272 a
1088 1207 1158 1271 Deo
1182 1204 1411 1285 amicitiaeque

80 1296 215 1363 divinae
239 1297 402 1363 contrarie
425 1298 608 1381 opponitur,
633 1318 738 1379 neque
761 1319 860 1362 unum
877 1296 947 1362 sine
963 1296 1069 1362 altero
1087 1298 1199 1379 potest
1214 1292 1348 1360 remitti.
1364 1329 1410 1339 -

80 1386 192 1452 Aliter
222 1386 308 1451 circa
337 1392 474 1470 peccata
503 1385 647 1452 venialia
674 1407 759 1468 quae
783 1385 959 1452 amicitiam
982 1385 1044 1450 Dei
1066 1406 1131 1449 non
1155 1384 1344 1461 destruunt,
1376 1387 1411 1450 et

81 1496 221 1557 quorum
246 1496 343 1539 unum
367 1476 437 1540 sine
461 1474 533 1540 aliis
557 1474 629 1540 odio
653 1474 766 1541 haberi
790 1479 889 1557 atque
912 1473 1036 1540 remitti
1059 1477 1179 1557 potest.

174 1571 209 1653 6)
233 1572 422 1655 Requiritur
445 1577 482 1638 ut
504 1572 657 1639 contritio
681 1571 789 1655 aliquo
813 1572 908 1638 modo
932 1572 1094 1638 sensibilis
1117 1573 1176 1636 fiat
1199 1591 1256 1635 seu
1273 1573 1411 1635 externe

81 1681 118 1726 se
142 1662 272 1746 prodat,
299 1683 328 1727 v.
349 1684 379 1744 g.
405 1662 618 1740 confessione,
644 1683 682 1727 eo
706 1661 791 1744 quod
814 1683 893 1746 pars
916 1660 1113 1727 sacramenti
1136 1661 1190 1737 sit,
1215 1664 1250 1726 et

175 1758 208 1840 7)
232 1764 270 1825 ut
301 1758 410 1841 aliquo
440 1759 535 1825 modo
568 1781 641 1824 cum
672 1759 807 1842 reliquis
838 1758 1035 1825 sacramenti
1068 1757 1233 1842 partibus,
1266 1756 1410 1822 maxime

81 1869 157 1912 cum
192 1848 414 2000 algsolntiona,
452 1848 617 1931 iungatur.
674 1848 737 1914 Sed
771 1848 852 1913 haec
886 1848 1002 1915 ultima
1036 1846 1180 1913 condicio
1216 1846 1411 1929 exponenda

81 1942 134 2003 est
158 1959 212 2002 mo
237 1959 265 2002 o.

173 2059 226 2124 An
250 2080 440 2134 qusnsrrua
471 2064 510 2123 2¹²
537 2059 575 2126 R.
603 2062 631 2125 1.
678 2059 869 2142 Requiritur
899 2080 939 2126 ea
969 2059 1151 2127 coniunctio
1181 2060 1215 2124 vi
1246 2059 1336 2124 cuius
1367 2078 1409 2123 ex
1419 2068 1473 2123 310

81 2147 222 2212 diversis
252 2148 421 2214 elementis
453 2170 552 2213 unum
586 2149 734 2232 componi
766 2148 872 2233 possit
901 2155 1157 2224 sacramentun1;
1192 2154 1225 2214 et
1256 2147 1409 2239 quoniam

80 2237 261 2320 praecipua
291 2237 341 2301 vis
372 2237 571 2304 sacramenti
600 2237 632 2302 in
663 2238 770 2303 forma
800 2237 950 2304 consistit
982 2260 1065 2320 quae
1095 2239 1247 2303 effectum
1279 2237 1409 2319 gratiae
1471 2323 1472 2327 Ἰ

80 2324 321 2391 sanctificantis
351 2325 384 2390 in
409 2327 518 2392 anima
547 2327 723 2409 producat,
755 2348 854 2410 aque
879 2327 1030 2393 contritio
1055 2332 1088 2393 et
1111 2348 1188 2410 pars
1211 2324 1409 2392 sacramenti

81 2421 115 2481 et
140 2415 311 2497 dispositio
342 2421 393 2482 est
416 2416 458 2481 ad
481 2421 723 2482 sacramentum
749 2437 822 2481 cum
852 2416 962 2482 fructu
991 2416 1226 2500 recipiendum:
1257 2414 1409 2482 contritio

81 2503 268 2568 necessario
293 2503 528 2571 absolutionem
552 2505 748 2588 praecedere
772 2506 879 2582 debet,
904 2506 958 2571 vel
980 2505 1098 2571 saltem
1120 2505 1290 2582 exsistere,
1315 2509 1409 2570 ante·

81 2614 181 2675 quam
207 2593 368 2659 absolutio
392 2593 568 2658 secundum
592 2614 724 2659 sensum
747 2616 842 2659 suum
866 2593 1074 2661 essentialem
1096 2594 1239 2660 finiatur.

172 2699 211 2764 R.
247 2701 276 2764 2.
330 2699 474 2765 Necesse
509 2704 620 2766 tamen
651 2721 717 2765 non
752 2703 803 2766 est
836 2704 873 2767 nt
906 2706 1000 2767 actus
1035 2701 1240 2768 contritionis
1274 2700 1410 2784 physice

80 2788 265 2853 coexsistat
295 2788 501 2855 absolutioni.
554 2788 641 2854 Nam
671 2789 754 2855 satis
784 2789 838 2855 diu
867 2794 979 2874 potest
1009 2790 1222 2873 praecedere,
1254 2791 1283 2855 si
1313 2791 1410 2857 modo

80 2878 192 2959 aliquo
226 2877 321 2942 modo
354 2877 540 2944 virtualiter
571 2883 778 2962 perseveret,
814 2900 845 2945 v.
878 2901 909 2961 g.
944 2879 1129 2962 quaerendo
1163 2879 1409 2959 confessarium,

80 2966 230 3032 cavendo
247 2988 267 3032 a
283 2966 426 3050 periculo
442 2967 603 3032 incidendi
626 2967 659 3032 in
676 2989 796 3032 novum
813 2971 992 3050 peccatum.
1032 2967 1092 3044 Qui
1108 2967 1265 3033 eiusmodi
1280 2968 1409 3034 ratione

80 3055 227 3121 dolorem
259 3061 451 3139 conceptum
481 3060 663 3132 sustentat,
695 3056 778 3122 satis
807 3055 913 3139 iungit
936 3056 1164 3122 contritionem
1188 3079 1260 3123 cum
1284 3057 1411 3139 reliquo

81 3148 301 3220 sacramento,
326 3145 387 3211 etsi
412 3151 487 3228 post
509 3145 635 3226 aliquot
652 3144 721 3210 dies
737 3146 866 3210 demum
884 3147 1066 3213 confitetur.
1106 3146 1143 3210 In
1161 3146 1233 3212 aliis
1249 3146 1410 3212 adiunctis

80 3234 216 3300 brevius
240 3255 312 3299 esse
336 3234 434 3300 debet
455 3233 676 3300 intervallum.

173 3339 212 3406 a.
247 3342 276 3405 3.
331 3340 510 3406 Voluntate
542 3340 686 3406 ordinari
718 3361 775 3405 seu
811 3339 907 3422 dirigi
942 3341 1039 3406 debet
1071 3340 1223 3407 contritio
1258 3342 1299 3406 ad
1333 3362 1411 3407 con-

81 3428 260 3493 fessionem
292 3431 582 3509 sacramentalem,
616 3429 702 3512 quod
731 3431 785 3506 fit,
819 3429 846 3494 si
877 3429 931 3494 vel
963 3451 1005 3495 ex
1036 3430 1206 3496 voluntate
1236 3431 1411 3497 confitendi

81 3517 213 3583 elicitur
244 3517 414 3594 contritio,
446 3520 498 3584 vel
529 3540 570 3584 ex
594 3518 789 3585 contritione
819 3518 860 3584 de
882 3519 1028 3603 peccatis
1052 3519 1233 3603 coneipitur
1256 3519 1412 3586 voluntas

80 3610 220 3691 peccata
250 3606 308 3672 illa
338 3607 540 3672 confessione
573 3607 701 3673 delendi
732 3606 806 3689 (lle.
839 3631 878 3673 m.
910 3607 958 3685 ΙΙ,
993 3607 1081 3688 280).
1128 3608 1214 3673 Nam
1246 3608 1410 3687 contritio,

81 3717 157 3762 cum
188 3695 307 3761 debeat
337 3717 409 3762 esse
439 3695 577 3762 materia
604 3717 662 3762 seu
686 3696 937 3780 quasi-materia
959 3697 1110 3780 proxima
1132 3699 1345 3776 sacramenti,
1376 3699 1410 3764 id

79 3807 148 3850 non
173 3789 225 3850 est
248 3805 286 3849 eo
310 3785 395 3867 quod
420 3785 572 3851 contritio
597 3791 663 3862 est;
688 3808 767 3868 ergo
791 3785 875 3850 hanc
898 3785 1059 3851 rationem
1083 3787 1231 3870 accipere
1255 3788 1352 3853 debet
1368 3789 1410 3854 ab

81 3873 283 3950 extrinseco,
308 3874 327 3939 i.
345 3895 373 3939 e.
391 3896 411 3939 a
427 3875 598 3941 voluntate
615 3875 683 3939 eius
700 3874 754 3957 qui
770 3873 998 3941 contritionem
1014 3874 1113 3941 elicit.
1153 3876 1231 3940 Vel:
1249 3877 1411 3942 confessio

81 3965 182 4029 debet
213 3962 408 4029 contritione
437 3963 673 4045 quodammodo
706 3963 891 4042 informari,
926 3969 960 4031 et
991 3963 1133 4029 vicissim
1166 3965 1319 4032 contritio
1351 3988 1411 4050 per

175 4175 183 4206 ¹
204 4171 278 4236 Quae
298 4172 341 4224 bic
360 4172 473 4240 exposui
500 4173 615 4225 certiora
640 4176 704 4225 sunt
730 4176 758 4225 st
776 4173 922 4228 securiora.
960 4173 1052 4242 Aliqui
1081 4175 1247 4228 contendunt
1265 4175 1372 4242 quidem
1393 4194 1410 4228 a

80 4247 174 4297 rnolr'rr'
200 4243 460 4312 supernaturalitate
479 4243 600 4296 abstrahi
621 4261 707 4313 posse,
727 4244 853 4298 sufficere
873 4243 1012 4312 quodlibet
1031 4246 1164 4298 motivum
1183 4264 1244 4299 cum
1264 4246 1355 4298 ordine
1375 4248 1409 4299 ad

79 4315 184 4377 Deum;
213 4319 291 4367 actus
311 4317 400 4367 autem
420 4314 722 4384 supernaturalitstem,
747 4333 817 4383 quac
842 4316 879 4369 sit
898 4315 1067 4380 necessaria,
1094 4333 1155 4369 essa
1175 4335 1209 4369 ex
1228 4317 1284 4369 solo
1304 4317 1409 4370 influxu

79 4388 189 4455 gratiae
210 4385 351 4439 elevantis.
378 4385 429 4438 Sed
449 4385 516 4438 haec
535 4386 623 4453 opinio
643 4390 686 4440 est
704 4386 813 4439 minime
833 4390 922 4448 certa;
943 4391 971 4440 et
990 4405 1018 4440 re
1032 4404 1098 4440 vera
1117 4387 1227 4441 dubium
1247 4388 1409 4455 relinquitur

79 4476 147 4512 num
168 4457 258 4525 gratia
278 4457 494 4526 supernaturalis
513 4457 609 4509 influat
628 4456 654 4509 in
674 4461 766 4510 actum
785 4458 831 4526 qui
857 4459 976 4512 naturali
996 4459 1103 4511 omniuo
1122 4459 1225 4511 motivo
1245 4460 1407 4528 concipitur:

78 4534 203 4584 ceterum
225 4529 287 4595 quis
305 4527 477 4591 christianus,
497 4529 520 4581 si
541 4532 567 4579 r'u
583 4531 677 4581 ordine
696 4531 732 4580 ad
745 4531 830 4581 Deam
850 4530 923 4583 dolet
942 4531 975 4583 de
995 4533 1113 4599 peccato,
1133 4547 1185 4582 non
1205 4532 1309 4598 cogitat
1321 4531 1407 4584 Deum

77 4607 111 4655 ut
130 4601 184 4654 fide
204 4600 256 4652 sibi
276 4603 382 4660 notum,
412 4600 473 4667 quis
493 4600 568 4652 sistit
587 4601 613 4652 in
633 4604 765 4669 conceptu
784 4599 833 4654 Dei
871 4619 919 4654 ure
938 4600 1078 4654 naturali?
1115 4599 1231 4664 Verum,
1258 4603 1280 4655 si
1300 4602 1361 4669 quis
1381 4603 1408 4656 in

77 4673 175 4728 ordine
194 4671 229 4724 ad
249 4671 335 4724 Deum
356 4676 385 4723 ut
402 4670 454 4723 fide
474 4670 525 4724 sibi
545 4675 638 4723 notum
658 4672 690 4724 de
710 4672 830 4741 peccatis
848 4619 928 4736 dolet,
949 4672 1022 4725 dolet
1035 4689 1070 4724 cx
1082 4673 1185 4725 motivo
1199 4673 1408 4742 supernaturali.
