3044 5174
432 298 635 352 Matrimonium
654 297 859 368 praecedentia:
879 325 912 335 —
933 297 1036 350 Banna.
1327 300 1393 364 495

59 475 307 541 matrimonium
327 475 425 542 iniret
449 480 549 557 atque
572 476 751 558 pericolum
775 476 931 559 peccandi
948 476 1136 555 declinaret,
1161 476 1394 560 Dusseldorpio

58 565 237 631 recesserit
260 565 302 631 ad
331 568 462 649 tempus
486 565 669 643 Coloniam,
701 565 961 648 quamprimum
986 566 1254 649 Dusseldorpium
1279 565 1393 632 matri·

58 653 161 718 monii
184 654 317 719 ineundi
341 653 557 736 domiciliique
580 654 701 737 figendi
731 675 831 720 causa
861 655 1016 721 reditura.
1064 655 1098 720 si
1121 655 1203 720 haec
1229 655 1262 719 in
1286 655 1393 720 animo

57 743 187 822 habuit,
211 764 389 827 numquam
405 764 483 808 vere
499 743 631 824 reliquit
647 744 843 809 domicilium
859 766 917 809 sen
934 744 1242 827 quasi-domicilium
1258 744 1393 809 Dussel-

59 833 254 916 dorpienss,
285 854 357 898 cum
386 832 559 898 retinuerit
588 832 732 898 animum
762 854 840 898 mox
874 833 1045 909 redeundi,
1077 834 1272 917 praesertim
1302 833 1330 898 si
1360 833 1394 897 in

59 923 158 987 domo
182 922 241 987 illa
263 921 328 987 iarn
352 923 463 988 locata
484 928 613 1006 partem
639 922 796 987 bonerum
822 942 955 987 suorum
978 922 1156 1004 reliquerit.
1203 921 1324 1000 Quodsi
1347 921 1395 988 ita

60 1032 115 1078 res
131 1010 242 1089 fuerit,
260 1010 479 1076 necessarium
497 1010 627 1076 omnino
644 1010 716 1085 erit,
736 1011 962 1096 Dusseldorpii
977 1033 1105 1095 quoque
1120 1011 1395 1096 proclamationes

60 1101 175 1167 facere
198 1104 269 1166 tum
292 1100 420 1176 ratione
444 1100 592 1165 Marinae
615 1106 685 1166 tum
709 1099 837 1166 ratione
860 1099 1001 1168 Ioannis.

130 1319 247 1386 FINIS
271 1319 535 1387 BANNORUM.
560 1357 604 1366 -
629 1318 1039 1386 IMPEDlMENTORUM
1061 1318 1326 1385 uuvutauto.

623 1483 734 1550 casus.
753 1491 830 1560 (252)

158 1625 328 1684 Themistor
349 1624 506 1701 parochus,
528 1629 652 1699 rogatus
673 1645 692 1682 a
713 1625 848 1701 sponsis,
870 1625 1016 1701 promittit
1037 1645 1069 1684 se
1091 1630 1160 1702 post
1179 1625 1304 1701 primam
1325 1628 1393 1685 ban·

63 1725 170 1766 norum
190 1704 422 1782 publicationem
448 1707 584 1781 sequenti
606 1704 752 1764 dominica
780 1705 1010 1781 publicationem
1037 1725 1091 1781 pro
1118 1709 1243 1765 secundo
1264 1715 1289 1764 et
1310 1711 1395 1765 tertio

62 1785 131 1844 vica
160 1787 260 1844 facere
290 1786 381 1844 velle:
412 1805 477 1844 cum
504 1785 599 1861 pridie
624 1785 704 1844 illius
735 1785 899 1844 dominicae
919 1804 1044 1862 vespere
1066 1785 1159 1844 Paula
1186 1786 1331 1862 quaedam
1358 1786 1395 1844 ad

64 1886 132 1924 sum
155 1866 296 1935 accedat,
321 1870 493 1942 protestans
519 1865 575 1924 sibi
597 1885 615 1924 a
637 1886 748 1942 sponso
769 1866 856 1924 fidem
883 1865 1063 1924 matrimonii
1091 1866 1189 1924 datam
1212 1886 1286 1925 esse.
1343 1865 1396 1925 Coi

64 1945 235 2005 Themistor
255 1946 417 2022 respondet
444 1965 476 2004 se
504 1947 664 2022 procedere
693 1946 800 2004 debere
827 1946 858 2004 in
883 1947 941 2004 hac
962 1965 1070 2017 causa,
1098 1945 1156 2005 nisi
1188 1945 1244 2004 sibi
1274 1946 1396 2004 allatum

63 2026 157 2086 fuerit
177 2025 402 2102 prohibitorium
431 2045 468 2084 ex
496 2032 580 2101 parte
612 2025 753 2103 episcopi.
796 2025 982 2102 Impossibile
1012 2046 1085 2085 sane
1111 2033 1158 2085 est
1179 2026 1305 2096 Paulae,
1334 2045 1395 2084 rem

66 2107 143 2166 adeo
165 2105 303 2165 celeriter
323 2106 401 2182 apud
423 2106 593 2182 episcopum
616 2125 799 2182 componere.
835 2106 924 2165 Faria
946 2107 1023 2165 enirn
1045 2107 1075 2165 ΙΙ
1096 2112 1165 2183 post
1185 2108 1283 2165 factas
1304 2106 1396 2182 publi·

66 2186 203 2246 cationes
224 2186 440 2246 matrimonium
462 2187 644 2262 publicatum
667 2187 867 2245 contrahetur.

149 2283 319 2355 Servatius,
342 2303 407 2342 curn
429 2284 532 2342 audiat
552 2285 671 2342 Annam
693 2290 723 2343 et
744 2284 869 2343 Paulum
890 2283 1036 2361 publicari
1057 2290 1092 2343 ut
1112 2304 1254 2361 sponsos,
1284 2284 1333 2359 qui
1355 2283 1397 2341 in·

64 2365 192 2424 tendant
211 2384 282 2424 mox
295 2363 513 2423 matrimonium
529 2365 714 2435 contrahere,
737 2365 910 2424 recordatur
923 2365 1048 2423 Paulum
1063 2371 1152 2423 antea
1173 2365 1260 2424 alteri
1281 2364 1397 2441 puellae

64 2444 286 2504 matrimonium
307 2444 482 2521 promisisse
504 2451 593 2520 atque
615 2445 704 2503 etiam
726 2446 843 2503 Annam
872 2446 966 2504 fnisse
995 2464 1135 2521 sponsam
1163 2445 1299 2516 alterins3
1329 2443 1398 2503 scit·

66 2544 123 2601 qne
146 2544 184 2583 ex
206 2525 297 2584 certis
318 2524 512 2584 relationibus
534 2531 649 2600 patrem
664 2526 770 2584 Annae
793 2544 858 2584 curn
873 2532 967 2584 matre
982 2524 1068 2585 Pauli
1090 2525 1170 2584 ciros
1191 2532 1308 2602 tempus
1330 2544 1397 2584 con-

66 2605 213 2682 ceptionis
235 2605 320 2663 Pauli
342 2605 509 2663 adulterino
531 2605 681 2663 consortio
703 2625 786 2664 usum
809 2625 892 2676 esse,
921 2612 1008 2681 atque
1030 2626 1048 2664 a
1069 2626 1128 2665 non
1149 2606 1238 2681 longo
1267 2612 1397 2682 ternpore

65 2691 192 2745 matrem
214 2686 321 2744 Annae
343 2704 409 2744 cum
430 2685 523 2744 Paulo
544 2685 672 2761 turpiter
693 2687 800 2760 egisse.

66 2807 247 2879 Qusnnrrun
269 2809 297 2866 1ο
318 2807 383 2883 quis
405 2807 445 2866 sit
466 2810 629 2867 bannorum
657 2807 725 2867 finis
746 2814 776 2867 et
804 2828 879 2884 quae
907 2809 1049 2884 obligatio
1071 2808 1220 2867 indicandi
1243 2810 1398 2868 obstacula

323 2887 510 2947 matrimonio
532 2889 734 2948 contrahendo
756 2888 914 2949 contraria.

271 2986 303 3044 2⁰
324 2986 355 3045 in
375 2991 472 3064 primo
493 3007 561 3046 casu
582 2987 752 3045 Themistou
772 2993 891 3046 rectene
913 3007 951 3046 an
972 2987 1070 3046 minus
1091 2993 1173 3045 recte
1195 2987 1298 3062 egerit.

270 3086 300 3143 3ο
322 3084 359 3143 ad
380 3083 448 3160 quid
470 3084 500 3143 in
522 3087 644 3144 secando
664 3105 732 3144 cusu
754 3090 892 3144 teneatur
913 3084 1076 3144 Servatius.

666 3285 801 3352 Solutio.

156 3435 210 3500 An
227 3457 418 3512 qoansmon
441 3440 477 3502 1¹⁰
493 3437 532 3504 R.
552 3441 580 3502 1.
614 3437 702 3502 Finis
726 3438 906 3502 bannorum
922 3441 983 3513 est,
1008 3440 1045 3501 ut
1067 3400 1236 3520 patefiant,
1262 3436 1290 3501 si
1314 3457 1397 3517 quae
1407 3453 1457 3507 861

65 3525 134 3592 sint
158 3529 274 3591 contra
296 3525 540 3592 matrimonium
565 3527 750 3604 obstacula,
782 3525 935 3591 videlicet
965 3525 1198 3609 impedimenta
1228 3546 1312 3608 quae
1337 3525 1398 3591 boc

66 3614 311 3681 matrimonium
334 3615 539 3699 prohibeant,
565 3616 619 3680 vel
642 3636 726 3697 quae
750 3615 830 3680 illud
853 3614 1022 3680 redditura
1045 3615 1110 3680 sint
1134 3616 1267 3683 nullum.

158 3730 196 3796 u.
216 3733 245 3798 2.
284 3730 336 3795 Ex
351 3732 416 3796 fine
434 3731 562 3798 intento
579 3731 727 3815 sequitur
743 3732 858 3797 adesse
874 3730 1107 3813 obligationem
1123 3753 1183 3816 per
1198 3753 1234 3796 se
1249 3752 1396 3813 gravem,

68 3841 135 3904 qua
157 3824 334 3886 teneantur
358 3842 469 3886 omnes
493 3821 548 3902 qni
572 3821 679 3886 sciant
702 3821 834 3902 aliquod
857 3821 1124 3904 impedimentum
1151 3821 1237 3888 inter
1261 3843 1398 3905 sponsos

67 3909 240 3988 exsistere,
264 3910 344 3975 illud
368 3910 591 3986 manifestare,
616 3910 678 3974 nisi
703 3910 809 3976 sciant
832 3910 873 3975 ab
896 3909 968 3975 aliis
984 3911 1283 3976 manifestationem
1308 3915 1397 3976 certo

66 3998 140 4065 fieri
163 3998 216 4064 vel
239 3999 364 4066 factam
388 4021 469 4065 essa.
519 3999 725 4082 Gasparri
748 4000 770 4065 l.
796 4022 823 4065 c.
848 4022 880 4065 n.
907 4002 970 4064 174
987 4020 1035 4082 sq.

158 4115 196 4182 R.
222 4118 252 4182 3.
306 4115 517 4180 Excusantur
547 4120 656 4181 autem
687 4114 710 4179 ii
741 4114 795 4196 qni
826 4114 942 4181 timere
972 4115 1093 4180 debent
1123 4136 1164 4179 ex
1195 4115 1404 4180 revelatione,

66 4225 173 4288 grave
201 4203 382 4287 periculum
412 4205 465 4268 vel
496 4204 649 4269 damnum
680 4204 750 4269 sive
780 4225 839 4287 pro
870 4225 921 4280 se,
954 4203 1024 4268 sive
1047 4225 1106 4287 pro
1130 4204 1214 4281 suis,
1246 4204 1316 4269 sive
1340 4226 1398 4288 pro

66 4293 228 4361 societate
251 4314 309 4358 seu
333 4293 461 4359 ratione
484 4294 629 4358 scandali
654 4331 698 4339 -
722 4293 868 4375 adeoque
885 4293 985 4358 etiam
1001 4292 1023 4356 ii
1040 4294 1093 4374 qui
1110 4293 1260 4359 notitiam
1277 4295 1399 4360 habent

67 4403 112 4449 ex
135 4386 262 4449 secreto
293 4383 354 4447 sibi
383 4383 415 4447 in
448 4383 555 4447 officio
578 4383 632 4447 vel
660 4382 786 4447 consilii
816 4403 915 4446 causa
939 4382 1127 4458 commisso,
1160 4382 1310 4448 similiter
1341 4405 1398 4448 ex·

66 4478 226 4539 cusantur
247 4472 269 4536 ii
294 4493 430 4554 qnorum
464 4472 623 4537 revelatio
655 4477 743 4536 esset
772 4471 905 4537 inutilis.
953 4471 1076 4536 Verum
1099 4472 1127 4535 si
1152 4471 1280 4554 quando
1305 4493 1399 4537 reve-

66 4562 149 4628 latio
171 4561 244 4627 fieri
266 4566 419 4644 nequeat,
445 4561 628 4626 adhibenda
652 4566 703 4626 est
726 4560 857 4643 privata
873 4599 916 4606 —
939 4560 967 4624 si
989 4559 1060 4624 fieri
1083 4562 1188 4644 possit
1204 4600 1247 4607 —
1264 4562 1398 4628 monitio

66 4673 181 4719 eorum
206 4672 344 4734 quorum
367 4651 515 4716 interest.
569 4650 774 4733 Gasparri
800 4672 830 4716 n.
859 4651 920 4714 177
938 4670 986 4732 sq.
