3044 5174
162 288 229 351 260
617 278 822 335 Sacrunentum
839 277 1032 347 paenitentiae.

251 460 289 526 u.
306 461 337 524 3.
365 457 480 522 Fuisse
496 461 606 523 autern
623 455 843 521 101111101111
859 461 1068 539 aegrotorum
1085 477 1158 523 eam
1174 479 1239 541 qua
1254 458 1318 524 dici
1334 463 1487 543 poteraut

159 548 322 615 exsistere
344 546 378 611 in
402 546 539 612 articulo
562 545 695 623 mortis,
724 545 868 629 practice
890 545 1022 610 dubium
1045 567 1109 611 non
1133 552 1201 624 est,
1225 569 1323 630 quam
1347 549 1487 633 primum

159 638 322 720 agebatur
345 637 386 701 de
409 636 516 701 morbo
535 637 722 720 periculoso.
768 635 866 700 Teste
891 635 922 700 S.
946 634 1063 718 Alph.
1088 636 1151 715 VI,
1182 639 1244 702 561
1271 637 1304 702 in
1332 639 1396 704 hae
1418 660 1488 705 ma·

158 727 245 793 teria
273 726 400 804 ,verius
424 730 458 791 et
481 724 699 790 communius“
732 744 808 807 ,pro
832 724 946 789 eodem
969 724 1129 808 accipitur
1150 726 1309 792 articulus
1336 732 1371 793 et
1401 730 1487 812 peri·

159 817 300 881 eulum“.
348 815 392 881 Et
421 835 457 879 re
487 834 566 879 vera
595 813 789 896 incorpore
817 812 913 889 iuris,
945 813 1000 878 ubi
1030 834 1137 878 sermo
1162 818 1214 881 est
1236 816 1277 880 de
1300 817 1486 900 recipienda

159 904 364 970 absolutione
387 904 429 969 ab
453 924 491 968 eo
515 903 570 984 qui
594 903 676 967 alias
700 902 871 967 absolvere
894 908 1044 984 nequeat,
1073 924 1099 969 o.
1125 904 1189 969 Eos
1213 908 1269 991 qui
1291 904 1363 986 (22)
1389 910 1419 981 5,
1447 912 1484 972 11

158 995 192 1059 11
218 998 252 1059 61
274 992 556 1058 indiscriminatim
580 990 754 1060 adhibetur
776 1012 843 1056 vox
870 995 1022 1074 ,propter
1045 991 1243 1060 imminentis
1267 995 1383 1061 mortis
1407 996 1486 1062 arti·

158 1084 284 1149 culum“
320 1087 354 1148 et
383 1081 592 1147 nihilominus
621 1080 677 1145 ille
707 1079 776 1163 ipse
804 1080 962 1146 articulus
985 1081 1103 1146 dicitur
1126 1081 1158 1146 in
1183 1082 1298 1148 eadem
1321 1086 1486 1152 sententia

161 1171 377 1256 ,periculum“
406 1171 503 1252 idque
526 1174 643 1253 postea
658 1169 745 1235 forte
762 1174 982 1240 cessaturum:
1007 1170 1080 1235 dein
1098 1191 1170 1236 cum
1187 1171 1251 1237 isto
1270 1171 1342 1238 loco
1358 1174 1486 1240 dicatur

157 1261 330 1345 paenitens
354 1259 480 1326 absolvi
503 1280 599 1343 posse
623 1259 664 1323 ab
687 1258 841 1323 inferiore
864 1258 969 1324 iudice
992 1258 1026 1323 in
1049 1262 1183 1325 articulo
1206 1262 1339 1341 mortis,
1364 1262 1398 1328 id
1422 1264 1483 1329 alio

157 1351 230 1415 loco
259 1371 287 1416 c.
313 1352 372 1428 29,
404 1370 492 1415 caus.
519 1350 577 1426 17,
609 1349 684 1429 14
717 1350 775 1429 ,si
804 1351 876 1433 quis
904 1348 1074 1414 suadetur
1107 1349 1227 1416 dicitur
1254 1350 1294 1416 de
1328 1356 1484 1436 ,periculo

156 1438 273 1505 mortis
297 1442 468 1522 urgente“.
513 1437 630 1519 Neque
652 1436 715 1502 hac
738 1436 771 1501 in
794 1458 831 1501 re
854 1437 1044 1519 scrupulose
1066 1438 1121 1521 agi
1152 1438 1265 1516 debet;
1296 1461 1375 1506 nam
1401 1441 1481 1507 siin

157 1550 223 1610 qua
239 1549 339 1594 causa
355 1548 509 1609 umquam
525 1524 675 1591 Ecclesia
699 1531 870 1590 censeatur
893 1525 1073 1592 liberaliter
1095 1548 1196 1609 agere
1218 1528 1314 1606 velle,
1339 1536 1430 1597 certe
1452 1531 1482 1596 id

157 1618 230 1683 vult
253 1618 287 1682 in
309 1617 424 1682 11101111
448 1616 607 1699 periculo,
639 1614 693 1679 ubi
716 1614 796 1678 nihil
820 1636 884 1680 non
908 1619 1072 1681 tentatum
1095 1615 1266 1700 relinquit,
1298 1621 1336 1685 ut
1359 1620 1480 1685 animas

154 1707 269 1771 salvas
292 1705 420 1771 Christo
443 1703 659 1770 transmittat.
707 1703 754 1770 uf.
780 1704 976 1771 Salmant.
1000 1708 1043 1771 tr.
1068 1705 1130 1783 VI,
1156 1727 1184 1772 c.
1211 1708 1269 1785 11,
1292 1728 1326 1774 n.
1352 1711 1395 1774 23
1419 1731 1479 1792 sq.;

156 1795 469 1863 Bellen-Palm.
493 1794 515 1859 l.
540 1814 568 1858 c.
592 1814 623 1858 n.
649 1795 723 1858 590.

234 2003 496 2073 IURISDICTIO
520 2003 568 2068 IN
593 2001 883 2069 MORIBUNDOS
907 2003 1098 2080 Elusuuu
1121 2003 1408 2075 EXERCITIUM.

715 2169 825 2235 Casus.
845 2177 922 2247 (130)

246 2313 369 2370 Rufinus
386 2311 543 2387 parochus,
566 2310 647 2369 solus
669 2310 698 2368 in
719 2310 785 2369 loco
807 2310 856 2368 ubi
877 2311 941 2370 lues
962 2317 1127 2386 grassatur,
1149 2314 1291 2373 auxilium
1314 2318 1474 2376 nonhabet

152 2392 213 2451 nisi
235 2391 398 2452 sacerdotis
414 2391 604 2459 schismatici,
627 2390 675 2465 qui
691 2410 724 2448 se
739 2391 825 2449 offert
840 2392 876 2450 ad
892 2398 1080 2451 sacramenta
1093 2393 1275 2454 moribundis
1290 2397 1473 2464 conferenda
1513 2446 1516 2481 7

153 2475 240 2532 cuius
263 2491 383 2549 operam
404 2472 434 2529 in
456 2477 542 2530 tanta
562 2470 744 2529 necessitate
758 2476 862 2546 gratus
877 2471 996 2548 accipit,
1018 2492 1078 2532 nou
1093 2479 1192 2533 tamen
1207 2476 1272 2534 sine
1287 2476 1473 2538 admiratione

155 2553 270 2631 populi,
302 2552 350 2627 qui
371 2552 449 2610 hano
471 2550 578 2625 agendi
599 2551 744 2609 rationem
772 2570 946 2628 componere
974 2553 1070 2612 nescit
1091 2573 1158 2613 cum
1178 2555 1315 2615 doctriua
1337 2559 1473 2617 catholica

152 2633 191 2691 de
212 2632 348 2691 Ecclesia
369 2637 402 2690 ut
422 2631 509 2690 unico
531 2630 636 2689 salutis
656 2631 761 2691 medie.

154 2744 333 2815 Quauarrun
356 2747 384 2803 1ο
404 2764 474 2802 num
496 2743 591 2820 possit
612 2748 643 2801 et
657 2744 764 2803 debeat
778 2746 917 2804 sacerdos
932 2748 1213 2817 excommunicatus,
1236 2750 1328 2809 etiam
1344 2754 1472 2813 schisma·

409 2826 487 2882 tiens
509 2824 558 2882 vel
577 2824 757 2896 haereticus,
780 2825 937 2901 aliquando
959 2835 1145 2886 sacramenta
1167 2829 1347 2893 ministrare.

355 2925 385 2982 2⁰
406 2923 529 2982 Rufinus
550 2928 671 2981 rectene
692 2923 795 2998 egerit,
816 2924 880 2982 vel:
903 2925 1046 2999 quomodo
1068 2945 1157 3001 agere
1178 2927 1323 2989 debuerit.

750 3120 885 3187 Salutio.

89 3283 145 3336 454
244 3262 297 3326 An
316 3281 507 3335 ounrsmuu
525 3264 562 3324 1¹¹²
578 3259 617 3325 R.
637 3264 665 3324 1.
705 3259 742 3325 In
765 3261 903 3327 articulo
927 3263 1042 3328 mortis
1065 3266 1269 3332 sacerdotem
1294 3269 1473 3349 quemlibet.

155 3350 254 3415 etiarn
278 3349 477 3414 haereticum
501 3350 553 3414 vel
578 3351 894 3416 excommunicatum
918 3351 1105 3432 vitandum,
1136 3355 1258 3420 habere
1280 3362 1472 3440 potestatem

154 3439 345 3503 absolvendi
365 3438 505 3503 dubitari
522 3438 660 3521 amplius
676 3439 798 3521 nequit.
838 3440 924 3505 Nam
944 3441 975 3522 1)
992 3441 1087 3507 nimis
1103 3443 1271 3524 generalia
1286 3450 1367 3515 sunt
1384 3448 1474 3513 verba

154 3527 280 3592 concilii
304 3527 484 3592 Tridentini
519 3527 700 3609 ,quoslibet
730 3530 918 3594 sacerdotes
948 3551 968 3594 a
992 3531 1246 3614 quibuscumque
1276 3537 1425 3618 peccatis
1446 3537 1473 3600 11

154 3617 292 3682 articulo
323 3616 438 3680 mortis
467 3617 638 3681 absolvere
668 3621 801 3699 posse“;
835 3619 868 3698 2)
899 3639 970 3683 cum
1002 3620 1133 3685 dubium
1164 3621 1204 3686 de
1229 3623 1408 3691 haereticis
1431 3625 1472 3688 vel

153 3706 297 3771 vitandis
319 3709 517 3782 moveretur,
542 3705 793 3771 Innocentius
808 3707 864 3784 XI,
889 3712 926 3773 ut
947 3708 1058 3790 legere
1074 3715 1126 3776 est
1141 3711 1227 3794 apud
1244 3712 1277 3778 S.
1295 3715 1408 3799 Alph.
1425 3714 1472 3787 Vl,

153 3798 228 3871 560,
253 3795 348 3860 iussit
371 3816 435 3859 non
460 3795 598 3878 amplius
622 3794 834 3860 dubitandum
854 3818 926 3861 esse
943 3798 983 3862 de
998 3799 1163 3864 sententia
1179 3801 1370 3869 affirmante
1386 3805 1473 3871 istam

153 3885 357 3950 facultatem.
1511 3894 1515 3999 p

241 3992 280 4056 R.
306 3993 335 4056 2.
382 3989 601 4054 Nihilominus
630 3994 703 4056 tota
733 3992 802 4056 eius
833 3998 980 4075 potestas
1011 3995 1117 4076 quoad
1148 3995 1272 4062 licitum
1304 4020 1401 4065 usum
1430 4020 1472 4064 re·
1510 4008 1515 4081 ξ

152 4081 325 4161 stringitur
348 4080 390 4144 ad
414 4101 524 4144 casum
550 4083 752 4146 necessitatis.
789 4081 1003 4165 Quapropter,
1032 4084 1060 4148 si
1083 4084 1168 4149 alius
1191 4087 1347 4164 sacerdos
1372 4087 1472 4155 vocari

152 4170 265 4251 possit,
289 4169 402 4233 illicite
426 4168 578 4232 sacerdos
601 4170 786 4235 haereticus
810 4172 961 4236 —idem
986 4172 1036 4237 dic
1060 4173 1100 4237 de
1121 4173 1331 4242 schismatico
1356 4216 1401 4223 —
1424 4179 1472 4244 ab·

151 4259 269 4334 solvit,
293 4258 503 4322 moribundus
527 4257 639 4322 illicite
663 4259 704 4322 ab
728 4280 766 4323 eo
790 4260 889 4342 petit:
919 4261 1011 4343 proin
1035 4262 1069 4326 in
1093 4284 1131 4328 eo
1156 4284 1233 4328 casu
1257 4287 1322 4331 non
1346 4274 1472 4351 propter

151 4348 316 4413 defectum
344 4347 520 4429 potestatis
550 4347 582 4410 in
606 4348 776 4413 sacerdote
800 4349 1023 4427 schismatioO,
1055 4352 1112 4416 sed
1142 4358 1277 4436 propter
1307 4355 1471 4441 indisposi-

148 4438 271 4502 tionem
296 4436 477 4500 moribundi
501 4436 662 4501 absolutio
687 4439 843 4505 evaderet
866 4441 964 4504 nulla.

240 4545 278 4607 R.
304 4549 334 4609 3.
382 4543 536 4607 Facultas
566 4543 654 4608 licite
685 4545 933 4610 administrandi
965 4553 1171 4613 sacramenta
1201 4551 1361 4634 restringi
1386 4553 1470 4618 debet
1509 4480 1515 4593 l

147 4633 192 4696 ad
224 4633 330 4715 ipsum
363 4632 584 4715 paenitentiae
616 4638 873 4713 sacramentum,
911 4636 972 4699 nisi
1005 4637 1091 4701 forte
1123 4642 1245 4720 agatur
1277 4641 1319 4707 de
1353 4643 1470 4708 homine
1507 4621 1513 4747 l

1504 4810 1516 5078 l
