3044 5174
158 233 221 297 106
673 230 713 285 De
732 247 770 286 ss.
789 229 963 286 eucharistia.

155 407 355 492 impossibile
378 411 430 473 est
454 427 576 490 negare
604 407 738 473 missam
763 408 921 475 celebrari
946 429 1028 493 opus
1050 409 1148 491 longe
1172 407 1388 476 excellentius
1411 427 1481 475 esse

156 517 253 579 quam
277 496 410 562 missam
435 497 550 564 audiri.

96 628 146 682 190
245 618 299 684 An
322 640 513 695 Quausruuu
530 624 569 685 4¹²
585 620 624 687 R.
645 624 672 689 l.
697 619 858 686 Rationes
881 620 1012 703 quidem
1035 621 1214 705 aparocho
1231 621 1355 687 allatae
1377 620 1481 687 minue

156 713 331 774 accuratae
370 712 456 775 suut.
512 708 624 788 Quoad
664 709 802 793 primam
842 709 1004 775 rationem
1042 711 1106 776 iam
1146 709 1229 776 satis
1267 709 1392 777 dictum
1432 715 1480 777 est

156 798 262 864 modo.
318 797 431 874 Quoad
461 798 601 864 alteram
631 819 697 864 non
727 803 780 864 est
811 799 960 865 absolute
992 819 1107 864 verum
1137 798 1332 865 samilicium
1363 799 1480 865 missae

155 891 285 953 tautum
317 888 473 971 prodesse
505 886 642 969 singulis
674 909 717 953 ex
747 887 861 953 multia
890 892 1046 970 quantum
1077 887 1133 953 uui
1164 909 1224 972 pro
1247 908 1312 971 quo
1335 889 1479 954 offertur.

156 976 261 1053 Nam,
292 996 488 1058 quamquam
518 976 553 1041 in
582 997 618 1042 se
642 976 758 1044 infiniti
783 977 907 1043 valoris
937 982 1004 1051 est,
1035 976 1215 1043 efficaciam
1245 977 1354 1059 quoad
1378 978 1480 1061 appli-

157 1063 319 1131 cationem
342 1086 407 1130 non
431 1065 531 1132 habet
553 1065 734 1145 infinitam,
755 1066 826 1131 sed
850 1070 942 1133 certa
964 1066 1038 1148 lege
1062 1066 1314 1133 determinatam
1345 1087 1480 1149 eamque

156 1153 360 1220 divisibilem.

248 1243 338 1319 Quod
363 1242 491 1325 quidem
515 1243 659 1308 maxime
682 1243 773 1310 valet
797 1243 837 1309 de
861 1243 972 1309 fructu
996 1242 1220 1311 satisfactorie
1253 1243 1309 1325 qui
1332 1243 1480 1311 similiter

156 1337 194 1398 ut
223 1331 427 1414 indulgentia
457 1335 568 1416 potest
599 1332 652 1397 vel
675 1332 710 1397 iu
732 1333 842 1416 plures
866 1331 1015 1399 distribui
1039 1332 1093 1398 vel
1116 1332 1171 1398 uui
1194 1332 1347 1399 conferri.
1395 1333 1478 1399 Nam
1517 1344 1520 1351 ⁴

157 1422 197 1486 de
231 1422 340 1487 fructu
379 1420 626 1505 impetratorio,
665 1420 728 1488 etsi
763 1421 883 1487 ceteris
917 1421 1050 1505 paribus
1086 1421 1240 1488 videatur
1274 1423 1350 1506 plus
1383 1422 1479 1507 prod·
1518 1392 1520 1457 l

157 1531 229 1576 esse
256 1510 312 1575 uni
342 1530 439 1593 quam
463 1509 699 1593 compluribus,
731 1515 843 1577 tamen
867 1511 1030 1592 quandam
1053 1510 1250 1577 infinitatem
1280 1510 1398 1587 habet,
1429 1511 1479 1576 vel

156 1599 265 1684 potius
288 1602 340 1665 est
353 1598 557 1666 indefinitum
581 1599 668 1680 quid,
692 1620 751 1683 per
764 1600 995 1666 liberalitatem
1010 1599 1073 1665 Dei
1087 1598 1235 1683 proxime
1259 1598 1479 1667 determinan-

157 1690 249 1754 dum:
285 1709 387 1771 quare
421 1687 537 1753 mirum
574 1709 638 1753 non
673 1692 725 1754 eet
756 1709 853 1772 posse
885 1689 1060 1771 aliquando
1092 1688 1231 1772 siugulis
1260 1709 1304 1755 ex
1334 1690 1479 1774 pluribus

156 1777 370 1863 permissam
393 1778 467 1861 plus
490 1776 660 1860 impetrari
683 1798 781 1860 quam
805 1777 888 1843 alias
912 1778 967 1842 uni
990 1778 1195 1862 impetretur.

245 1884 284 1950 R.
309 1887 339 1950 2.
387 1886 544 1950 Attamen
574 1903 680 1967 neque
703 1884 792 1949 Deus
822 1884 969 1949 accusari
999 1887 1110 1968 potest
1139 1882 1340 1968 acceptionis
1368 1904 1479 1969 perso·
1511 1922 1519 1951 t

156 1994 282 2040 narum.
329 1973 402 2040 Etsi
434 1973 489 2038 uni
512 1971 690 2039 faciliorem
715 1972 819 2039 faciat
841 1973 928 2038 viam
953 1972 1119 2040 obtinendi
1141 1972 1217 2039 linis
1245 1972 1353 2040 ultimi
1383 1994 1477 2057 quam

158 2061 269 2140 alteri,
300 2061 371 2145 ipse
402 2066 454 2128 est
477 2062 619 2127 omnium
643 2063 799 2127 donorum
823 2083 955 2127 suorum
985 2061 1135 2129 dominus
1164 2060 1219 2144 qui
1242 2062 1366 2128 nemini
1388 2062 1478 2146 quid·

157 2173 254 2234 quam
279 2151 385 2230 debet,
410 2155 445 2216 et
469 2151 522 2233 qui
546 2150 665 2216 nullius
688 2155 773 2233 eget.
807 2151 883 2216 Sive
904 2156 1016 2217 tamen
1032 2150 1216 2217 difficiliora
1238 2152 1309 2217 eive
1332 2151 1478 2218 faciliora

157 2263 178 2307 a
201 2241 353 2325 quopiam
378 2239 491 2323 exigit,
516 2240 633 2307 reddet
656 2240 829 2321 unicuique
852 2241 1029 2306 secundum
1053 2261 1154 2324 opera
1178 2260 1247 2307 sua.

245 2347 285 2413 R.
297 2351 327 2413 3.
351 2347 467 2429 Neque
477 2352 587 2413 tamen
600 2347 756 2414 diuitibus
768 2347 977 2412 invidendum
989 2351 1052 2425 est,
1064 2347 1122 2412 sed
1134 2351 1212 2414 sunt
1222 2345 1333 2431 potius
1349 2346 1478 2413 commi·

157 2436 322 2502 seratione
338 2436 436 2519 digni.
465 2437 562 2502 Certo
577 2437 667 2501 Deus
683 2435 773 2503 dedit
787 2436 853 2501 illis
869 2436 1024 2501 maiorem
1041 2436 1235 2503 facultatem
1250 2436 1476 2521 eleemosynae
1513 2402 1520 2515 l

157 2525 338 2602 faciendae,
363 2526 460 2607 idque
483 2527 525 2591 ad
542 2525 690 2591 diversos
705 2526 786 2590 fines
803 2526 914 2604 bonos,
939 2525 1039 2591 etiam
1055 2525 1097 2592 ad
1113 2525 1290 2592 curandam
1307 2525 1476 2592 missarum
1512 2536 1520 2615 ῑ

158 2614 427 2690 celebrationem
460 2614 596 2698 pauperi
627 2615 684 2680 dat
714 2615 993 2699 opportunitatem
1025 2614 1181 2680 maiorem
1214 2613 1256 2679 ad
1286 2613 1353 2680 alia
1383 2635 1477 2700 opera
1513 2626 1519 2697 ξ

157 2705 243 2769 bona
267 2704 459 2769 exercenda.
507 2704 587 2769 Cum
610 2702 733 2769 divitiis
755 2703 888 2785 reliquit
910 2703 999 2769 Deus
1022 2702 1134 2770 iuncta
1158 2724 1257 2769 onera
1280 2707 1316 2770 et
1339 2705 1478 2788 pericula
1512 2714 1520 2757 ῑ

158 2793 275 2859 salutis
298 2792 414 2876 quibus
437 2792 560 2859 exemit
583 2813 762 2876 pauperes,
794 2793 842 2860 ita
865 2797 903 2858 ut
924 2793 1073 2858 Christus
1094 2792 1252 2858 Dominus
1275 2813 1342 2857 non
1366 2793 1478 2860 divites

157 2883 216 2948 sed
238 2902 400 2967 pauperes
430 2883 546 2949 beatos
577 2881 771 2967 appellaret.
818 2881 852 2948 Si
881 2902 917 2947 re
947 2881 1019 2965 ipsa
1043 2880 1135 2946 dives
1166 2880 1284 2964 aliquis
1313 2903 1375 2966 per
1398 2882 1478 2948 elee—

158 2992 313 3053 mosynas
336 2993 395 3055 pro
419 2971 527 3036 missis
551 2969 753 3037 celebrandis
777 2969 874 3037 datas
897 2970 1028 3036 facilius
1052 2975 1085 3037 et
1109 2969 1205 3038 citius
1227 2991 1264 3035 se
1281 2970 1443 3038 exemerit
1463 2991 1478 3035 e

158 3060 339 3144 purgatorii
363 3061 493 3144 poenis,
525 3081 651 3145 pauper
674 3058 802 3125 facilius
825 3064 860 3126 et
882 3059 1028 3126 securius
1059 3059 1120 3124 sibi
1150 3079 1354 3142 congregare
1377 3058 1479 3145 potuit

158 3149 305 3234 praemia
329 3154 474 3227 aeterna,
501 3170 584 3232 quae
609 3149 689 3213 illud
713 3149 824 3216 divitis
848 3149 1053 3214 commodum
1076 3148 1203 3215 infinite
1226 3154 1396 3232 superant.

247 3258 285 3324 R.
311 3259 342 3323 4.
376 3257 499 3322 Verum
530 3255 708 3341 applicatio
739 3277 819 3339 erga
850 3255 1040 3334 defunctos,
1071 3259 1109 3321 ut
1138 3259 1238 3321 antea
1268 3255 1392 3323 dictum
1423 3259 1477 3333 est,

158 3344 297 3412 multum
320 3347 441 3430 pendet
464 3367 485 3410 a
507 3344 728 3411 misericordia
752 3350 785 3411 et-
808 3344 1006 3410 liberalitate
1030 3344 1158 3410 divina:
1182 3350 1385 3429 quapropter
1408 3366 1477 3412 eve·

159 3434 228 3498 nire
251 3438 362 3519 potest
391 3440 429 3502 ut
452 3435 509 3499 illa
532 3435 705 3500 missarum
729 3434 886 3515 suffragia
917 3455 1000 3516 quae
1029 3435 1112 3500 fiunt
1142 3455 1201 3517 pro
1232 3433 1343 3499 anima
1373 3433 1478 3502 divitis

159 3544 279 3605 magna
303 3546 345 3590 ex
368 3527 463 3607 parte
487 3523 583 3590 alteri
607 3523 821 3606 applicentur,
846 3523 900 3606 qui
915 3522 1007 3588 bonis
1023 3521 1175 3606 operibus
1197 3522 1231 3588 in
1254 3527 1391 3590 terrena
1414 3524 1478 3591 vin

159 3611 302 3695 peractis
334 3614 421 3696 apud
444 3614 549 3678 Deum
579 3612 685 3695 magis
715 3613 833 3679 meruit
864 3616 901 3678 ut
931 3611 1184 3677 misericordiam
1215 3612 1380 3680 inveniret
1410 3615 1478 3698 poet

159 3706 308 3766 mortem.

295 3890 552 3959 APPLICATIO
576 3892 734 3958 MISSAE
759 3893 843 3959 PRO
868 3891 1028 3969 QUIBUS
1052 3893 1170 3959 FIERI
1194 3891 1354 3962 POSSIT.

738 4057 917 4132 desuetae)

250 4197 433 4264 Constantia,
456 4197 504 4272 pia
526 4197 645 4266 femina,
668 4197 834 4272 colligenda
857 4203 941 4255 curat
963 4196 1111 4273 stipendia
1132 4196 1290 4255 missarum
1312 4215 1367 4272 pro
1389 4216 1478 4258 sacer

161 4280 228 4338 dote
243 4278 299 4337 sibi
315 4284 393 4336 noto.
423 4278 504 4336 Inter
519 4277 698 4337 intentiones
717 4284 746 4335 et
759 4278 972 4354 stipendiorum
987 4277 1161 4335 donationes
1183 4280 1303 4335 notatas
1325 4282 1477 4337 occurrunt

160 4361 231 4418 hae:
263 4359 291 4432 1)
314 4377 331 4416 a
352 4357 481 4416 Xaueria
503 4377 554 4433 pro
576 4358 669 4434 ipsius
691 4358 804 4417 infante
826 4365 895 4416 ante
917 4357 1094 4434 baptismum
1122 4362 1253 4428 mortuo,
1284 4356 1315 4430 2)
1338 4360 1377 4418 ab
1398 4361 1477 4417 Ama·

160 4440 200 4499 lia
222 4439 330 4498 femina
352 4438 522 4496 Lutherana
552 4444 580 4495 et
602 4439 721 4496 Iuditha
743 4439 880 4496 Hebraea
909 4437 945 4496 ad
974 4437 1189 4512 impetrandum
1217 4436 1336 4496 felicem
1358 4445 1476 4515 partum.

160 4522 191 4592 3)
213 4539 250 4578 ex
271 4523 450 4576 testamento
473 4518 558 4588 Iulii,
587 4519 687 4593 quiin
710 4519 806 4576 duello
828 4518 939 4576 infelici
961 4518 1117 4576 subitanea
1139 4521 1232 4575 morte
1261 4518 1400 4578 sublatus
1428 4523 1477 4583 est,

160 4618 213 4675 pro
236 4600 299 4657 eius
321 4599 427 4665 anima,
450 4600 480 4669 4)
502 4601 539 4656 ab
560 4598 693 4674 Eugenia
715 4619 767 4675 pro
789 4598 928 4656 defuncto
950 4603 1034 4674 patre
1056 4597 1239 4667 acatholico,
1263 4599 1294 4671 5)
1317 4618 1335 4657 a
1358 4604 1479 4677 cognato
