3044 5174
439 299 529 354 Onera
549 317 670 355 anncxa:
689 329 724 338 -
744 297 829 354 officii
846 297 931 353 divini
950 297 1083 352 recitatio.
1363 301 1429 366 455

99 477 131 556 1)
156 479 251 541 certa
276 475 434 557 quaedam
459 475 600 541 attentio
624 478 659 540 11
682 475 839 552 intentio,
865 478 899 560 2)
922 475 1074 542 recitatio
1098 476 1132 559 a)
1155 475 1296 554 vocalis,
1321 476 1355 558 b)
1379 476 1428 542 in·

95 571 205 647 tegra,
231 563 263 646 c)
288 563 488 630 continuata.

188 677 228 742 lt.
255 678 285 742 2.
324 674 376 740 Ab
399 675 516 742 ultima
540 676 729 742 condicione
751 675 946 761 incipiendo
971 697 1036 758 qua
1060 676 1158 742 debet
1179 677 1331 743 recitatio
1356 700 1429 744 esse

94 770 303 848 continuata,
333 765 414 831 haec
443 765 490 830 ita
521 765 725 848 intellegitur
754 770 791 833 ut
820 766 890 831 sine
920 765 1159 849 interruptione
1189 766 1359 832 moraliter
1380 768 1429 832 11-

94 856 231 938 quondo
260 856 392 936 integra
423 854 505 920 hora
534 855 691 921 canonica
724 855 923 922 absolvatur.
978 853 1136 921 Attamen
1168 854 1249 920 haec
1283 855 1429 921 condicio

93 946 254 1027 neglecta
277 964 342 1010 non
366 942 538 1011 constituit
560 949 733 1028 peccatum
756 964 876 1026 grave3
900 964 1016 1026 neque,
1041 945 1220 1010 accedente
1242 944 1430 1011 rationabili

94 1053 212 1111 causa,
235 1033 375 1099 veniale.
418 1032 571 1114 Singulas
596 1033 695 1098 horas
718 1032 795 1098 licet
817 1033 989 1100 interiecto
1012 1033 1171 1116 temporis
1193 1033 1301 1117 spatio
1325 1035 1367 1099 ad
1391 1035 1429 1100 li·

93 1122 204 1189 bitum
229 1142 402 1205 separare;
427 1126 463 1188 11
485 1142 682 1204 quamquam
705 1127 812 1188 totum
837 1122 978 1187 officium
995 1125 1190 1188 nocturnum
1215 1123 1431 1191 communiter

94 1211 197 1294 quasi
218 1231 284 1275 una
306 1211 388 1276 hora
412 1211 568 1277 canonica
591 1210 745 1277 continue
760 1211 936 1277 recitatur:
961 1216 1072 1277 tamen
1091 1232 1220 1296 semper
1236 1211 1334 1278 etiam
1359 1212 1430 1278 sine

95 1321 202 1366 causa
226 1299 337 1366 licebit
360 1300 499 1378 Laudes,
523 1299 624 1366 etiam
647 1300 820 1366 interiecta
843 1303 915 1366 tota
938 1304 1045 1377 nocte,
1070 1301 1230 1382 areliquo
1247 1301 1354 1367 officio
1378 1323 1430 1367 se·

95 1410 237 1473 parare:
272 1392 372 1470 atque
403 1389 502 1455 etiam
532 1389 679 1471 singulos
702 1388 890 1455 Nocturnos
921 1389 961 1454 ab
989 1389 1145 1467 invicem,
1177 1390 1238 1455 etsi
1269 1411 1334 1455 non
1357 1395 1432 1458 tota

96 1485 211 1554 nocte,
235 1481 347 1543 tamen
371 1498 430 1561 per
452 1478 579 1559 aliquot
601 1477 709 1544 horas.
741 1478 865 1543 Verum
889 1477 1000 1544 licebit
1023 1477 1133 1562 plures
1156 1479 1254 1544 horas
1278 1481 1432 1546 continue

96 1569 254 1644 recitare,
278 1587 385 1649 neque
402 1566 490 1632 aliud
506 1567 584 1649 quid
602 1567 790 1648 requiritur,
814 1567 877 1633 nisi
891 1570 929 1634 ut
944 1567 1133 1650 ceteroquin
1157 1572 1286 1651 tempus
1309 1569 1431 1636 iustum

97 1657 306 1723 observetur.

192 1772 231 1838 R.
257 1775 287 1839 3.
335 1771 488 1837 Condicio
521 1792 586 1853 qua
616 1770 735 1836 dicitur
764 1771 993 1838 recitationem
1024 1772 1143 1838 debere
1167 1792 1239 1837 esse
1262 1775 1430 1859 inteprom,

95 1862 245 1928 violatur
276 1860 542 1946 pronuntiatione
573 1861 786 1926 accelerando
818 1865 986 1944 correpta,
1024 1881 1088 1942 qua
1119 1860 1267 1944 syllabae
1298 1866 1430 1927 contra-

94 1950 222 2017 bantur
245 1951 298 2015 vel
322 1951 578 2034 supprimantur.
626 1949 742 2016 Potest
773 1955 885 2016 tamen
910 1949 980 2015 fieri
1003 1950 1172 2029 recitatio,
1203 1950 1296 2015 utin
1321 1950 1429 2028 choro,

97 2060 174 2105 cum
198 2039 288 2104 socio
307 2038 519 2105 alternatim:
551 2060 614 2120 quo
644 2037 677 2103 in
702 2059 780 2104 casu
811 2038 933 2105 sufficit
965 2044 1002 2105 ut
1024 2059 1116 2104 suam
1142 2037 1279 2121 quisque
1301 2045 1430 2123 partem

98 2128 302 2214 pronuntiet,
328 2131 463 2195 alteram
488 2130 624 2209 audiot;
647 2148 761 2192 verum
785 2128 1008 2211 pronuntiatio
1025 2127 1123 2193 debet
1138 2148 1209 2194 esse
1233 2129 1430 2207 successiva,

98 2239 140 2284 ac
165 2216 259 2300 proin
283 2223 442 2302 peccatur
465 2222 580 2283 contra
604 2217 902 2300 pronuntiationem
927 2221 1100 2302 inteprom,
1125 2216 1171 2295 si,
1196 2218 1302 2283 altero
1327 2218 1433 2283 adhuc

97 2308 275 2384 recitante,
300 2308 388 2372 alter
410 2306 554 2390 incipiat.
588 2306 727 2372 Defeotu
752 2305 854 2388 igitur
876 2305 1079 2388 integritatis
1102 2311 1171 2372 turn
1188 2305 1222 2371 in
1238 2306 1432 2373 recitatione

98 2417 175 2461 cum
199 2395 288 2460 socio
312 2398 382 2461 1111
405 2395 439 2460 11
463 2395 659 2462 recitatione
682 2417 702 2461 a
725 2397 795 2461 solo
819 2396 909 2461 facta
931 2395 996 2462 isto
1019 2395 1115 2460 modo
1138 2400 1310 2479 peccatur,
1335 2396 1432 2478 idque

98 2484 262 2568 graviter,
287 2484 316 2549 si
340 2489 391 2550 est
415 2484 564 2551 defectus
589 2485 719 2550 omnino
743 2484 907 2561 notabilia,
932 2484 1016 2550 alias
1039 2485 1221 2551 venialiter.

193 2599 232 2664 R.
258 2601 288 2665 4.
336 2599 384 2666 111
407 2599 559 2666 recitatio
583 2599 627 2665 sit
649 2599 790 2678 vocalis,
815 2600 993 2682 requiritur
1015 2604 1099 2666 cocis
1121 2601 1305 2668 efformatio
1329 2622 1433 2683 eaque

101 2689 282 2754 secundum
306 2688 453 2770 singulas
476 2689 649 2754 verborum
674 2690 838 2772 syllabas,
862 2712 927 2755 non
950 2689 1072 2756 sufficit
1095 2711 1241 2755 murmur
1263 2691 1433 2756 indistinc-

100 2784 183 2844 tum.
232 2777 265 2843 si
290 2781 400 2842 autem
425 2798 491 2842 vox
516 2779 715 2855 efformatur,
744 2779 966 2862 pronuntiatio
991 2801 1028 2845 eo
1052 2779 1123 2863 ipso
1146 2801 1210 2845 non
1235 2785 1345 2863 potest
1369 2801 1433 2844 non

100 2887 176 2931 esse
200 2867 309 2948 aliquo
333 2867 430 2932 modo
454 2865 622 2931 audibilis:
654 2867 739 2949 quod
762 2888 843 2933 sane
866 2868 898 2932 in
929 2868 1064 2952 privata
1084 2868 1276 2934 recitatione
1300 2867 1432 2935 sufficit.

101 2955 220 3037 Neque
243 2955 422 3038 requiritur
445 2960 482 3022 ut
504 2976 572 3022 vox
604 2977 640 3020 re
669 2957 742 3040 ipsa
765 2958 935 3032 audiatur,
967 2979 1008 3022 ne
1038 2957 1080 3022 ab
1102 2956 1174 3039 ipso
1204 2957 1334 3039 quidem
1358 2979 1433 3040 pro-

101 3045 296 3124 nuntiante,
327 3045 435 3110 minus
464 3044 565 3112 etiam
588 3045 630 3109 ab
661 3045 734 3111 aliis
758 3044 1003 3122 assistentibus,
1034 3045 1133 3110 immo
1164 3045 1293 3127 quando
1322 3046 1433 3129 plures

101 3134 259 3220 privatim
283 3135 446 3211 recitant,
479 3134 633 3201 convenit
662 3139 700 3200 ut
723 3135 859 3217 quilibet
882 3156 996 3200 vocem
1019 3135 1067 3201 ita
1090 3134 1293 3213 moderetur,
1327 3156 1368 3200 ne
1392 3135 1433 3199 ab

101 3225 177 3290 aliis
202 3222 355 3289 audiatur
379 3224 504 3289 aliosve
528 3224 708 3307 perturbet.

193 3338 231 3405 R.
265 3342 295 3405 5.
343 3338 424 3417 Quid
456 3339 644 3422 requiratur
675 3344 712 3405 11
741 3339 892 3405 recitatio
923 3338 967 3405 sit
996 3342 1097 3404 oratio
1128 3342 1172 3403 ccl
1204 3339 1324 3423 Doara,
1356 3360 1432 3406 mor

101 3429 191 3496 inira
215 3429 351 3495 dicetur.

193 3562 245 3626 An
268 3582 460 3637 1111111111
484 3565 522 3625 2““
546 3561 585 3626 R.
613 3565 641 3627 1.
682 3560 718 3624 ln
744 3561 842 3626 choro
866 3561 988 3626 sufficit
1011 3559 1139 3643 quidem
1165 3560 1355 3626 alternatim
1380 3575 1487 3630 reve]

102 3651 206 3718 citare
231 3656 264 3716 et
288 3650 416 3725 audire;
447 3651 505 3715 sed
529 3650 718 3716 alternatim
750 3651 862 3715 audire
886 3655 919 3716 et
943 3671 1101 3732 organum
1132 3650 1265 3733 pulsare
1293 3672 1356 3715 non
1381 3655 1433 3716 est

101 3741 173 3806 ulla
196 3739 363 3817 recitatio,
396 3745 596 3824 quapropter
619 3739 671 3804 hic
694 3739 810 3803 modus
833 3760 897 3804 non
921 3739 1043 3806 sufficit
1072 3745 1110 3807 ut
1133 3739 1325 3821 obligationi
1349 3739 1432 3803 reci-

103 3828 198 3896 tandi
221 3829 320 3894 officii
345 3828 446 3894 divini
469 3828 619 3895 satisfiat.
668 3828 702 3894 Si
727 3833 838 3894 autem
862 3829 1033 3910 quaeritur
1056 3829 1095 3895 de
1118 3829 1286 3912 gravitate
1311 3827 1433 3907 (obiec-

103 3918 189 4000 tiva)
214 3917 326 3983 omissi
341 3919 452 4003 pensi:
478 3939 549 3983 cum
565 3919 729 3983 Ludmilla
748 3926 874 4003 purtem
891 3918 1105 4000 praestiterit,
1130 3918 1255 3984 scilicet
1272 3916 1432 3982 audiendo

104 4029 177 4074 cam
202 4012 329 4090 partem
362 4029 458 4089 quam
490 4007 602 4073 audire
632 4007 694 4091 ipsi
724 4008 808 4072 satis
832 4011 920 4084 erat,
952 4027 1032 4071 sane
1055 4007 1194 4072 materia
1225 4006 1345 4071 omissa
1367 4027 1432 4070 non

104 4101 215 4181 potest
239 4097 408 4163 aestimari
424 4095 486 4162 nisi
502 4096 679 4162 secundum
696 4096 835 4161 mediam
851 4100 979 4178 partem
997 4116 1225 4178 vesperarum
1249 4095 1330 4159 haec
1354 4115 1432 4159 vero

104 4208 169 4252 non
194 4187 291 4271 plane
315 4185 451 4268 attingit
473 4186 644 4251 materiam
669 4206 817 4268 gravem.
857 4184 979 4250 Censeo
1004 4183 1104 4265 igitur
1125 4182 1331 4247 omissionem
1356 4204 1432 4264 gra·

104 4298 178 4342 vem
204 4298 267 4340 non
292 4297 374 4353 esse,
400 4275 428 4340 si
452 4275 597 4357 reliquae
620 4279 733 4358 partes
757 4272 912 4340 cotidiani
937 4272 1033 4338 officii
1052 4293 1071 4336 a
1087 4271 1249 4336 Ludmilla
1273 4272 1335 4336 rite
1358 4293 1433 4355 per-

102 4367 286 4432 solvantur.

194 4482 233 4546 R.
260 4483 290 4547 2.
336 4479 456 4555 Quodsi
481 4479 638 4544 moniales
661 4499 785 4543 morem
810 4478 1033 4555 observarent,
1058 4478 1162 4543 solum
1188 4478 1334 4543 alternos
1358 4497 1432 4542 ver-

100 4571 225 4638 siculos
248 4568 407 4634 recitandi
431 4572 466 4634 et
489 4569 571 4633 alios
595 4590 709 4633 versus
733 4567 803 4633 solo
828 4567 944 4649 organi
967 4568 1061 4650 pulsu
1086 4568 1254 4652 supplere:
1279 4588 1339 4649 pro
1364 4589 1432 4632 om-

98 4662 199 4728 uibus
223 4658 310 4724 idem
335 4657 397 4724 dici
421 4659 573 4736 deberet,
598 4657 740 4722 scilicet:
765 4677 838 4722 esse
862 4657 998 4721 abusum
1023 4656 1152 4738 quidem
1176 4656 1307 4722 omnino
1330 4655 1432 4721 corri-
