3044 5174
310 294 426 351 Ordines
444 295 516 351 sacri
534 326 567 334 -
588 296 712 351 deiectus
731 296 758 349 in
778 296 971 367 presbyteratu
990 297 1160 351 conferendo.

10 471 16 507 l
152 471 328 532 Desiderius
349 473 506 550 episcopus
526 473 724 534 seminariatis
745 475 872 535 contulit
893 475 1011 534 ordines
1026 494 1137 535 sacros.
1165 474 1237 534 (lum
1257 475 1391 550 sequenti

66 550 111 609 die
131 550 280 628 incipiant
301 552 449 630 primitiae
469 554 729 624 neosacerdotum,
752 557 881 616 sacrista
903 555 1041 615 directori
1061 555 1092 614 in
1113 554 1252 614 sacristia
1272 561 1391 614 narrat:

68 631 158 702 ,Heri
187 631 299 692 curiosi
327 632 437 708 aliquid
466 633 587 712 accidit;
616 634 647 692 in
676 635 860 695 ordinatione
881 637 1023 695 hesterna
1044 633 1140 712 reperi
1161 641 1265 712 postea
1286 654 1391 711 aquam

66 731 117 786 pro
139 711 212 770 vino
233 712 265 771 in
287 712 380 771 calice
401 713 529 790 positum
551 715 671 774 fuisse*
703 715 841 774 Director
861 717 1033 793 respondet:
1060 715 1120 788 ,Ne
1141 716 1210 792 quid
1232 715 1314 774 dicas
1334 715 1392 774 hac

65 791 99 848 de
119 794 184 863 re‘,
207 797 298 870 atque
318 793 457 870 prosequi
479 794 553 854 sinit
573 794 719 871 primitias
740 795 905 855 missarum.

66 904 248 975 Qusrmrua
270 910 299 967 1⁰
321 928 396 983 quae
417 908 588 968 securitatis
609 928 701 969 causa
722 909 911 985 requirantur
932 910 1028 985 quoad
1042 910 1259 986 porrectionem
1281 914 1312 969 et
1332 914 1391 968 tac·

319 994 382 1047 tum
403 988 674 1048 instrumentorum.

265 1088 296 1144 2⁰
316 1086 459 1162 quomodo
481 1086 615 1146 desectus
637 1086 811 1146 commissus
832 1087 873 1146 sit
892 1087 1084 1164 supplendus.

265 1186 296 1243 3⁰
316 1184 386 1259 quid
406 1183 443 1243 de
463 1183 583 1243 casibus
605 1184 706 1243 allatis
727 1184 768 1244 eit
787 1183 985 1245 iudicandum.

662 1368 797 1436 Salutio.

153 1509 209 1574 An
232 1528 424 1586 qusnsrrcrr
449 1511 487 1574 1Ι
511 1508 551 1575 11.
579 1511 607 1577 1.
641 1508 774 1574 Certum
797 1511 849 1573 est
871 1529 938 1573 non
953 1505 1075 1590 requiri
1098 1511 1223 1573 tactum
1247 1507 1453 1574 hostiaezaa‘e

66 1618 167 1679 quare
198 1597 353 1680 quidquid
383 1597 509 1680 antiqui
539 1596 641 1680 aliqui
671 1597 850 1681 scriptores
879 1596 1103 1663 dubitaverint
1133 1595 1173 1661 de
1203 1597 1265 1661 hac
1292 1618 1329 1662 re
1359 1602 1393 1663 et

64 1687 255 1771 scrupulum
277 1685 442 1752 moverint
464 1686 520 1767 (cf.
546 1686 577 1752 S.
603 1685 719 1769 Alph.
744 1686 801 1764 VI,
827 1685 922 1767 752),
947 1688 1029 1752 haec
1052 1685 1176 1770 opinio,
1210 1707 1391 1768 quaecum

64 1779 191 1841 tactum
214 1776 256 1841 ad
280 1777 426 1842 valorem
448 1775 571 1857 requiri
593 1775 741 1858 putavit,
772 1776 858 1841 falsa
880 1780 915 1841 et
944 1776 1117 1859 antiquata
1148 1775 1261 1840 haberi
1285 1775 1391 1842 debet.

65 1865 153 1943 Nam
177 1865 348 1931 evidenter
371 1869 502 1930 constat
525 1885 568 1930 ex
587 1864 772 1930 Pontificali
790 1865 974 1949 praescribi
995 1866 1101 1930 solum
1117 1868 1243 1931 tactum
1267 1885 1392 1948 cuppae

65 1954 179 2019 calicis
203 1957 238 2020 et
259 1958 421 2038 patenae,
452 1973 549 2036 quam
580 1953 753 2019 ordinandi
781 1953 935 2019 iubentur
965 1953 1114 2037 accipere
1143 1953 1246 2029 ,inter
1269 1952 1392 2018 indices

65 2048 100 2108 et
122 2042 248 2109 medios
271 2042 431 2125 digitos‘:
456 2043 498 2109 ad
521 2063 617 2124 quem
641 2043 770 2108 modum
795 2042 935 2109 hostiam
951 2043 1100 2126 accipere
1122 2042 1220 2125 plane
1242 2041 1392 2126 impossi-

66 2132 131 2197 bile
155 2137 217 2210 est,
242 2131 305 2198 nisi
320 2132 410 2198 Deus
432 2135 545 2215 patret
567 2132 761 2198 miraculum
784 2131 818 2197 in
841 2132 989 2214 qualibet
1011 2131 1215 2196 ordinatione
1239 2131 1392 2196 auferens

65 2226 232 2304 apatena
260 2220 418 2287 materiae
449 2221 805 2305 impenetrabilitatem.
853 2222 974 2287 Verum
1004 2220 1082 2285 nihil
1113 2241 1209 2304 posse
1232 2219 1266 2286 in
1289 2219 1392 2286 tradi·

64 2310 156 2376 tione
179 2313 214 2376 et
242 2313 336 2376 tactu
365 2310 657 2376 instrumentorum
688 2311 730 2375 ad
754 2311 900 2376 valorem
930 2310 1144 2377 ordinationis
1167 2310 1296 2387 valere,
1327 2309 1389 2374 nisi

65 2399 151 2481 quod
176 2398 327 2464 Ecclesia
344 2402 607 2485 praescripserit,
640 2400 711 2464 luce
736 2399 855 2465 clarius
879 2403 946 2478 est,
978 2421 1050 2464 cum
1073 2399 1129 2464 ille
1153 2399 1237 2465 ritus
1260 2420 1324 2463 non
1348 2420 1390 2464 ex

63 2487 186 2555 Christi
201 2488 366 2563 mandato,
390 2488 448 2553 sed
465 2509 507 2553 ex
524 2488 756 2555 consuetudine
773 2492 808 2553 et
823 2488 1033 2570 subsequenti
1049 2488 1204 2554 mandato
1221 2487 1390 2553 Ecclesiae

14 2608 23 2671 3
65 2582 176 2644 ortum
198 2576 384 2661 sumpserit.

15 2728 24 2777 ἱ
154 2684 193 2750 a.
220 2686 249 2752 2.
281 2684 413 2750 Certum
429 2686 481 2749 est
496 2683 538 2750 ad
554 2686 692 2750 colorem
715 2682 876 2761 sufficere,
900 2683 938 2760 si,
964 2683 1040 2748 dum
1057 2683 1281 2767 porrigeretur
1304 2683 1389 2749 calix

18 2790 24 2825 Ξ
64 2795 139 2839 cum
161 2772 240 2839 vino
264 2777 299 2840 et
320 2772 430 2839 hostia
453 2794 526 2838 cum
549 2778 680 2856 patena,
705 2773 900 2838 alterutrum
925 2793 968 2837 ex
989 2772 1040 2838 his
1063 2772 1302 2850 instrumentis,
1327 2771 1390 2837 eci·

63 2863 143 2929 licet
166 2862 221 2927 vel
244 2860 331 2928 calix
353 2862 407 2927 vel
430 2865 561 2946 patena,
586 2865 679 2928 tactu
702 2861 837 2946 physico
861 2865 1067 2946 acceptatum
1091 2861 1199 2928 fuerit.
1232 2861 1323 2938 Quod
1347 2882 1388 2926 ex

65 2950 252 3017 recentibus
276 2950 416 3017 decretis
447 2951 628 3017 certissime
658 2952 824 3034 sequitur:
855 2971 939 3032 quae
968 2949 1069 3016 habes
1098 2950 1186 3015 inira
1215 2950 1249 3014 in
1278 2954 1388 3016 nota1.

64 3039 229 3107 Videlicet
252 3040 469 3106 certissimum
493 3043 544 3105 est
567 3039 805 3124 porrectionem
821 3039 1111 3105 instrumentorum
1127 3060 1199 3105 esse
1223 3039 1389 3104 inductam

64 3130 106 3194 ab
130 3130 296 3212 Eccleaio,·
319 3129 346 3195 si
370 3151 435 3213 qua
459 3150 539 3211 ergo
562 3129 748 3194 necessaria
771 3132 822 3194 est
846 3129 887 3195 ad
911 3129 1076 3206 valorem,
1100 3150 1164 3193 non
1188 3129 1255 3193 alia
1278 3131 1389 3212 potest

64 3239 138 3283 esse
161 3219 348 3284 necessaria
371 3241 468 3302 quam
493 3239 640 3301 eaquae
663 3218 705 3283 ab
721 3218 870 3283 Ecclesia
893 3218 933 3283 ad
951 3218 1095 3283 valorem
1119 3218 1189 3283 sive
1205 3222 1296 3283 certo
1319 3217 1390 3282 sive

64 3308 162 3373 dubie
185 3307 420 3392 praescribitur
443 3311 478 3374 et
493 3311 531 3373 ut
546 3307 733 3374 necessaria
749 3307 938 3373 sustinetur.
972 3306 1035 3372 Sed
1051 3311 1224 3391 postquam
1241 3306 1389 3372 Ecclesia

63 3418 124 3481 per
146 3418 333 3481 supremum
350 3401 517 3480 pastorem
534 3397 715 3462 declaravit
730 3396 835 3463 valori
852 3416 915 3460 non
931 3396 1074 3474 obstare,
1098 3397 1159 3461 etsi
1183 3417 1247 3460 non
1264 3399 1389 3461 utrum-

65 3507 129 3569 que
144 3507 205 3552 vas
228 3487 287 3552 sed
310 3487 363 3551 vel
386 3486 476 3551 solus
500 3487 587 3551 calix
602 3486 655 3551 vel
680 3486 751 3550 sola
767 3489 888 3569 patena
903 3488 997 3552 tacta
1013 3484 1121 3562 fuerit,
1146 3484 1390 3551 evidentissime

63 3575 268 3660 profuturis
291 3575 549 3641 ordinationibus
573 3576 619 3639 od
641 3579 776 3641 calorem
800 3595 865 3639 non
887 3575 962 3658 plus
977 3576 1050 3640 vult
1073 3594 1145 3639 esse
1169 3575 1389 3640 necessarium

65 3686 163 3748 quam
187 3669 312 3732 tactum
337 3665 529 3730 alterutrius
551 3664 770 3739 instrumenti,
795 3663 871 3729 dum
895 3665 990 3729 ambo
1014 3665 1202 3729 offerantur.

154 3772 193 3839 R.
219 3774 249 3838 3.
281 3770 404 3837 Verum
427 3770 454 3836 si
478 3771 512 3836 in
535 3769 741 3854 porrigendis
763 3769 999 3846 instrumentis
1024 3769 1100 3835 dum
1117 3769 1200 3835 ritus
1225 3769 1280 3835 ille
1295 3789 1390 3834 sacer

64 3860 252 3946 perficitur,
287 3860 340 3926 vel
374 3861 468 3943 panis
503 3860 556 3926 vel
590 3859 703 3925 vinum
737 3860 892 3942 defuerit:
926 3859 1088 3926 ordinatio
1122 3881 1181 3944 pro
1212 3881 1275 3925 non
1307 3859 1389 3924 satis

156 4098 212 4165 ἀ)
237 4095 425 4165 ,Sempronius
439 4137 445 4148 .
460 4136 486 4148 ..
506 4096 581 4164 prius
599 4096 693 4163 tetigit
710 4113 827 4165 cuppam
846 4094 952 4158 calicis;
971 4096 1020 4149 sed
1040 4099 1147 4165 postea,
1167 4112 1227 4148 cnm
1247 4095 1390 4164 episcopus

63 4168 208 4222 formulam
227 4168 429 4238 pronuntiavit,
455 4167 547 4233 tetigit
566 4166 751 4220 tantummodo
779 4171 904 4236 patenam
924 4185 986 4220 cnm
1011 4167 1182 4236 superposita
1202 4166 1288 4219 hostia
1307 4183 1390 4234 super

64 4240 201 4294 calicem*
231 4239 263 4292 a.
274 4238 300 4292 S.
312 4237 447 4300 Officium,
462 4239 629 4307 approbante
643 4256 748 4292 summo
763 4238 904 4307 pontifice:
922 4239 1116 4305 ,Aequisscat“
1127 4237 1151 4290 d.
1167 4237 1198 4289 17
1209 4238 1300 4290 Martii
1312 4238 1388 4291 1897.

155 4312 183 4374 b)
205 4309 306 4364 Caius.
321 4349 347 4363 ..
374 4311 467 4376 tetigit
491 4314 597 4363 tantum
623 4314 749 4379 patenam
776 4313 804 4362 et
829 4309 944 4362 hostiam
971 4327 1052 4378 super
1078 4308 1162 4361 calice
1180 4309 1309 4376 positam,
1336 4327 1389 4362 non

63 4386 156 4436 antem
175 4383 264 4451 ipsum
283 4381 410 4443 calicem,
437 4380 489 4435 etsi
507 4382 541 4435 ad
560 4382 642 4435 istum
662 4399 723 4434 cum
749 4381 841 4448 digitis
866 4381 1032 4445 tangendum
1055 4379 1131 4432 nisus
1149 4379 1209 4432 sit.“
1238 4411 1272 4417 —
1298 4381 1389 4450 Resp„

63 4454 231 4524 approbante
249 4469 355 4506 summo
375 4453 507 4518 pontifice,
531 4455 715 4522 ,acquiescst“
738 4453 835 4505 iterum
855 4452 879 4506 S.
901 4450 980 4505 Olfic.
1001 4453 1033 4504 17
1052 4451 1143 4503 Martii
1166 4451 1241 4504 1897.

153 4525 180 4592 c)
205 4522 352 4590 ,Sacerdos
369 4523 401 4577 N.
421 4523 454 4576 N.
473 4524 578 4578 dubitat
604 4529 693 4578 utrum
719 4523 841 4591 tetigerit
860 4523 971 4577 calicem
990 4521 1099 4575 insimul
1117 4539 1178 4575 cum
1197 4526 1309 4591 patena:
1337 4523 1389 4592 ipsi

63 4595 174 4649 videtur
191 4612 222 4650 se
240 4595 310 4650 banc
330 4595 453 4649 ultimam
478 4613 532 4649 ncn
550 4597 699 4664 tetigisse*
739 4597 835 4664 Resp..
855 4595 1020 4663 approbante
1039 4610 1143 4646 summo
1163 4594 1302 4661 pontifice,
1331 4611 1388 4659 ,ac-

64 4667 201 4736 quiescat'*
224 4665 251 4721 S.
271 4665 351 4721 offic.
371 4667 396 4720 d.
417 4667 431 4719 7
451 4667 525 4738 Sept.
547 4669 624 4722 1897.
663 4666 716 4734 (Cf.
736 4669 865 4719 Analecta
884 4667 943 4717 ecel.
964 4663 996 4728 V,
1015 4664 1168 4731 201147.)
