3044 5174
417 275 565 347 Dispositio
584 276 618 330 ad
637 277 795 330 sumendam
815 295 851 331 ss.
872 277 1074 331 eucharistiam.
1367 279 1407 344 89

169 455 277 522 Licite
300 461 413 521 tamen
435 454 543 538 potuit
565 454 651 519 inter
669 454 758 537 ipsas
775 454 994 520 confessiones
1011 455 1220 539 excipiendas
1237 459 1409 521 contentus

90 565 154 609 esse
184 544 337 628 perfecta
361 544 572 620 contritione,
604 548 641 608 ut
669 544 739 608 sine
769 544 932 626 sacrilegii
963 550 1099 628 peccato
1130 565 1267 627 pergere
1297 549 1410 627 posset

87 634 116 698 in
139 633 401 699 confessionibus
424 632 593 698 audiendis
617 633 670 696 vel
694 632 802 716 potius
826 633 858 697 in
883 633 990 699 danda
1013 634 1227 699 absolutione.

172 740 213 806 R.
240 742 270 806 2.
307 739 342 805 Si
365 742 455 805 certo
480 739 735 822 exspectabatur
758 739 912 804 sacerdos
936 743 1114 804 extraneus
1137 744 1236 821 atque
1253 738 1411 821 Serapion

86 849 219 912 sperare
248 831 382 912 poterat
411 828 543 894 forent
572 827 658 911 apud
689 848 763 892 eum
793 828 1028 893 confessionem
1059 828 1262 905 institueret,
1294 848 1410 892 censeo

87 940 157 982 eum
183 917 333 997 graviter
349 939 413 982 non
437 938 590 1000 peccasse
613 936 671 1000 per
694 917 755 981 hoc
779 917 952 998 quodcum
976 917 1037 982 hoc
1052 918 1219 1001 proposito
1235 916 1412 999 incipiebat

84 1008 220 1071 missam
244 1027 347 1089 usque
371 1006 412 1072 ad
436 1006 656 1088 evangelium,
681 1005 827 1087 adeoque
849 1006 1036 1089 perficiebat
1060 1012 1188 1090 partem
1212 1027 1277 1071 non
1300 1027 1412 1071 essen-

84 1097 198 1162 tialem
223 1096 282 1161 sed
311 1095 592 1181 praeparatoriam
621 1099 750 1160 tantum
774 1096 844 1159 sine
868 1095 1071 1161 confessione
1101 1095 1252 1179 praevia;
1284 1095 1412 1159 namsi

85 1186 125 1250 ab
150 1185 223 1268 ipso
247 1205 371 1251 canone
394 1188 445 1250 est
468 1184 501 1250 in
525 1189 616 1250 statu
639 1183 769 1266 gratiae
793 1204 852 1267 per
874 1185 1147 1251 sacramentalem
1164 1184 1412 1261 confessionem,

84 1295 225 1340 severae
248 1272 313 1357 legi
336 1273 467 1340 videtur
489 1273 699 1339 satisfecisse.

176 1380 216 1446 R.
248 1383 279 1445 3.
324 1380 387 1458 At,
420 1384 457 1446 ut
489 1399 678 1462 responsum
710 1379 805 1443 modo
839 1379 951 1445 datum
984 1380 1112 1457 valeat,
1145 1377 1283 1462 supponi
1315 1378 1413 1443 debet

85 1469 325 1536 confessionem
356 1468 518 1550 integram
542 1468 685 1533 omniurn
715 1471 923 1550 peccatorum
955 1469 1106 1552 gravium
1129 1469 1193 1534 rite
1223 1467 1412 1551 potuisses

85 1559 266 1642 Serapione
295 1557 417 1641 perfici.
462 1555 549 1622 Nam
580 1556 607 1621 si
638 1557 741 1620 solum
773 1556 806 1621 in
836 1578 957 1640 genere
987 1557 1130 1623 indicare
1159 1557 1267 1640 potuit
1296 1578 1331 1621 se
1354 1558 1412 1621 ab·

85 1647 251 1713 solutione
272 1647 420 1729 indigere
443 1649 543 1727 atque
574 1645 621 1711 ita
644 1645 765 1729 raptim
794 1651 907 1730 petere
938 1647 1049 1712 debuit
1079 1646 1333 1712 absolutionem:
1364 1644 1413 1710 ita

87 1758 189 1818 agere
213 1756 256 1800 ex
279 1735 440 1801 industria
463 1755 528 1799 non
558 1735 658 1800 licuit.
705 1734 806 1813 Hinc,
838 1736 866 1800 si
896 1737 998 1801 talem
1021 1736 1140 1818 agendi
1163 1735 1293 1800 modum
1317 1754 1413 1817 prae·

87 1826 170 1893 vidit
194 1824 250 1889 vel
279 1823 435 1901 intendit,
467 1824 508 1889 ab
538 1823 631 1889 initio
661 1823 809 1906 graviter
831 1825 990 1908 peccavit.
1036 1825 1254 1890 Nihilominus
1277 1825 1310 1888 in
1334 1823 1413 1906 ipsis

86 1913 267 1997 angustiis,
298 1913 325 1979 si
355 1913 420 1978 iam
451 1912 548 1978 aliter
577 1913 632 1995 agi
661 1934 726 1977 non
757 1914 864 1996 potuit
888 1911 939 1993 (eo
970 1914 1055 1996 quod
1085 1918 1218 1997 praesto
1248 1935 1312 1978 non
1341 1918 1414 1979 erat

87 2004 279 2087 capellanus
302 2002 427 2068 aliusve
451 2001 605 2067 sacerdos
634 2006 828 2085 tempusque
855 2024 941 2067 nunc
964 2002 1133 2084 urgebat),
1166 2002 1265 2068 etiam
1288 2002 1334 2066 sic
1358 2001 1413 2082 agi

88 2093 201 2158 debuit
234 2096 333 2173 atque
365 2091 434 2175 peti
466 2096 500 2157 et
533 2091 603 2157 dari
619 2114 620 2117 ¹
634 2091 881 2157 sacramentalis
911 2091 1074 2156 absolutio
1107 2094 1182 2174 post
1211 2111 1413 2155 communem

89 2180 333 2248 accusationem
367 2178 481 2262 gravis
515 2179 640 2264 peccati
676 2180 855 2258 commissi,
891 2182 917 2245 si
951 2181 1076 2264 species
1110 2179 1245 2245 inferior
1279 2184 1414 2264 propter

88 2270 354 2336 circumstantias
378 2291 442 2334 non
466 2270 575 2352 potuit
598 2269 755 2335 accusari.

179 2377 217 2442 a.
249 2379 280 2442 4.
332 2376 369 2440 In
401 2379 537 2440 secondo
570 2397 647 2440 casu
680 2375 817 2459 primum
852 2396 998 2458 suppono
1032 2375 1241 2459 Serapionem
1275 2396 1311 2439 re
1343 2374 1415 2457 ipsa
1425 2383 1476 2438 158

88 2467 210 2532 habere
242 2465 362 2531 iustam
393 2486 526 2530 causam
556 2465 763 2530 necessitatis
793 2465 833 2528 ob
867 2485 963 2545 quam
994 2464 1125 2530 missam
1157 2464 1322 2529 celebrare
1354 2462 1414 2527 sibi

91 2557 189 2622 liceat
219 2554 253 2619 in
285 2554 414 2619 defectu
438 2554 629 2619 confessarii
653 2575 725 2617 cum
749 2553 820 2618 sola
844 2553 1048 2620 contritione.
1095 2554 1132 2618 In
1155 2555 1218 2619 hac
1241 2551 1415 2637 hypothesi

90 2644 202 2728 quaeri
225 2648 337 2727 potest
358 2643 545 2727 peccaritne
568 2643 687 2725 gaudio
703 2643 759 2706 illo
775 2642 826 2707 oui
848 2664 884 2707 se
908 2642 1007 2719 dedit,
1032 2643 1118 2725 quod
1133 2643 1258 2708 scilicet
1281 2646 1415 2726 propter

89 2732 274 2800 absentiam
290 2732 450 2816 capellani
466 2736 680 2798 excusaretur
696 2732 737 2796 ab
754 2732 953 2814 obligatione
971 2734 1018 2798 illi
1034 2732 1216 2798 confitendi.
1253 2731 1415 2796 Existimo

90 2823 245 2906 gaudium
276 2821 355 2886 illud
386 2821 471 2903 quod
495 2843 558 2886 non
583 2825 655 2886 erat
685 2821 725 2885 de
755 2821 828 2902 lege
851 2821 1022 2901 violanda,
1055 2821 1112 2886 sed
1143 2822 1183 2886 de
1212 2820 1415 2886 incommodo

89 2911 184 2995 gravi
208 2931 267 2976 seu
290 2910 415 2995 pudore
438 2932 502 2976 non
526 2910 692 2975 subeundo
716 2931 821 2992 neque
845 2911 885 2975 de
906 2910 1017 2992 aliqua
1039 2931 1075 2975 re
1098 2910 1294 2976 intrinsecus
1318 2910 1414 2988 mala,

89 3024 150 3067 non
176 3000 282 3065 fuisso
305 3021 346 3064 ex
370 3021 442 3065 sese
465 2999 735 3082 peccaminosum,
760 2999 880 3064 saltem
903 3020 967 3064 non
991 2999 1148 3082 graviter.

178 3089 277 3155 Certe
299 3088 328 3153 si
350 3089 383 3154 in
408 3087 515 3154 animo
545 3088 713 3153 habuisset
736 3109 800 3153 non
825 3088 970 3154 confiteri
995 3089 1082 3172 apud
1105 3088 1324 3172 capellanum,
1353 3086 1416 3152 etsi

89 3200 247 3264 praesens
264 3177 432 3254 adfuisset,
457 3181 491 3243 et
514 3177 720 3242 nihilominus
740 3199 867 3243 sacrum
885 3178 1004 3254 facere,
1029 3178 1225 3259 regulariter
1247 3181 1417 3261 peccasset

89 3268 256 3352 graviter,
288 3267 345 3332 sed
375 3267 530 3349 gaudium
552 3267 632 3330 illud
662 3267 747 3348 quod
770 3289 856 3331 nunc
881 3267 1021 3351 concipit
1043 3267 1152 3351 potius
1175 3266 1297 3332 indicat
1321 3266 1417 3330 Sera-

90 3360 220 3443 pionem
245 3378 400 3422 ausurum
421 3377 485 3420 non
509 3355 609 3420 fuisse
632 3356 819 3437 transgredi
842 3356 928 3421 istud
952 3357 1143 3422 mandatum
1159 3356 1219 3420 sibi
1242 3356 1417 3421 admodum

90 3448 276 3523 molestum,
300 3446 327 3510 si
351 3466 387 3510 re
411 3465 491 3509 vera
514 3449 550 3510 ut
573 3445 765 3528 impleretur
788 3445 1005 3510 necessarium
1031 3445 1157 3512 fuisset.

180 3553 219 3618 R.
246 3554 277 3617 5.
310 3551 432 3615 Verum
455 3551 517 3616 hoc
540 3551 645 3634 ipsum
670 3551 896 3618 difficultatem
920 3551 1017 3634 parit,
1042 3551 1182 3618 fueritne
1205 3573 1240 3615 re
1263 3550 1335 3634 ipsa
1358 3572 1416 3634 pro

93 3642 272 3726 Serapione
288 3662 388 3706 cansa
403 3641 610 3706 necessitatis
633 3640 689 3705 illo
714 3641 765 3706 die
789 3640 894 3706 feriali
918 3645 1017 3721 atque
1033 3644 1122 3706 stata
1145 3641 1226 3705 hora
1242 3640 1416 3705 celebrare.

94 3730 284 3797 Generatim
300 3729 385 3795 enim
402 3729 463 3794 hoc
479 3730 663 3812 negandum
680 3734 741 3796 est.
772 3730 907 3807 Quando
923 3729 1047 3795 scilicet
1063 3729 1219 3812 obligatio
1233 3729 1418 3794 celebrandi

93 3820 256 3886 sacerdoti
287 3840 352 3884 non
382 3818 539 3884 incumbit
568 3818 687 3903 (neque
717 3818 864 3884 incubuit
894 3819 1063 3902 Serapioni
1093 3819 1234 3902 parocho
1265 3840 1323 3901 pro
1354 3819 1417 3884 isto

93 3910 175 3992 die),
200 3907 316 3992 quaeri
340 3907 435 3973 facile
458 3911 568 3992 potest
591 3914 641 3986 et,
666 3908 694 3972 si
718 3914 844 3991 potest,
876 3908 987 3990 quaeri
1012 3907 1109 3973 debet
1131 3911 1325 3991 praetextus
1348 3907 1418 3973 sive

93 3999 239 4064 afflictae
263 3997 477 4076 ualetudinis,
510 3997 536 4061 si
560 4018 638 4061 vere
662 3997 709 4062 ita
733 3997 791 4074 sit,
826 3997 895 4061 sive
919 3996 1032 4061 similis
1055 4000 1249 4080 praetextus
1273 4019 1336 4078 quo
1361 3998 1418 4062 ab·

93 4089 256 4154 stineatur
287 4108 307 4151 a
336 4108 447 4162 sacro;
478 4087 578 4152 etiam
606 4087 712 4168 magis
743 4090 936 4169 praetextus
967 4087 1140 4168 differendi
1169 4086 1252 4151 sacri
1285 4090 1318 4151 et
1342 4092 1418 4151 ante

93 4178 171 4243 illud
196 4175 364 4243 tractandi
379 4176 502 4258 negotii
519 4176 682 4258 urgentis:
708 4176 767 4240 sub
791 4197 856 4257 qua
879 4175 986 4257 specie
1010 4175 1158 4256 urgentis
1181 4175 1306 4256 negotii
1321 4175 1418 4239 Sera-

93 4267 168 4351 pion
191 4267 336 4332 fortasse
360 4264 466 4347 potuit
490 4287 524 4329 se
549 4265 697 4329 conferre
721 4265 762 4329 ad
793 4265 970 4348 parochum
994 4265 1136 4330 vicinum
1159 4264 1267 4346 ibique
1291 4263 1418 4327 confes-

93 4357 216 4423 sionem
239 4374 410 4440 peragere.

182 4448 378 4515 Timendum
400 4447 501 4528 igitur
524 4447 661 4511 multum
685 4451 736 4511 est
766 4467 806 4511 ne
831 4445 987 4529 Serapion
1018 4447 1051 4511 in
1081 4446 1142 4510 hoc
1171 4445 1312 4511 secundo
1341 4467 1418 4510 casu

94 4541 152 4605 sibi
185 4540 256 4624 ipse
289 4537 429 4603 illuserit
462 4541 560 4617 atque
592 4536 661 4601 sine
693 4536 781 4600 iusta
813 4536 1018 4600 necessitatis
1051 4557 1150 4600 causa
1182 4533 1417 4599 confessionem

94 4630 261 4714 praeviam
286 4627 466 4708 neglegens
489 4625 648 4706 sacrilege
672 4624 898 4691 celebraverit.
931 4623 1148 4689 Nihilominus
1165 4623 1420 4688 considerandae
