3044 5174
549 252 697 309 Missurum
715 253 886 308 intentiones.
1317 256 1379 320 129

10 456 12 467 ν
140 424 181 491 R.
207 428 250 494 5,
274 425 309 492 Si
332 426 528 494 missiouarii
553 432 657 514 repuli
672 427 879 494 consentiant
902 428 935 493 in
958 425 1112 510 stipendii
1135 427 1379 494 diminutionem

56 514 232 593 manualis,
264 515 449 599 Ansgan'ue
471 539 492 583 a
515 518 606 584 laesa
629 518 703 601 lege
725 517 894 583 Ecclesiae
917 517 1069 582 immunis
1099 538 1164 582 non
1194 520 1246 582 est
1275 537 1380 600 neque

56 627 75 670 a
103 603 202 687 gravi
232 609 386 688 peccato,
417 606 576 689 siquidem
605 606 745 673 materia
774 606 887 689 gravis
914 606 1067 672 evaserit.
1115 605 1230 688 Neque
1254 606 1380 691 peccati

55 693 245 759 eliminandi
275 694 361 761 ratio
392 699 458 774 est,
490 697 577 778 quod
605 717 683 780 pars
713 695 866 780 stipendii
897 696 937 760 ab
967 695 1131 777 Ansgario
1161 700 1293 762 retenta
1320 694 1380 760 im-

56 783 222 867 pendatur
251 782 286 848 in
316 804 448 850 causam
479 784 584 868 piam,
614 785 677 850 nisi
707 785 761 850 vel
784 805 962 850 consensus
985 784 1132 850 dantium
1156 785 1209 850 vel
1239 783 1381 850 facultas

10 942 12 951 ι
57 873 86 939 S.
104 872 201 938 Sedis
226 873 411 940 accesserit.
443 873 505 952 Ita,
530 895 566 940 re
588 873 622 938 in
646 895 681 939 se
705 874 920 940 considerata.
953 874 1044 940 Sitne
1068 880 1178 941 autem
1199 872 1382 956 Ansgarius

10 968 12 1039 l
55 961 238 1027 subiective
262 962 477 1034 excusandus.
502 982 544 1028 ex
567 962 637 1030 eius
660 963 860 1030 conscientia
882 962 1011 1046 pendet.

10 1042 13 1076 '
145 1058 182 1125 Si
204 1079 286 1124 vero
308 1059 505 1126 missionarii
527 1084 591 1127 non
616 1065 733 1146 rogati,
764 1062 822 1127 sed
845 1062 963 1144 sponte
992 1080 1052 1126 sua
1081 1059 1166 1125 hanc
1195 1059 1299 1143 partis
1322 1058 1382 1124 sti·

56 1147 251 1231 pendiorum
273 1148 544 1215 condonationem
567 1171 627 1234 pro
651 1150 705 1235 pia
727 1151 785 1216 illa
808 1170 908 1216 causa
930 1151 1118 1231 obtulerunt,
1142 1148 1326 1231 Ansgarius
1349 1147 1382 1212 id

56 1241 234 1320 acceptare
255 1237 364 1321 potuit
386 1237 457 1304 sine
479 1239 652 1323 privilegio
676 1260 697 1305 a
720 1239 752 1306 S.
777 1239 860 1305 Sede
882 1239 938 1305 vel
967 1259 1128 1304 consensu
1151 1238 1299 1304 dantium
1322 1236 1383 1303 sti·

57 1324 177 1410 pendia
199 1325 386 1411 impetrato.

145 1432 187 1500 a.
213 1435 244 1499 6.
290 1433 402 1512 Quoad
432 1434 549 1502 missas
576 1435 733 1502 fundatas
754 1433 860 1500 videri
884 1434 981 1501 debet
1011 1434 1173 1518 quodnam
1196 1437 1326 1518 tempus
1348 1431 1383 1497 in

58 1521 252 1588 fundatione
275 1524 511 1608 praescriptum
534 1524 587 1591 sit.
631 1525 665 1592 Si
688 1524 890 1590 solummodo
909 1528 1046 1590 cavetur
1068 1529 1105 1591 ut
1128 1522 1265 1605 singulis
1289 1521 1383 1588 annis

10 1636 15 1687 p
58 1614 107 1678 tot
130 1610 254 1677 missae
277 1612 446 1690 dicantur,
471 1613 594 1680 sufficit
616 1613 759 1698 persolvi
783 1633 908 1679 annuas
932 1613 1049 1679 missas
1072 1617 1150 1679 ante
1173 1614 1270 1678 finem
1294 1611 1381 1677 anni.

59 1699 172 1778 Quoad
195 1701 359 1784 stipendia
382 1701 548 1768 manualia
571 1723 666 1780 vero,
697 1703 723 1768 si
754 1702 956 1787 praeviderit
978 1702 1162 1784 ansgarius
1193 1701 1381 1766 dilationem

60 1789 279 1868 amansium,
304 1811 436 1857 monere
460 1790 572 1859 debuit
595 1812 651 1857 eos
675 1791 730 1874 qui
754 1792 934 1858 offerebant
956 1790 1138 1875 stipendia,
1163 1811 1267 1874 neque
1290 1790 1383 1856 licuit

10 1912 16 1977 Ι
61 1878 218 1963 accipere,
242 1878 306 1944 nisi
329 1880 361 1946 hi
385 1881 609 1946 consenserint
632 1881 665 1945 in
688 1885 816 1948 tantam
833 1881 1031 1959 dilationem,
1056 1880 1110 1946 vel
1132 1879 1194 1945 nisi
1219 1879 1383 1963 acceperit

61 1987 81 2033 a
102 1967 135 2035 S.
160 1967 247 2034 Sede
269 1969 434 2036 licentiam
457 1973 573 2036 tantae
597 1969 773 2038 dilationis.
820 1969 913 2036 Alias
942 1992 1001 2054 per
1024 1973 1044 2034 4
1068 1969 1226 2034 mensium
1251 1968 1383 2034 dilatio·

60 2077 143 2130 nem,
168 2058 363 2140 praesertim
378 2079 452 2124 oum
467 2079 533 2124 uon
556 2059 597 2125 de
620 2080 685 2124 una
700 2060 751 2125 vel
769 2060 875 2126 altera
897 2059 997 2125 missa
1020 2058 1078 2124 sed
1101 2058 1141 2124 de
1164 2057 1383 2142 compluribus

19 2212 22 2225 ,
60 2150 225 2230 ageretur,
249 2145 433 2230 ansgarius
456 2149 604 2230 graviter
625 2149 785 2234 peccavit.

14 2350 19 2485 ἰ
60 2349 277 2434 QUALITAS
301 2356 459 2425 MISSAE
476 2356 666 2424 ΡΕΤΙΤΑΕ
682 2357 807 2435 QUAM
823 2357 1018 2425 INDUOAT
1036 2355 1381 2424 OBLIGATIONEM.

15 2492 18 2539 ι

15 2562 19 2660 λ
638 2523 747 2589 Casus.
766 2531 823 2598 (64)

16 2684 17 2689 “
149 2659 389 2738 christophorus,
412 2680 477 2720 oum
498 2661 648 2739 stipendia
661 2661 818 2721 missarum
840 2662 897 2722 sibi
919 2663 1090 2734 offeruntur,
1112 2663 1245 2739 singulas
1267 2664 1382 2740 quidem

60 2740 241 2801 intentiones
269 2747 370 2801 notat:
398 2741 483 2801 modo
511 2761 564 2820 pro
592 2741 730 2801 defuncto
758 2744 843 2802 modo
870 2762 924 2821 pro
952 2743 1147 2814 necessitate,
1178 2764 1232 2820 pro
1260 2750 1383 2820 aegroto

61 2821 106 2880 rel
128 2821 161 2879 in
181 2820 344 2896 gratiarum
366 2821 528 2894 actionem,
556 2821 749 2882 inhonorem
777 2822 866 2882 huius
887 2829 918 2882 et
938 2823 1018 2882 illius
1046 2824 1151 2884 sancti.
1193 2823 1251 2883 Pro
1272 2826 1383 2901 persol-

62 2901 164 2961 vendis
185 2919 257 2960 vero
278 2900 377 2960 missis
407 2902 498 2961 hahet
526 2902 616 2961 semel
643 2922 697 2980 pro
725 2922 842 2982 semper
862 2903 1046 2963 voluntatem
1074 2922 1126 2963 eas
1156 2904 1317 2963 secundum
1338 2925 1382 2964 or·

61 2981 157 3040 duem
181 2985 318 3040 notatum
346 2980 478 3053 dicendi,
506 3001 602 3059 neque
629 2983 756 3060 amplius
784 3003 836 3042 eas
858 2983 966 3061 aspicit
995 3003 1111 3060 semper
1138 2984 1240 3043 dicens
1262 2985 1382 3044 missam

61 3060 222 3120 secundum
243 3060 373 3122 ordinem
395 3061 485 3121 officii
506 3062 613 3133 divini,
635 3083 729 3140 neque
744 3064 914 3140 specialiter
935 3069 1021 3122 curat
1039 3064 1146 3123 missas
1167 3085 1221 3140 pro
1236 3064 1383 3124 defunctis

61 3140 255 3201 celebrandas
275 3142 313 3200 ad
335 3143 430 3201 altare
450 3143 677 3219 privilegiatum,
699 3144 768 3219 quia
783 3146 877 3204 altare
897 3144 993 3204 maius
1014 3163 1086 3204 suae
1106 3145 1250 3204 ecclesiae
1271 3146 1303 3204 in
1325 3164 1383 3221 quo

61 3223 214 3282 celebrare
234 3222 311 3281 solet
331 3221 517 3299 privilegium
538 3223 642 3282 altaris
662 3224 761 3284 habet.

12 3348 15 3431 l
61 3337 239 3408 Quassmua
260 3339 298 3396 1⁰.
310 3356 386 3413 quae
405 3337 447 3397 sit
468 3337 607 3414 obligatio
629 3338 666 3397 ad
688 3344 786 3398 certas
806 3338 915 3398 missae
936 3339 1096 3415 qualitates
1117 3345 1148 3398 et
1168 3339 1253 3399 unde.

257 3435 288 3492 2⁰
307 3434 527 3495 satisfeceritne
548 3435 787 3512 christophorus,
810 3455 849 3494 an
869 3437 938 3513 quid
958 3443 1052 3496 restet
1073 3437 1276 3515 supplendum.

10 3576 17 3631 l
655 3636 791 3704 Solutio.

10 3856 13 3867 Δ
149 3778 204 3844 An
234 3799 425 3854 eucnemon
458 3781 495 3844 1⁸²
525 3778 563 3844 R.
591 3782 618 3844 1.
659 3779 793 3856 Quando
817 3785 907 3847 certa
931 3781 1051 3847 missae
1074 3781 1216 3865 qualitas
1241 3805 1260 3849 a
1284 3784 1445 3851 dante225

10 3916 13 3973 ἰ
61 3867 258 3953 stipendium
274 3868 470 3952 postulatur,
494 3867 575 3934 haec
591 3867 836 3935 circumstantia
853 3890 895 3934 ex
918 3870 1118 3953 obligatione
1133 3871 1298 3957 implenda
1315 3879 1382 3951 est;

11 4030 14 4047 ἶ
62 3962 210 4025 attamen
240 3957 273 4022 in
304 3956 382 4022 solis
412 3956 525 4022 diebus
555 3977 574 4021 a
604 3957 742 4024 rubricis
770 3958 954 4042 permissis3
986 3960 1128 4042 alioquin
1160 3961 1381 4046 accipiendum

63 4069 125 4112 non
156 4050 208 4113 est
241 4046 320 4110 illud
351 4068 431 4111 onus
462 4046 709 4129 edocendusque
740 4047 879 4113 donator
911 4049 1070 4115 celebrari
1100 4071 1165 4115 non
1195 4072 1290 4134 posse
1321 4051 1382 4116 nisi

10 4182 15 4221 ,
62 4136 195 4202 missam
225 4134 289 4200 diei
321 4156 394 4200 cum
423 4135 642 4219 applicatione
671 4142 783 4203 tamen
813 4136 1013 4214 desiderata;
1045 4159 1150 4221 neque
1180 4161 1222 4204 ex
1254 4141 1315 4205 bac
1347 4161 1383 4205 re

61 4227 112 4310 pio
136 4224 241 4309 ipsius
264 4224 423 4290 desiderio
448 4225 621 4307 quidquam
647 4225 832 4293 detrimenti
857 4227 1026 4293 oriturum.

148 4341 189 4408 R.
215 4344 245 4407 2.
293 4339 326 4406 Si
359 4341 481 4424 petitur
509 4346 547 4407 ut
578 4341 679 4407 missa
709 4342 836 4408 dicatur
865 4343 898 4407 in
930 4343 1123 4426 suffragium
1155 4344 1380 4410 defunctorum

62 4452 165 4515 oeque
181 4429 346 4498 insistitur
361 4430 395 4495 in
410 4430 570 4512 qualitate
585 4431 715 4507 missae,
740 4431 896 4514 obligatio
913 4432 1043 4516 proprie
1060 4432 1149 4499 diota
1172 4455 1233 4499 non
1259 4438 1310 4500 est
1334 4435 1382 4499 di-

60 4522 183 4588 cendae
207 4520 329 4586 missae
353 4519 393 4585 de
416 4519 513 4601 Req.‚
547 4520 605 4585 sed
629 4520 690 4585 dici
714 4521 814 4586 etiam
844 4526 955 4605 potest
978 4522 1078 4588 missa
1102 4522 1223 4588 festiva
1246 4524 1300 4587 vel
1324 4546 1382 4589 ro·

58 4612 128 4678 tiva
140 4632 217 4677 cum
234 4611 445 4696 applicatione
456 4630 515 4693 pro
528 4610 700 4677 defunctis.
729 4611 868 4677 Fructus
880 4612 964 4676 enim
982 4611 1166 4677 essentialis
1182 4632 1246 4677 non
1263 4613 1383 4695 pendet

108 4719 279 4769 behmknhl,
293 4720 364 4761 (lasus
379 4719 536 4762 conscientiae.
554 4720 581 4761 IL
1159 4715 1175 4769 9
