3044 5174
336 258 451 312 Materia
470 258 637 326 integritatis
656 275 705 312 seu
723 260 875 314 satisfactio
895 260 1109 315 sacramentalis.
1323 263 1388 327 225

51 432 240 503 Qonznnun
262 435 291 493 1ο
312 433 389 492 sitne
417 434 646 493 commendanda
675 440 706 493 et
726 434 843 510 spiritui
864 435 1016 494 Ecclesiae
1039 435 1198 494 conformis
1219 435 1321 511 praxis
1344 455 1389 495 so·

313 513 454 573 luticnem
475 514 676 590 paenitentiae
698 515 878 574 absolutioni
899 515 1114 592 praemittendi.

264 614 294 671 2ο
315 631 390 688 quae
411 611 451 671 sit
471 612 574 686 regula
594 614 742 672 servanda
769 613 799 671 in
827 633 966 672 mensura
994 620 1025 673 et
1052 614 1194 690 qualitate
1223 632 1390 672 sacramen·

313 692 383 751 talia
403 693 612 769 paenitentiae.
935 722 938 727 ·

263 792 294 850 3⁰
315 790 382 866 quid
404 790 440 848 de
461 790 592 849 Ianseuii
614 790 700 867 praxi
721 791 907 850 sentiendum
930 791 977 850 sit.

264 890 295 946 4⁰
316 907 390 963 quae
412 888 452 946 sit
472 887 613 963 obligatio
635 889 824 965 accipiendae
846 896 877 948 et
896 889 1095 966 praestandae
1116 889 1325 965 paenitentiae.

265 988 295 1044 5ο
315 986 450 1062 possitne
472 993 503 1044 ct
523 1006 540 1043 1
562 1005 618 1060 quo
639 986 778 1062 imposita
800 987 984 1063 paenitentia
1007 988 1188 1046 commutari.

264 1085 295 1143 6⁰
315 1083 384 1159 quid
406 1083 591 1142 iudicandum
613 1084 653 1142 sit
675 1084 709 1142 de
730 1085 951 1161 paenitentibus
972 1084 1009 1144 iis
1031 1085 1131 1161 quiin
1153 1085 1264 1143 vicinia
1285 1090 1391 1163 petunt

313 1164 579 1224 commutationem.

661 1356 796 1423 Salutio.

149 1508 205 1574 An
230 1529 421 1584 ouansrrun
448 1512 485 1573 1m
508 1508 546 1573 R.
574 1511 602 1573 1.
650 1508 742 1574 Circa
772 1509 856 1573 hanc
886 1529 954 1573 rem
986 1509 1071 1573 falso
1101 1509 1259 1574 asseritur
1289 1508 1452 1574 111111386

58 1597 267 1681 primaevam
290 1597 457 1662 Ecclesiae
481 1596 608 1681 praxim
633 1618 692 1681 pro
723 1598 868 1680 quolibet
897 1603 1033 1681 peccato
1066 1599 1197 1664 mortali
1221 1598 1390 1680 iniungere

59 1692 310 1771 temporaneam
334 1686 569 1752 seiunctionem
593 1708 613 1750 a
637 1707 679 1752 11.
705 1687 904 1752 eucharistia
931 1687 1140 1771 percipienda
1163 1692 1197 1752 et
1221 1687 1391 1771 paeniten-

59 1776 129 1842 tiae
152 1775 321 1859 praeviam
345 1776 550 1842 solntionem.
582 1775 617 1840 Id
642 1776 727 1840 enim
751 1776 784 1839 in
807 1776 886 1840 solis
909 1776 1046 1859 publicis
1069 1776 1213 1858 peccatis
1230 1798 1333 1858 neque
1356 1777 1390 1841 iu

59 1865 221 1940 omnibus,
247 1864 353 1930 sedin
370 1865 561 1946 quibusdam
579 1869 718 1941 tautum,
743 1866 812 1929 fieri
829 1865 966 1930 solebat.
1002 1865 1116 1945 Neque
1132 1866 1263 1948 probari
1280 1870 1391 1948 potest

59 1955 264 2039 postulatam
289 1974 442 2035 umquam
467 1974 538 2018 esse
558 1957 753 2038 persolutam
777 1954 1030 2038 paenitentiam,
1056 1959 1231 2035 antequam
1257 1955 1392 2020 daretur

59 2044 225 2110 absolutio
249 2043 508 2109 sacramentalis.

152 2160 192 2224 R.
227 2162 257 2224 2.
310 2151 511 2223 Hodiernum
544 2158 711 2223 Ecclesiae
743 2158 891 2242 spiritum
925 2158 1153 2240 actualemque
1187 2158 1389 2241 disciplinam

60 2247 197 2314 exhibet
220 2249 391 2313 Instructio
415 2250 461 2313 δ”*
490 2249 522 2313 0.
549 2249 588 2312 dc
611 2249 706 2333 Prop.
733 2248 867 2313 111111.
894 2247 922 2312 d.
949 2250 968 2313 3
993 2246 1064 2316 Oct.
1091 2250 1177 2312 1736
1202 2249 1241 2312 11
1266 2250 1390 2313 l'isitnf.

62 2341 127 2423 Ap.
158 2338 261 2403 Tunlo.
286 2339 383 2402 occid.
408 2340 441 2401 in
468 2338 587 2402 0111111,
613 2358 642 2402 n.
669 2339 743 2414 971,
768 2358 811 2401 ex
835 2358 898 2418 qua
921 2358 1028 2421 pauca
1052 2337 1212 2401 referam:

158 2434 249 2512 ,Duo
274 2438 351 2499 suut
366 2433 549 2518 perniciosa
565 2434 828 2500 inconvenientia
844 2434 876 2499 in
894 2433 1176 2500 administratione
1193 2434 1391 2500 sacramenti

60 2523 311 2609 paenitentiae.
331 2576 363 2588 ..
410 2524 557 2588 Primum
581 2528 680 2605 atque
703 2523 931 2607 praecipuum,
963 2523 1048 2606 quod
1078 2523 1200 2607 passim
1225 2524 1289 2588 reis
1313 2545 1390 2605 gra-

59 2614 191 2678 viorum
215 2611 399 2688 criminum,
425 2611 659 2689 fornicationis,
685 2612 863 2690 ebrietatis
889 2612 1130 2696 superstitionis
1154 2612 1324 2678 differatur
1349 2613 1389 2678 ad

61 2722 194 2767 meuses
224 2701 373 2782 integros
403 2705 437 2766 et
468 2701 606 2784 amplius
630 2701 868 2767 absolutio...
901 2701 1029 2767 interim
1061 2701 1222 2785 impositis
1251 2701 1389 2779 ieiuniis,

61 2790 267 2857 orationibus
285 2842 292 2857 .
312 2843 343 2855 ..
369 2789 487 2854 Missos
510 2791 634 2856 faciant
657 2795 887 2874 praeposteros
911 2791 1078 2856 Ecclesiae
1100 2792 1334 2857 reformatores
1357 2795 1392 2857 et

62 2880 267 2946 adhaereant
289 2879 399 2962 potius
424 2880 515 2945 Coae.
544 2881 635 2945 Trid.
660 2900 740 2945 sess.
765 2883 802 2951 6.
834 2901 860 2946 c.
888 2882 928 2943 14
961 2881 1000 2945 (lc
1028 2883 1128 2965 lapsis
1162 2890 1318 2945 eteorum
1341 2904 1391 2945 re·

56 2971 242 3055 paratione,
267 2968 321 3033 ubi
344 2969 501 3033 habemus
525 2968 762 3033 absolutionem
785 2969 954 3053 praeviam
978 2969 1272 3035 satisfactioni...

153 3065 272 3130 Praxis
296 3086 374 3147 ergo
399 3066 473 3142 ista,
498 3066 641 3150 pmdeus
666 3071 700 3132 et
716 3066 866 3148 benigna,
891 3071 943 3132 tot
958 3067 1154 3132 testimoniis
1171 3067 1306 3144 munita,
1332 3067 1390 3131 ab·

61 3155 212 3220 solvendi
245 3155 358 3221 statim
390 3161 581 3239 peccatores
604 3156 658 3219 vel
691 3155 824 3221 attritos
855 3156 909 3220 vel
940 3156 1098 3221 contritos
1128 3155 1221 3236 viget
1253 3156 1284 3218 in
1316 3159 1390 3220 tota

62 3244 214 3309 Ecclesia
245 3244 414 3310 catholica.
548 3243 600 3308 Ne
632 3265 691 3308 vos
724 3245 888 3327 decipiant
919 3249 1116 3321 novatores,
1149 3245 1203 3326 qui
1237 3245 1296 3308 sub
1329 3244 1391 3308 zeli

63 3334 181 3398 umbra
204 3334 433 3399 crudelitatem
456 3333 688 3415 exitialemque
711 3334 891 3399 socordiam
917 3333 948 3397 in
973 3335 1070 3399 corde
1094 3334 1318 3400 nutriunt...

154 3431 271 3508 Modus
293 3431 395 3513 igitur
418 3431 532 3514 plenus
556 3430 719 3514 sapientia
742 3436 775 3496 et
800 3432 939 3497 caritate
963 3435 1023 3504 est,
1049 3432 1175 3496 animas
1190 3431 1391 3514 peccatrices

63 3520 221 3586 citissime
238 3541 280 3585 ex
295 3520 422 3603 peccati
437 3525 537 3598 statu,
562 3520 656 3586 iuxta
680 3520 807 3604 praxim
824 3521 1018 3585 universalis
1035 3521 1202 3585 Ecclesiae
1221 3521 1253 3585 in
1270 3520 1389 3587 Christi

63 3609 238 3691 evangelio
262 3609 448 3686 fundatam,
480 3610 622 3693 eripere,
656 3615 693 3675 ut
716 3609 780 3676 cito
805 3609 968 3692 accipiant
998 3610 1115 3674 stolam
1140 3611 1297 3694 primam,
1330 3631 1390 3675 nec

62 3699 268 3783 protrahere,
285 3700 342 3763 111
359 3703 515 3780 quantum
532 3698 602 3762 fieri
618 3703 729 3781 potest
741 3699 926 3763 accelerare
939 3698 1088 3781 spiritum
1100 3699 1343 3782 paenitentiae.
1359 3752 1387 3765 ..

63 3792 101 3854 ut
125 3791 203 3853 aute
227 3787 524 3853 reconciliationem
544 3797 736 3871 proponant,
761 3793 798 3853 ut
821 3792 896 3871 post
918 3788 1008 3853 illam
1025 3789 1129 3854 tutius
1154 3810 1191 3853 ac
1216 3788 1388 3863 salubrius,

62 3878 97 3942 in
122 3881 246 3943 statum
271 3877 401 3959 gratiae
424 3876 569 3960 repositi,
594 3878 779 3959 1111111111
802 3885 959 3963 sclopani.

154 3986 299 4047 Alterum
331 3986 382 4047 est
404 3982 437 4047 in
468 4004 605 4048 excessu
637 3983 898 4049 satisfactionum
923 4004 1004 4065 quas
1028 3983 1215 4065 imponunt,
1247 3984 1385 4066 plurium
1398 3998 1450 4052 387

62 4071 283 4148 rosariorum,
319 4072 472 4138 videlicet
506 4094 608 4154 usque
643 4073 684 4137 ad
720 4094 888 4137 numerum
921 4072 1216 4146 tercentenarium‚
1251 4074 1386 4137 totidem

62 4162 255 4229 litaniarum
294 4183 366 4226 cum
399 4162 545 4238 11111111,
583 4161 696 4226 11111111
734 4162 870 4242 aliisque
909 4162 1076 4228 afflictivis
1110 4162 1279 4244 operibuS,
1318 4165 1387 4226 sta·

62 4253 147 4317 tutis
169 4250 282 4315 diebus
307 4273 365 4334 per
388 4250 609 4316 hebdomadas
634 4255 693 4316 ant
717 4272 846 4316 meuses
871 4256 930 4317 aut
951 4272 1053 4316 annos
1069 4251 1224 4332 integros
1261 4253 1387 4316 ...At-

61 4340 204 4407 tendant
228 4340 330 4421 igitur
345 4340 386 4404 ad
403 4340 434 4406 S.
452 4340 630 4405 Thomas
648 4341 875 4421 aquinatis
899 4341 1081 4406 doctrinam
1100 4341 1211 4420 Quodi.
1230 4342 1259 4411 3,
1285 4361 1314 4420 q.
1336 4344 1386 4416 13,

62 4453 92 4496 a.
123 4433 158 4494 1:
184 4428 333 4505 ,Videtur
355 4429 436 4495 satis
453 4429 649 4493 conveniens
673 4430 757 4510 quod
781 4430 936 4494 sacerdos
951 4452 1015 4495 non
1036 4433 1149 4494 oneret
1166 4429 1387 4510 paenitentem

62 4518 161 4602 gravi
185 4518 327 4602 pondere
351 4518 603 4594 satisfactionis,
629 4519 721 4599 quia,
750 4519 836 4584 sicut
859 4541 981 4603 parvus
1004 4519 1089 4601 ignis
1113 4539 1132 4583 a
1155 4517 1266 4583 multis
1290 4518 1388 4601 lignis

62 4607 280 4692 superpositis
304 4607 399 4672 facile
424 4608 655 4689 exstinguitur,
679 4608 728 4674 ita
750 4612 860 4691 potest
877 4610 1066 4691 contingere
1091 4607 1174 4688 quod
1192 4629 1314 4691 parvus
1338 4608 1389 4674 af-

116 4719 285 4767 Lebmkuhl,
299 4719 371 4760 Casus
386 4718 545 4760 conscientiae,
564 4718 592 4758 II.
1150 4713 1180 4763 l5
