3044 5174
151 299 216 363 316
606 296 811 353 Sacramentum
830 298 1023 369 paenitentiae.

151 474 238 540 Nam
262 474 295 539 in
319 474 381 541 hac
403 475 523 557 agendi
547 474 674 542 ratione
695 496 801 558 neque
823 476 890 541 ulla
911 474 1135 542 manifestatio
1151 474 1263 540 eiusve
1285 474 1474 560 periculum,

151 584 257 646 neque
287 585 366 628 usus
396 564 609 629 confessionis
639 565 779 631 habet-ur
809 564 863 647 qui
892 565 1132 630 confessionam
1157 564 1223 630 ullo
1253 565 1351 630 modo
1375 564 1476 649 possit

152 651 289 718 reddere
312 653 468 720 odiosam.
514 654 630 736 Neque
659 654 764 720 solum
793 653 842 721 ita
871 674 944 719 esse
974 650 1108 729 censeo,
1139 653 1167 718 si
1197 653 1378 721 declaratio
1401 655 1475 721 Titii

152 741 375 825 paenitentem
399 743 441 807 ab
470 743 581 825 aliqua
611 743 810 826 obligatione
832 742 1004 820 liberavit3
1035 743 1093 808 sed
1124 742 1240 820 etiam,
1274 744 1303 807 si
1333 747 1408 808 erat
1436 745 1475 809 ed

153 830 384 912 obligationem
415 832 653 915 imponendam.
700 832 812 898 Potuit
842 831 928 897 enirn
958 831 1080 909 Titius,
1110 832 1173 898 etsi
1201 830 1357 898 notitiam
1388 832 1474 899 illam

153 940 218 984 non
233 919 411 997 habuisset,
436 922 548 987 eodem
565 922 660 986 modo
676 941 785 1003 agere,
808 920 892 986 sicut
909 921 993 1004 egit;
1017 920 1125 998 immo,
1142 919 1172 986 si
1186 921 1285 986 valde
1300 921 1475 1006 prudenter

153 1029 222 1073 rem
253 1013 359 1075 totam
390 1010 615 1094 expendisset,
649 1010 750 1075 etiam
780 1009 850 1075 sine
879 1009 1016 1093 praevia
1045 1009 1164 1075 notitia
1193 1009 1410 1076 confessionis
1431 1010 1476 1077 ita

153 1097 295 1179 egisset:
327 1098 413 1181 quod
437 1104 547 1166 autem
571 1099 611 1164 de
635 1098 724 1165 facto
747 1119 791 1164 ex
813 1098 931 1165 notitia
954 1099 1167 1165 confessionis
1190 1098 1232 1164 ad
1255 1098 1288 1164 id
1311 1104 1476 1184 permotus

154 1191 215 1263 est,
240 1190 291 1251 est
314 1187 444 1253 omnino
467 1209 526 1272 per
549 1188 711 1254 accidens.
745 1187 830 1253 Usus
853 1208 889 1253 re
911 1187 984 1272 ipsa
1006 1188 1062 1253 ille
1085 1192 1168 1266 erat,
1193 1188 1248 1270 qui
1271 1188 1426 1256 tenderet
1446 1189 1476 1253 in

154 1279 279 1341 rectam
311 1281 346 1342 et
375 1276 496 1342 iustam
526 1276 843 1343 administrationem
873 1276 1072 1342 sacramenti
1101 1277 1334 1360 paenitentiae.
1389 1278 1475 1355 Quod

153 1368 264 1429 autem
294 1365 337 1431 ad
366 1365 436 1431 eius
465 1371 590 1432 rectam
615 1365 930 1433 administrationem
960 1366 1120 1450 pertinet,
1150 1366 1182 1431 id
1213 1366 1395 1446 neminem,
1426 1369 1474 1450 qui

153 1451 282 1519 demum
306 1455 453 1520 confiteri
476 1460 510 1520 et
539 1455 645 1521 medio
669 1476 690 1520 a
713 1454 841 1522 Christo
870 1454 1022 1522 instituto
1052 1455 1101 1520 uti
1124 1455 1213 1534 vult,
1244 1456 1287 1521 ab
1316 1456 1390 1522 eiua
1419 1477 1475 1522 usu

152 1545 264 1624 potest
286 1543 460 1610 deterrere.

270 1734 475 1800 LICENTIA
499 1734 794 1802 PAENITENTIS
818 1735 1024 1803 SIGILLUM
1046 1735 1285 1802 AUFERENS
1307 1735 1362 1820 (l).

711 1901 821 1968 casus.
842 1909 918 1976 (159)

243 2039 391 2116 Sulpicius
412 2040 580 2100 Maternum
603 2041 732 2099 consulit
752 2061 790 2100 ex
811 2041 932 2101 licentia
953 2040 1135 2118 paenitentis
1155 2042 1237 2100 circa
1257 2044 1372 2100 certum
1394 2061 1480 2118 quen·

154 2119 221 2178 dum
244 2139 354 2180 casum.
396 2120 442 2178 Ex
463 2141 520 2197 quo
542 2140 607 2180 cum
628 2121 783 2180 Maternus
804 2122 907 2181 rideat
926 2121 1070 2181 oriturum
1091 2140 1157 2181 esse
1180 2139 1321 2196 magnum
1342 2120 1478 2181 damnum

154 2200 308 2277 spirituale
330 2201 359 2258 in
382 2201 480 2276 aliquo
502 2201 644 2276 collegio,
667 2202 731 2260 eius
751 2208 896 2261 rectorem
918 2206 1019 2261 monet
1039 2201 1075 2260 de
1095 2220 1146 2273 re,
1167 2201 1286 2260 nomine
1307 2220 1479 2279 suppresso,

154 2287 187 2339 ut
208 2287 318 2355 augeat
339 2281 522 2355 vigilantiam
545 2288 575 2340 at
596 2281 824 2356 inquisitionem.
867 2280 930 2351 Quo
951 2282 985 2340 fit
1012 2286 1046 2340 ut
1072 2281 1228 2358 paenitens
1252 2281 1304 2340 ille
1325 2300 1393 2341 curn
1415 2275 1480 2341 aliis

154 2361 392 2436 deprehendatur
413 2367 444 2420 et
464 2381 567 2420 severe
589 2362 761 2436 castigetur.

243 2440 353 2500 Lucius
375 2441 574 2517 paenitentem
594 2442 790 2500 reluctantem
816 2441 930 2501 demum
951 2441 1080 2512 inducit,
1112 2445 1145 2499 ut
1173 2440 1229 2499 sibi
1257 2440 1308 2500 det
1328 2441 1479 2503 licentiam

155 2540 256 2580 casum
277 2521 475 2580 restitutionis
496 2521 679 2599 proponendi
693 2521 776 2594 aliis;
799 2522 907 2598 alioqui
928 2541 960 2580 se
976 2521 1082 2581 debere
1103 2520 1198 2598 ipaum
1214 2519 1279 2581 sine
1293 2522 1480 2583 absolutione

154 2601 301 2660 dimittere
323 2601 360 2660 ad
389 2601 478 2661 alium
507 2602 729 2662 confessarium.
772 2600 903 2661 Obtenta
923 2601 1016 2677 igitur
1042 2601 1179 2665 licentia.
1211 2620 1312 2659 casum
1341 2603 1481 2680 proponit

153 2681 271 2759 publice
291 2681 321 2739 in
344 2689 491 2740 conventu
513 2682 715 2752 sacerdotum,
746 2701 801 2758 quo
822 2683 948 2759 plurium
978 2680 1106 2758 accipiet
1127 2680 1306 2740 sententiam
1327 2682 1479 2742 maiorem·

153 2781 209 2838 que
231 2763 406 2820 claritatem.
445 2763 515 2821 Cum
537 2763 692 2839 paenitens
714 2762 831 2820 interim
853 2763 893 2820 sit
916 2763 1081 2833 defunctus,
1104 2760 1214 2820 Lucius
1234 2760 1360 2821 heredes
1382 2772 1479 2821 monet

153 2843 188 2902 de
204 2847 286 2901 certa
300 2861 414 2900 sunrma
428 2842 581 2919 pecuniae,
604 2862 689 2918 quarn
705 2862 742 2901 ex
756 2843 911 2902 voluntate
925 2842 1057 2900 defuncti
1072 2840 1129 2900 sibi
1144 2841 1272 2900 debeant
1286 2843 1479 2902 committere.

152 2955 329 3026 Queanrrua
352 2959 381 3015 1⁰
401 2958 499 3095 qualiai
519 2957 685 3033 requiratur
712 2957 835 3016 lieentia
861 2957 1057 3033 paenitentis,
1086 2960 1120 3015 ut
1146 2955 1255 3015 notitia
1282 2958 1479 3018 confessionis

404 3038 448 3096 uti
469 3037 558 3096 aicui
579 3038 677 3096 liceat.

351 3145 382 3202 2⁰
402 3145 508 3220 quibus
529 3144 673 3204 limitibus
696 3144 837 3204 eiusmodi
859 3143 982 3204 licentia
1003 3143 1270 3204 circumscribatur.

351 3243 382 3301 3⁰
403 3243 471 3318 quid
492 3243 529 3302 ad
551 3262 638 3302 casus
659 3242 700 3301 sit
720 3242 882 3301 dicendum.

748 3424 883 3492 Salutio.

90 3583 143 3636 556
242 3567 294 3632 An
318 3586 509 3643 quaasrrum
535 3570 572 3631 lm
597 3567 634 3632 R.
662 3571 689 3633 1.
737 3568 807 3632 Lex
830 3566 947 3648 sigilli,
972 3587 1044 3631 cum
1069 3566 1168 3631 sitin
1193 3566 1343 3632 favorem
1367 3569 1478 3652 paeni·

153 3657 253 3723 tent-is
284 3656 371 3734 lata,
403 3656 444 3721 ab
467 3656 557 3739 ipso,
589 3656 615 3720 si
642 3657 731 3733 vult,
763 3655 970 3720 confessariis
1000 3656 1142 3721 relaxari
1174 3659 1294 3739 potest.
1343 3657 1394 3722 De
1417 3679 1479 3740 quo

153 3747 184 3812 S.
209 3745 342 3811 Thom.
375 3747 412 3823 4,
445 3744 519 3811 dist.
552 3748 611 3823 21,
644 3767 674 3828 q.
707 3750 726 3810 3
758 3745 805 3823 (S.
837 3747 879 3810 tt.
905 3745 1010 3829 suppl.
1042 3766 1072 3826 q.
1105 3748 1144 3822 3,
1178 3765 1207 3810 a.
1240 3746 1260 3808 4
1291 3744 1353 3826 c.):
1388 3748 1479 3823 ,Duo

152 3839 245 3910 sunt,
277 3839 412 3917 propter
442 3856 525 3916 quae
556 3839 689 3901 tenetur
718 3835 871 3899 sacerdos
901 3837 1070 3917 peccatum
1101 3834 1284 3899 occultare:
1315 3835 1422 3918 primo
1446 3842 1480 3902 et

152 3923 385 4008 principaliter,
411 3923 487 4005 quia
510 3925 582 4006 ipsa
605 3923 781 3989 occultatio
805 3928 856 3989 est
872 3923 911 3987 de
928 3923 1071 3989 essentia
1087 3922 1294 3999 sacramenti,
1320 3924 1354 3988 in
1376 3946 1479 4007 quau·

152 4019 220 4080 tum
246 4012 309 4077 ecit
331 4012 410 4076 illud
434 4021 468 4077 nt
492 4014 596 4093 Deua,
628 4013 718 4078 cuius
742 4013 845 4077 vicem
869 4012 957 4094 gerit
978 4011 1011 4076 in
1035 4011 1255 4087 confessione;
1286 4011 1353 4078 alio
1383 4015 1479 4079 modo

152 4106 287 4186 propter
311 4103 501 4166 scandalum
525 4102 703 4168 vitandum.
751 4103 866 4167 Potest
889 4105 999 4166 autem
1024 4103 1182 4167 confitens
1205 4101 1332 4180 lacera,
1364 4106 1404 4168 ut
1426 4125 1478 4168 sa·

152 4193 266 4257 cerdos
292 4191 380 4266 illud,
405 4190 490 4273 quod
514 4191 639 4259 sciebat
663 4196 699 4257 ut
722 4193 821 4263 Dens,
846 4190 930 4256 sciat
953 4189 1053 4255 etiam
1078 4194 1115 4255 ut
1137 4190 1251 4267 borno,
1276 4192 1365 4272 quod
1389 4192 1478 4258 facit.

152 4282 228 4345 dum
251 4280 400 4346 licentiat
424 4301 495 4345 curn
514 4279 758 4349 addicendum:
784 4284 817 4345 et
832 4279 914 4351 ideo,
940 4278 1081 4353 sidicat,
1106 4301 1171 4344 non
1194 4278 1320 4362 frangit
1336 4281 1476 4363 sigillum

152 4369 375 4435 confessionis.
423 4369 545 4433 Tamen
570 4369 668 4435 debet
691 4390 809 4434 cavere
833 4368 1024 4434 scandalum
1048 4368 1193 4445 dicendo,
1219 4389 1260 4434 ne
1284 4369 1415 4437 fractor
1436 4372 1478 4436 si·

152 4459 222 4539 gilli
245 4458 404 4541 praedicti
428 4461 627 4539 reputetur.“

242 4560 281 4625 R.
307 4563 336 4625 2.
384 4562 475 4624 Haec
505 4559 653 4635 licentia,
685 4564 721 4624 ut
751 4558 938 4624 alaesione
968 4558 1067 4640 sigilli
1091 4564 1243 4635 excuset,
1278 4559 1380 4629 debet
1409 4582 1478 4627 esse

152 4650 249 4713 tibere
273 4648 367 4725 data,
400 4671 543 4734 expresse
567 4649 656 4726 data,
679 4672 743 4714 oron
766 4657 929 4728 reuocato,
961 4647 1009 4713 ita
1031 4654 1068 4713 ut
1091 4668 1155 4712 non
1178 4648 1325 4717 sufficiat
1347 4650 1478 4717 licentia
