3044 5174
242 283 392 339 Missurum
411 281 545 353 stipendia
563 284 718 352 permutata
737 297 799 334 cum
817 280 895 336 libris
913 280 1011 336 aliisve
1030 283 1172 337 mercibus.
1309 287 1369 350 127

133 459 168 542 1)
196 459 271 538 ,An
294 457 407 525 illicite
431 461 534 541 agant
556 457 579 522 ii
609 456 679 540 qui,
711 478 783 523 cum
808 479 872 522 non
896 458 963 524 siut
986 458 1180 543 bibliopolae
1203 481 1262 526 neo
1285 482 1370 526 mer·

42 553 176 616 catores
199 548 256 613 vel
278 546 376 613 aliter
398 547 570 613 missarum
594 546 860 612 celebrandarum
884 547 1103 628 quaesitores,
1133 570 1247 614 verum
1266 550 1369 615 eccle·

42 637 170 704 siastici
193 636 277 715 viri,
303 635 418 718 quibus
441 641 558 720 sponte
581 657 602 702 a
624 635 773 701 fidelibus
795 636 968 701 missarum
993 638 1259 704 celebrandarum
1284 640 1369 705 elee-

44 746 205 810 mosynae
228 725 421 803 traduntur,
446 725 565 808 quique
587 724 629 790 ad
653 725 754 790 bonos
777 725 877 790 libros
900 726 954 791 vel
978 726 1082 792 diaria
1104 728 1258 810 religiosa
1281 730 1369 793 evul-

44 816 154 898 ganda
185 836 244 881 eas
276 814 489 880 celebrandas
522 814 663 879 offerunt
693 814 934 892 sacerdotibus,
967 820 1004 881 ut
1036 816 1111 881 iude
1143 817 1177 881 hi
1207 817 1370 902 accipiant

45 904 202 989 stipendii
225 905 298 969 loco
322 903 421 968 libros
443 903 498 968 vel
521 902 769 985 ephemerides?

133 997 166 1061 2.
198 993 252 1057 An
275 991 389 1059 illicite
418 996 521 1074 agunt
546 991 727 1056 huiusmodi
751 991 941 1058 sacerdotes
973 992 1028 1075 qui
1058 995 1111 1059 vel
1134 993 1175 1058 iis
1198 994 1326 1061 oblatas
1350 1017 1370 1061 a

45 1082 245 1167 supradictis
268 1080 501 1148 ecclesiasticis
530 1081 648 1146 missas
677 1085 867 1164 acceptant,
898 1082 952 1147 vel
976 1081 1037 1165 ipsi
1068 1104 1125 1147 eas
1148 1089 1264 1166 petunt
1288 1085 1369 1150 cele·

45 1172 201 1250 brandus,
226 1173 264 1236 ut
286 1169 362 1235 inde
385 1173 584 1252 queant...
609 1169 762 1255 stipendii
785 1170 856 1236 loco
880 1170 980 1236 libros
1004 1171 1186 1256 accipere..
1206 1225 1212 1238 .
1232 1226 1238 1238 .

131 1278 175 1344 R.
198 1275 367 1359 Negative
389 1276 422 1341 in
446 1274 595 1342 omnibus
617 1276 659 1342 ad
682 1279 883 1358 utrumque.“

133 1366 227 1444 Quod
254 1386 333 1431 vero
356 1369 489 1432 vetatur
513 1371 565 1433 est
588 1387 628 1431 ne
651 1365 683 1430 in
707 1366 767 1430 hos
790 1367 887 1443 fines,
918 1365 987 1432 scil.
1012 1367 1054 1432 ad
1077 1367 1265 1433 vendendos
1288 1367 1369 1434 faci-

45 1457 106 1522 lius
126 1456 230 1522 libros
245 1453 371 1521 aliasve
385 1475 449 1533 res,
473 1456 605 1520 collectio
621 1455 847 1540 stipendiorum
870 1457 1043 1520 missorum
1060 1458 1264 1538 instituatur,·
1284 1478 1368 1539 quae

46 1545 70 1610 si
93 1547 200 1624 fieret,
224 1565 290 1609 non
305 1547 435 1610 tantum
451 1542 675 1611 sacerdotibus
699 1543 756 1608 sed
773 1542 873 1609 etiam
888 1544 1125 1611 mercatoribus
1141 1545 1369 1629 provideretur

45 1635 82 1700 de
106 1635 193 1700 bono
216 1633 318 1701 lucro.

130 1723 186 1788 Ex
216 1720 487 1806 praecedentibus
517 1721 600 1786 satis
630 1720 794 1803 colligitur
824 1721 900 1804 quid
931 1721 1101 1787 dicendum
1132 1722 1175 1789 sit
1207 1723 1248 1788 ad
1272 1745 1367 1789 casus

46 1817 235 1895 sequentes:

10 1955 15 1980 ι
45 2000 333 2070 TRANSMISSIO
364 2001 421 2066 ΕΤ
450 2000 737 2068 PERMUTATIO
769 2000 1100 2069 STIPENDIORUM
1129 2002 1365 2072 MISSARUM.

653 2158 832 2234 cnsuadet

130 2300 155 2361 Ι.
185 2298 374 2376 Callopodius
395 2299 558 2375 parochus,
585 2299 672 2358 simul
692 2299 859 2358 moderator
880 2297 944 2357 folii
965 2299 1121 2374 periodici,
1151 2320 1227 2359 anno
1249 2301 1307 2359 iam
1329 2302 1366 2360 ad

48 2381 132 2440 finem
152 2385 298 2456 vergente
318 2378 400 2438 videt
421 2398 454 2438 se
475 2380 571 2438 adhuc
592 2399 730 2454 magnum
751 2398 902 2438 numerum
930 2379 1086 2438 missarum
1107 2380 1296 2440 fundatarum
1315 2382 1366 2440 ha·

48 2463 121 2532 bere,
143 2480 219 2536 quae
240 2459 400 2535 quotannis
420 2459 634 2537 persolvendae
656 2465 734 2529 sunt,
757 2479 789 2517 se
811 2464 907 2517 autem
930 2478 982 2517 eas
996 2460 1166 2535 persolvere
1186 2481 1245 2519 non
1267 2481 1365 2539 posse,

50 2560 109 2600 cum
136 2546 184 2600 tot
211 2541 322 2599 habeat
348 2539 456 2598 missas
484 2559 523 2599 ex
543 2541 729 2599 manualibus
758 2537 913 2614 stipendiis
938 2538 1141 2614 pinguioribus
1163 2541 1219 2600 sibi
1239 2543 1364 2614 oblatas,

50 2628 77 2680 ut
96 2621 153 2680 has
174 2640 234 2680 nou
254 2639 323 2679 raro
344 2620 381 2678 ad
409 2641 458 2679 sen
482 2639 600 2679 menses
629 2626 659 2678 et
680 2620 758 2678 ultra
786 2619 903 2677 differre
925 2617 1039 2679 debeat.
1081 2618 1164 2689 Quod
1185 2641 1250 2680 cum
1271 2641 1365 2699 nuper

49 2703 74 2759 in
96 2706 247 2761 conventu
268 2701 454 2759 sacerdotum
476 2701 598 2759 verbulo
620 2700 811 2775 significaret,
832 2697 923 2774 aliqui
943 2718 982 2757 ex
1001 2699 1039 2758 iis
1060 2700 1212 2760 dixerunt:
1236 2722 1302 2761 esse
1323 2703 1364 2761 fa·

49 2781 98 2840 cile
117 2781 295 2851 remedium
317 2800 350 2839 se
370 2779 526 2857 providere
539 2780 625 2849 velle,
647 2784 681 2838 ut
694 2780 836 2854 colligant
856 2797 1008 2837 numerum
1023 2781 1203 2839 confratrum
1224 2782 1273 2857 qui
1287 2782 1366 2842 iufra

49 2881 173 2921 mensem
193 2859 416 2920 fundationibus
436 2859 553 2937 possint
573 2860 749 2919 satisfacere
775 2860 832 2918 hae
853 2858 1023 2919 condicione
1044 2866 1078 2919 ut
1097 2861 1242 2937 recipiant
1263 2863 1364 2922 folium

49 2942 241 3018 periodicum;
270 2953 302 2999 at
322 2941 397 2999 haec
417 2960 477 3000 uon
497 2960 550 3017 pro
572 2960 629 2999 uno
652 2959 738 3008 anno,
760 2940 813 2998 sed
833 2959 886 3016 pro
907 2939 1040 3014 pluribus
1061 2941 1157 2999 annis·
1170 2941 1276 3000 debere
1297 2962 1364 3001 eon·

18 3080 21 3085 .
50 3021 133 3081 stitui
176 3021 364 3097 Callopodius
385 3039 420 3080 eo
441 3019 582 3079 libentius
595 3019 766 3090 consentit,
796 3019 940 3095 quiahoc
961 3019 1094 3091 ratione,
1116 3019 1142 3078 si
1164 3023 1240 3080 forte
1262 3022 1383 3081 missa.

18 3090 22 3149 l
49 3121 105 3161 rum
132 3101 325 3160 fundatarum
353 3100 501 3178 stipendia
525 3120 583 3160 uon
613 3099 762 3158 sufficiant
788 3099 825 3157 ad
854 3099 1027 3158 solvendum
1055 3100 1181 3176 pretium
1201 3107 1246 3160 tot
1268 3121 1364 3161 exem·

18 3226 20 3233 .
49 3182 169 3258 placium
183 3180 248 3240 folii
258 3179 408 3257 periodici,
423 3181 513 3239 etiam
523 3180 703 3239 commodius
713 3179 809 3256 possit
819 3179 993 3238 satisfacere
1004 3179 1158 3256 stipendiis
1169 3183 1363 3255 manualibus,

18 3252 23 3308 l
49 3281 119 3339 quae
140 3262 201 3320 iarn
222 3261 313 3320 habet
334 3267 364 3321 et
384 3279 459 3338 quae
480 3261 537 3320 sibi
559 3261 697 3319 traditum
719 3260 754 3318 iri
777 3259 938 3335 praevidet.

130 3342 171 3401 II.
197 3340 364 3416 ansgarius
391 3341 423 3400 iu
450 3361 505 3400 sua
532 3340 674 3417 parochia
700 3341 808 3399 multas
830 3340 919 3397 habet
945 3338 1054 3398 missas
1082 3340 1221 3399 fundatas
1242 3360 1363 3417 quarum

16 3387 21 3495 l
47 3421 192 3501 stipendia
219 3421 298 3480 infra
323 3427 424 3480 taxum
453 3422 657 3481 dioecesanam
687 3419 834 3480 manualis
862 3419 1000 3495 stipendii
1029 3420 1160 3480 haerent.
1202 3422 1300 3492 Quare
1320 3442 1363 3482 re·

16 3503 17 3508 ’
46 3503 122 3562 duait
132 3520 288 3561 numerum
297 3501 462 3571 missarum,
476 3521 529 3578 pro
539 3501 638 3560 missis
648 3520 722 3576 quas
736 3501 800 3577 ipse
810 3500 941 3559 celebrat
950 3519 1069 3558 sumens
1084 3506 1184 3559 tanam
1196 3503 1251 3570 2¹„
1262 3522 1361 3573 marc,

13 3550 17 3633 l
45 3603 107 3642 cum
127 3588 204 3641 taxa
225 3581 400 3641 dioecesana
422 3580 535 3656 quidem
557 3581 598 3639 sit
621 3583 674 3650 ΙΨ,
698 3600 797 3651 marc,
819 3580 883 3656 ipse
904 3599 975 3638 vero
997 3579 1085 3639 facile
1106 3581 1236 3640 abundet
1256 3583 1364 3659 stipen-

11 3668 15 3737 t
43 3664 96 3724 diis
117 3664 137 3723 3
159 3681 266 3733 marc.;
289 3661 403 3739 copiam
424 3660 634 3736 stipendiorum
656 3681 730 3736 quae
751 3667 823 3719 taxa
847 3662 861 3717 1
882 3679 936 3719 me.
959 3666 1110 3736 computat
1129 3662 1306 3721 transmittit
1327 3665 1363 3723 ad

41 3742 249 3820 bibliopolam,
279 3741 327 3816 qui
355 3761 391 3800 ea
418 3739 567 3799 distribuit
594 3740 797 3800 sacerdotibus
824 3741 916 3798 libros
938 3739 1120 3811 ementibus,
1150 3743 1364 3802 transmittenti

10 3869 13 3894 ,
40 3830 139 3885 autem
162 3841 215 3900 pro
237 3820 371 3880 centenis
392 3820 499 3880 marnis
521 3821 705 3880 transmissis
725 3820 818 3879 libros
839 3819 934 3895 gratis
956 3820 1158 3897 donatusque
1179 3822 1216 3879 ad
1239 3823 1363 3898 pretium

39 3910 55 3964 5
83 3921 262 3963 marcarum.
291 3933 329 3942 —
357 3900 442 3960 Alias
469 3901 645 3960 transmittit
674 3900 821 3977 stipendia
849 3900 885 3958 ad
913 3899 1132 3972 missionarios,
1162 3902 1211 3977 qui
1239 3902 1364 3962 libenter

41 3989 72 4055 Ἰ,
91 3989 209 4063 partem
224 3981 363 4060 stipendii
377 3981 526 4056 Ausgario
541 3981 709 4056 relinquunt
729 4001 781 4057 pro
797 3979 931 4039 ornanda
950 4000 1005 4039 sua
1020 3982 1155 4042 ecclesia.
1184 3983 1291 4040 Verum
1307 3983 1362 4041 hac

37 4063 266 4125 transmissione
288 4063 322 4121 fit
341 4068 374 4121 ut
394 4062 503 4120 missae
525 4061 668 4120 celebrari
688 4061 739 4119 vix
760 4061 878 4136 possint
892 4060 969 4118 infra
991 4061 1064 4120 duos
1080 4081 1194 4120 menses
1217 4069 1283 4137 post
1303 4064 1362 4121 fac·

37 4154 98 4206 tam
120 4143 390 4212 transmissionem,
412 4141 529 4218 possint
542 4146 650 4212 autem,
672 4161 746 4217 quae
761 4147 831 4199 suut
846 4161 898 4217 pro
914 4141 1068 4218 stipendiis
1082 4141 1267 4201 manualibus
1290 4144 1363 4201 cele·

36 4226 178 4297 brandae,
201 4223 281 4283 iufra
301 4225 319 4280 4
340 4242 457 4282 menses
478 4228 545 4299 post
566 4222 635 4280 data
656 4220 811 4298 stipendia.

634 4404 768 4471 Salutio.

124 4549 180 4617 Ad
200 4550 344 4634 priunum
377 4550 474 4631 ipitur
503 4568 611 4611 casnm
635 4545 673 4610 R.
702 4547 729 4609 1.
777 4544 983 4628 Callopodius
1007 4565 1102 4619 sane,
1134 4565 1205 4607 cum
1229 4549 1280 4611 tot
1303 4546 1424 4613 sti-223

35 4642 153 4726 pendia
188 4635 355 4703 manualia
390 4635 570 4719 acciperet,
605 4633 694 4718 prius
726 4633 866 4699 debebat
901 4634 1046 4716 cogitare
1084 4634 1243 4713 quomodo
1275 4635 1363 4701 intra
