3044 5174
462 327 628 382 Matrimonii
647 331 804 383 contractus
822 329 1000 385 condiciones.
1328 337 1392 401 501

58 504 186 570 ultimis
211 503 453 571 condicionibus
477 504 621 570 condicio
646 507 752 587 quoad
776 528 845 572 rem
869 507 982 573 statim
1006 507 1196 574 verificatur
1219 514 1278 575 aut
1301 509 1394 575 talsi-

58 597 196 670 ficatur,
230 597 330 676 atque
360 593 454 677 proin
487 608 664 660 consensus
696 595 729 659 in
759 616 795 660 se
825 617 864 661 eo
897 597 967 680 ipso
998 597 1105 664 evasit
1136 602 1194 663 aut
1226 619 1325 664 verus
1359 602 1394 665 et

59 684 195 759 efficax,
221 687 279 748 aut
302 682 456 748 inefficax
480 687 514 748 et
538 684 663 748 nullus:
694 683 756 749 etsi
781 685 867 750 forte
891 686 1123 752 contrahentes
1145 687 1193 752 rei
1217 687 1394 756 veritatem

59 773 206 837 nondum
229 772 337 837 sciant
360 773 419 837 sed
441 778 559 856 postea
583 773 711 838 demum
736 773 898 855 cognituri
921 776 997 841 sint.

151 879 191 948 It.
216 882 246 945 2.
293 878 444 946 Condicio
473 880 513 944 de
540 880 650 946 futuro
681 881 880 963 generatim,
912 881 940 946 si
971 883 1117 949 condicio
1147 883 1264 950 stricto
1294 904 1393 949 sensu

60 968 219 1046 sumitur,
248 968 298 1035 ita
327 972 365 1033 ut
395 969 437 1035 ab
461 969 530 1034 eius
554 970 777 1036 verificatione
800 970 944 1054 pendeat
970 971 1042 1055 ipsa
1066 993 1244 1038 consensus
1268 973 1394 1039 veritas

60 1065 94 1125 et
118 1057 278 1136 efficacia,
303 1061 355 1124 est
378 1062 437 1123 aut
459 1059 654 1142 suspensiva
677 1063 735 1124 aut
758 1059 963 1126 resolutoria.
996 1061 1206 1127 Resolutoria
1227 1061 1260 1126 in
1280 1061 1394 1127 matri·

60 1147 171 1213 monio
195 1146 326 1213 admitti
349 1147 478 1229 nequit,
509 1146 668 1230 siquidem
693 1152 744 1214 est
775 1153 964 1215 contractus
988 1170 1031 1214 ex
1054 1171 1127 1216 sese
1150 1150 1392 1216 indissolubilis.

60 1236 170 1314 Quare
193 1235 330 1319 quaevis
353 1236 549 1302 resolutoria
565 1236 720 1314 condicio,
745 1237 773 1302 si
796 1258 832 1302 re
848 1258 927 1303 vera
948 1238 998 1304 ita
1020 1239 1210 1318 intenditur,
1236 1242 1277 1305 ab
1293 1241 1395 1306 alter·

61 1333 136 1391 ntro
161 1325 253 1391 facta
275 1324 308 1389 id
332 1325 434 1391 efficit
457 1330 493 1391 ut
517 1325 761 1393 matrimonium
788 1326 832 1391 sit
856 1329 977 1392 nullum
984 1378 994 1411 ,
1027 1332 1142 1412 utpote
1173 1329 1395 1394 essentialiter

60 1414 227 1482 vitiatum.
274 1414 394 1479 Verum
421 1415 549 1480 situlis
578 1415 724 1481 condicio
749 1415 963 1482 manifestata
993 1438 1057 1482 non
1081 1422 1133 1485 est
1156 1439 1261 1500 neque
1284 1422 1394 1501 potest

61 1503 207 1588 probari,
231 1506 341 1569 status
363 1503 449 1569 idem
473 1510 524 1572 est
548 1508 648 1587 atque
671 1504 703 1569 in
728 1526 887 1570 consensu
911 1508 989 1571 ficto
1013 1506 1069 1588 qni
1090 1508 1224 1590 probari
1241 1510 1393 1589 nequeat.

152 1592 325 1670 Quaelibet
355 1593 501 1660 condicio
532 1597 722 1661 resolutoria
751 1595 961 1660 matrimonio
992 1596 1144 1680 apposita
1176 1596 1320 1680 pertinet
1353 1595 1394 1661 ad

63 1683 208 1764 aliquam
228 1703 270 1747 ex
286 1683 436 1766 turpibus
453 1682 694 1750 condicionibus
710 1704 808 1748 sensu
825 1684 952 1763 latiore,
969 1685 1176 1750 substantiae
1195 1684 1394 1750 matrimonii

63 1771 251 1838 contrariis.

154 1859 305 1926 Condicio
329 1865 439 1926 autem
464 1881 553 1925 mere
577 1865 763 1946 suspensivo
786 1861 910 1926 tamdiu
942 1862 1112 1946 suspendit
1140 1863 1292 1929 effectum
1316 1884 1394 1927 con·

63 1970 181 2015 sensus
206 1949 284 2026 dati,
310 1949 412 2014 donec
429 1948 529 2014 fuerit
544 1949 689 2033 impleta.
723 1949 771 2014 Εο
794 1950 865 2032 ipso
890 1954 998 2016 autem
1023 1951 1109 2034 quod
1131 1952 1231 2016 fuerit
1248 1952 1393 2035 impleta,

63 2039 134 2104 sive
159 2043 236 2104 actu
260 2037 446 2103 necessario
462 2037 532 2103 sive
548 2039 661 2116 libero,
687 2039 757 2103 sive
772 2040 910 2104 honesto
927 2040 997 2104 sive
1013 2041 1195 2118 inhonesto,
1221 2040 1394 2106 dummodo

63 2148 244 2194 consensus
267 2131 385 2191 neuter
407 2132 609 2195 retractatus
630 2127 683 2205 sit,
708 2129 853 2206 effectus,
879 2128 899 2194 i.
917 2149 945 2195 e.
963 2128 1127 2194 vinculum
1144 2129 1393 2209 matrimoniale,

63 2215 265 2301 producitur,
291 2216 390 2283 etiam
415 2216 525 2281 insciis
549 2217 827 2283 contrahentibus.

154 2324 194 2390 a.
219 2326 250 2390 3.
297 2323 449 2388 Condicio
480 2344 578 2406 saepe
608 2323 726 2388 latiore
756 2344 853 2388 sensu
884 2322 1023 2389 sumitur
1052 2345 1112 2406 pro
1135 2324 1281 2406 quolibet
1302 2325 1395 2389 modo
1404 2336 1459 2392 870

64 2412 252 2480 contractui
281 2412 409 2488 addito,
441 2413 482 2478 ad
515 2434 609 2493 quem
641 2412 903 2477 contrahentium
934 2413 1020 2479 alter
1050 2414 1190 2480 alterum
1222 2413 1304 2479 velit
1336 2413 1395 2478 ad·

64 2504 239 2585 stringere.
272 2501 439 2578 Quomodo
462 2502 519 2566 illa
542 2501 575 2565 in
591 2501 832 2566 matrimonium
849 2503 985 2567 influere
1008 2504 1145 2586 possint,
1170 2503 1210 2568 de
1233 2502 1295 2568 hoc
1317 2506 1396 2568 tene

64 2591 254 2675 sequentia:

157 2689 191 2771 1)
214 2687 427 2754 Condiciones
450 2709 507 2753 seu
532 2688 619 2753 modi
641 2689 781 2754 honesta
803 2689 837 2753 in
860 2694 993 2772 pactum
1023 2688 1163 2755 deducta
1191 2689 1396 2755 observanda

64 2779 196 2862 quidem
220 2781 307 2856 sunt,
332 2777 395 2841 nisi
417 2777 644 2855 remittantur;
669 2779 725 2843 sed
750 2778 783 2842 in
805 2778 911 2862 ipsum
936 2778 1176 2843 matrimonium
1201 2779 1313 2844 eiusve
1336 2799 1396 2844 va·

64 2869 167 2934 lorem
192 2868 344 2932 effectum
367 2887 432 2931 non
455 2871 622 2944 exercent,
646 2867 708 2931 nisi
732 2867 798 2931 sint
821 2868 1025 2950 suspensiva.

155 2963 190 3047 2)
215 2963 427 3029 Condiciones
457 2985 515 3028 sen
544 2964 632 3028 modi
662 2969 775 3047 turpes
805 2963 1008 3047 superadditi
1036 2967 1072 3029 in
1098 2971 1228 3048 pactum
1259 2964 1394 3044 dedoceri,

64 3056 92 3121 si
115 3053 323 3120 substantiae
346 3052 544 3119 matrimonii
568 3055 711 3132 obstant,
736 3052 861 3118 faciunt
884 3052 1125 3119 matrimonium
1149 3052 1342 3127 invalidum;
1368 3052 1396 3116 si

64 3145 135 3210 eins
158 3142 364 3209 substantiae
387 3164 452 3207 non
475 3144 617 3220 obstant,
641 3144 799 3208 habentur
817 3164 878 3228 pro
902 3145 1123 3224 non-adiectis,
1147 3141 1244 3222 idque
1267 3141 1299 3205 in
1324 3141 1396 3206 foro

64 3240 215 3310 externo,
239 3231 323 3314 quod
348 3231 448 3297 etiam
471 3231 504 3297 in
528 3231 599 3296 foro
623 3232 752 3298 interno
776 3231 909 3308 valebit,
937 3231 1000 3295 nisi
1023 3234 1151 3296 constet
1175 3230 1396 3295 condicionem

66 3325 106 3389 ab
131 3322 294 3389 alterutro
318 3321 464 3386 habitam
488 3341 560 3385 esse
584 3342 642 3404 pro
667 3320 854 3386 condicione
873 3321 990 3386 stricta
1005 3319 1217 3386 resolutoria:
1241 3319 1275 3383 in
1299 3319 1395 3383 dubio

65 3411 195 3495 quidem
221 3410 263 3475 ad
286 3409 466 3488 cautelam,
497 3415 653 3491 quantum
679 3410 747 3475 fieri
771 3409 891 3493 possit,
923 3429 1100 3475 consensus
1130 3410 1277 3474 sincerus
1300 3429 1396 3473 reno·

65 3500 196 3567 raudus
220 3499 294 3567 erit.

156 3598 191 3680 3)
215 3597 249 3663 Si
273 3595 430 3661 eiusmodi
453 3596 568 3661 modus
591 3596 831 3679 superadditus,
856 3595 956 3662 etiam
973 3594 1178 3661 substantiae
1197 3593 1395 3660 matrimonii

66 3691 213 3765 obstans,
238 3690 349 3752 mente
372 3685 501 3767 quidem
526 3689 577 3750 est
601 3690 777 3768 conceptus
801 3687 842 3750 ab
863 3687 1023 3752 alterutro
1040 3684 1313 3761 contrahentium,
1337 3684 1395 3748 sed

67 3799 132 3844 non
160 3777 194 3841 in
224 3780 357 3860 pactum
388 3775 563 3852 deductus,
594 3773 628 3839 in
658 3774 729 3840 foro
761 3779 898 3840 externo
931 3775 1072 3840 habetur
1102 3796 1160 3861 pro
1192 3776 1396 3839 aon-adiecto

66 3866 375 3946 matrimoniumque
399 3869 551 3929 censetur
574 3863 728 3930 validum.
775 3864 839 3929 Pro
869 3863 942 3929 foro
972 3863 1101 3929 interno
1126 3863 1209 3927 idem
1235 3862 1286 3927 dio
1310 3862 1395 3944 quod

66 3956 163 4021 modo
187 3955 246 4019 sub
271 3952 315 4034 2).
345 3992 380 4000 -
408 3952 498 4030 Quod
528 3953 613 4017 idem
644 3953 883 4018 observandum
911 3958 978 4032 est,
1009 3952 1036 4016 si
1069 3953 1229 4018 alteruter
1258 3973 1395 4034 pravam

67 4044 312 4128 stipulationem
344 4064 379 4107 se
410 4042 562 4107 inducere
585 4043 670 4107 velle
700 4042 942 4119 manifestavit,
974 4042 1059 4107 alter
1082 4062 1160 4106 vero
1185 4041 1394 4116 contradixit,

67 4140 168 4217 atque
191 4133 239 4199 ita
262 4130 503 4198 matrimonium
527 4135 579 4197 est
605 4132 738 4197 initum:
763 4153 838 4197 nam
863 4131 968 4196 inrum
995 4136 1167 4196 externum
1191 4130 1225 4193 in
1248 4129 1395 4194 favorem

67 4221 268 4290 matrimonii
298 4221 414 4300 sentit,
446 4242 659 4304 praesumens
689 4220 829 4304 priorem
858 4219 1121 4286 contrahentium
1144 4239 1267 4302 pravae
1291 4219 1396 4302 stipu-

67 4311 185 4380 lationi
207 4311 422 4377 renuntiasse.

158 4418 197 4485 R.
215 4421 246 4484 4.
278 4417 381 4482 Pacta
396 4420 507 4482 autem
523 4416 642 4499 turpia,
667 4415 871 4482 substantiae
887 4413 1086 4480 matrimonii
1102 4413 1277 4491 contraria,
1302 4418 1457 4480 sunt287l

67 4530 108 4576 ea
132 4528 218 4590 quae
240 4511 427 4589 repugnant
447 4507 534 4590 fidei,
558 4514 765 4586 sacramento,
785 4507 881 4590 proli,
906 4525 964 4569 seu
988 4524 1072 4585 quae
1088 4503 1266 4568 excludunt
1282 4503 1396 4568 matri-

67 4597 169 4664 monii
192 4599 363 4679 um'tutem,
393 4596 721 4677 «indissolubilium,
749 4596 844 4678 finem
874 4614 932 4658 seu
956 4593 1057 4677 prolis
1080 4593 1339 4676 procreationem
1362 4597 1397 4660 et

67 4685 363 4756 conservationem.
411 4683 471 4761 Qui
494 4683 622 4748 scilicet
645 4682 802 4748 eiusmodi
832 4682 1031 4749 matrimonii
1056 4681 1261 4751 condiciones
1285 4702 1401 4771 essen-A
