3044 5174
151 247 193 312 86
669 248 710 304 De
728 267 766 305 ss.
784 251 956 307 eucharistia.

150 423 312 507 supplere.
347 424 380 490 Si
404 429 514 491 autem
536 425 667 507 aliquod
690 426 880 492 scandalum
901 426 1134 492 removendum
1155 426 1210 492 vel
1232 425 1401 511 reparatio
1422 425 1468 493 fa·

150 511 266 578 cienda
296 513 356 591 sit,
387 519 424 579 ut
447 514 508 579 hoc
532 516 591 581 fiat
614 515 736 599 optimo
767 536 830 598 quo
861 515 965 600 possit
996 516 1108 595 modo,
1140 520 1218 583 ante
1247 536 1273 582 s.
1306 515 1469 594 viaticum,

149 603 311 684 parochus
335 623 450 668 curare
474 602 580 670 debet.

88 723 139 778 152
240 708 277 774 R.
310 711 340 775 3.
387 709 463 775 Non
492 709 575 776 satis
604 714 695 776 recte
724 711 793 793 egit
824 711 986 794 parochus
1015 709 1115 777 etiam
1146 709 1248 776 Paulo
1281 710 1471 793 denegando
1514 730 1516 815 4

150 819 193 863 ss.
211 797 442 864 eucharistiam
464 820 524 883 pro
540 799 661 865 viatico
677 819 716 865 eo
739 799 825 882 quod
848 805 926 867 ante
949 820 1070 884 paucos
1093 798 1163 864 dics
1180 820 1224 865 aa.
1241 799 1471 866 eucharistiam
1514 822 1516 829 ·

149 887 336 970 sumpserit.
389 887 477 953 Nam
506 887 535 952 si
565 909 608 953 ex
637 889 766 966 morbo,
799 889 853 972 qui
885 889 950 955 iam
980 893 1058 954 ante
1089 888 1157 954 dies
1186 887 1285 955 latuit
1314 893 1350 954 et
1382 889 1471 972 quasi
1514 902 1516 927 ⁵

150 981 369 1059 praeparatus
399 981 487 1054 erat,
518 976 640 1042 Paulus
669 999 754 1043 nunc
785 976 818 1042 in
847 997 951 1060 grave
979 977 1068 1043 vitae
1097 975 1277 1061 periculum
1308 978 1472 1044 coniectus

150 1068 255 1144 esset,
287 1065 444 1147 obligatio
474 1065 603 1149 quidem
630 1066 735 1132 denuo
759 1067 935 1132 sumendae
959 1065 1175 1132 eucharistiae
1197 1087 1262 1132 uon
1284 1066 1430 1133 exsister
1448 1072 1471 1141 t,
1513 1054 1516 1172 4

150 1153 227 1236 quia
256 1175 292 1219 re
323 1154 396 1238 ipsa
427 1154 492 1220 iam
523 1160 654 1239 sumpta
686 1160 758 1221 erat
789 1155 822 1220 in
854 1155 1014 1240 probabili
1046 1155 1161 1221 mortis
1192 1155 1355 1238 periculo,
1390 1156 1472 1238 quod

149 1243 327 1326 periculum
352 1244 450 1310 latuit
473 1243 601 1326 quidem
624 1244 681 1310 sed
705 1267 741 1310 re
763 1244 835 1328 ipsa
858 1244 983 1312 aderat.
1016 1243 1139 1310 Verum
1162 1244 1263 1310 etiam
1285 1249 1357 1312 turn
1374 1244 1472 1310 Paulo

149 1333 201 1396 ius
217 1336 269 1397 est
292 1353 334 1399 ss.
353 1332 584 1400 eucharistiam
607 1333 724 1399 iterum
742 1334 898 1400 sumendi.
933 1333 1040 1417 Magis
1056 1333 1166 1410 etiam,
1190 1333 1218 1399 si
1240 1354 1284 1399 ex
1306 1333 1472 1418 inopinato

150 1442 228 1486 casu
244 1421 360 1488 mortis
383 1421 563 1506 periculum
579 1423 692 1500 oritur,
716 1423 818 1488 Paulo
842 1423 892 1488 ius
908 1428 960 1490 eet
974 1444 1060 1489 nunc
1083 1423 1353 1500 communicandi,
1377 1422 1472 1488 immo

150 1510 349 1594 probabilius
365 1511 532 1593 obligatio.
567 1511 654 1577 Nam
677 1510 876 1596 probabilius
892 1533 972 1577 sane
987 1515 1039 1578 est
1062 1516 1140 1578 ante
1164 1511 1232 1577 dies
1248 1533 1289 1577 ne
1304 1511 1471 1595 impletam

150 1599 281 1681 quidem
310 1621 383 1665 esse
412 1603 507 1686 lcqem
536 1600 649 1667 viatici
677 1601 834 1667 sumendi.
882 1601 946 1666 Sed
975 1600 1096 1668 sufficit
1123 1599 1225 1666 Paulo
1255 1600 1306 1666 ius
1336 1622 1410 1666 esse
1438 1606 1473 1667 ut
1511 1634 1516 1739 Ι

151 1689 308 1771 obligatio
334 1688 432 1755 dandi
455 1689 567 1756 viatici
590 1689 635 1755 sit
657 1690 743 1774 apud
767 1689 953 1773 parochum.

239 1795 278 1861 R.
310 1800 340 1862 4.
387 1795 489 1861 Immo
521 1796 583 1880 ipsi
614 1796 729 1871 Petro,
763 1797 817 1878 qui
850 1797 964 1862 eodem
997 1795 1049 1860 die
1080 1816 1177 1862 mane
1208 1816 1268 1880 pro
1301 1794 1473 1862 devotione

150 1905 193 1950 as.
225 1884 454 1951 eucharistiam
485 1891 685 1969 sumpserat,
719 1885 811 1950 licuit
843 1885 913 1950 dari
944 1886 1048 1951 denuo
1078 1906 1122 1951 ss.
1153 1884 1388 1951 eucharistiam
1417 1907 1473 1968 pro

150 1972 281 2040 viatico.
317 1973 479 2040 Videlicet
502 1974 586 2039 duae
609 1980 685 2041 sunt
708 1973 892 2058 opiniones:
917 1995 982 2040 una
1005 1994 1089 2056 quae
1112 1977 1209 2058 putat
1229 1972 1381 2040 illicitum
1405 1995 1472 2039 esse

150 2063 264 2128 eodem
294 2062 347 2128 die
375 2064 425 2128 bis
448 2084 576 2128 sumere
599 2062 830 2134 eucharistiam
854 2063 954 2130 etiam
976 2062 1010 2127 iu
1033 2062 1083 2127 his
1107 2062 1380 2139 circumstantiis3
1411 2063 1472 2128 alia

150 2171 283 2218 manere
306 2153 413 2233 legem
429 2152 540 2218 viatici
564 2154 605 2219 ob
628 2152 806 2236 periculum
823 2152 937 2217 mortis
953 2173 1038 2216 nuno
1053 2156 1223 2218 exortum:
1246 2172 1386 2234 quarum
1403 2174 1471 2218 curn
1514 2194 1516 2203 ·

149 2246 290 2322 utraque
313 2241 356 2306 sit
385 2241 579 2325 probabilis,
609 2241 719 2307 licebit
749 2241 841 2324 sequi
864 2240 1063 2308 utramlibet.
1109 2241 1283 2307 Verumsi
1313 2242 1472 2325 parochus
1514 2272 1516 2285 ·

149 2329 249 2413 priori
273 2329 415 2413 opinioni
432 2330 581 2396 adhaesit
596 2334 706 2413 atque,
732 2331 830 2396 Petro
846 2351 918 2395 eam
935 2331 1084 2407 suadens,
1110 2329 1271 2396 consuluit
1294 2351 1316 2396 a
1331 2330 1471 2396 secunda
1514 2402 1516 2415 ¹

151 2419 369 2485 eucharistiae
392 2419 576 2503 sumptione
599 2420 775 2495 abstinere,
799 2440 864 2485 non
887 2419 1047 2503 peccavit.
1083 2418 1204 2496 Quodsi
1227 2418 1358 2496 Petrus,
1382 2420 1472 2486 theo·

150 2507 272 2590 logiam
301 2509 452 2585 edoctus,
483 2508 517 2573 in
547 2508 611 2575 alia
640 2508 804 2574 sententia
833 2508 1031 2592 perstiterit,
1062 2509 1204 2592 parocho
1233 2507 1285 2574 ius
1314 2530 1382 2574 non
1405 2513 1473 2575 erat

151 2597 327 2663 secundam
356 2618 400 2664 ss.
431 2596 648 2664 eucharistiae
678 2598 949 2663 ministrationem
980 2618 1110 2680 negare.
1161 2598 1217 2666 Th.
1246 2620 1287 2665 m.
1311 2597 1362 2676 Π,
1397 2600 1471 2673 146;

150 2687 407 2754 Benedictus
430 2686 517 2762 XIV,
541 2689 590 2753 De
613 2709 682 2773 ayo.
707 2688 801 2754 dioec.
825 2686 847 2753 l.
872 2690 902 2764 7,
927 2709 953 2753 c.
980 2690 1031 2763 11,
1056 2708 1086 2753 n.
1112 2688 1142 2753 2.

341 2897 581 2965 DISPOSITIO
604 2897 780 2963 ΑΝΙΜΑΕ
803 2897 864 2962 AD
888 2896 920 2962 S.
945 2894 1288 2961 COMMUNIONEM.

722 3063 832 3131 basus.
851 3072 909 3138 (44)

240 3205 402 3283 Procopius
433 3205 573 3265 sacerdos
603 3204 724 3265 lectioni
754 3205 813 3263 levi
844 3212 874 3265 et
903 3205 973 3264 vinc
1004 3205 1078 3265 satis
1109 3204 1272 3264 indulserat
1300 3210 1390 3282 atque
1412 3206 1474 3265 inde

152 3303 261 3360 pravas
277 3286 473 3361 cogitationes
489 3294 644 3362 motusque
660 3305 768 3362 passus
783 3292 838 3355 eet,
860 3286 965 3362 quibus
980 3305 1049 3344 uum
1070 3284 1215 3361 usquead
1236 3303 1417 3345 consensum
1437 3285 1475 3344 iu·

151 3365 283 3423 haeserit
305 3366 428 3425 dubitat.
460 3366 517 3424 Sed
539 3384 605 3424 cum
626 3367 782 3424 molestum
804 3366 830 3423 ei
852 3366 892 3424 sit
914 3366 1049 3425 confiteri
1068 3385 1163 3441 noque
1178 3364 1305 3423 libenter
1326 3367 1475 3425 abstineat

152 3464 169 3502 a
191 3445 378 3517 celebrando,
399 3445 589 3505 nihilominus
609 3446 730 3504 missam
751 3445 831 3504 dicit.

242 3525 342 3585 Simile
372 3526 440 3602 quid
468 3526 578 3585 accidit
597 3525 751 3585 Mechtildi
772 3527 929 3585 devotulae
956 3544 1043 3601 quam
1065 3525 1155 3601 pudet
1177 3526 1254 3600 apud
1274 3524 1413 3585 iuvenem
1435 3545 1475 3585 sa·

153 3607 301 3665 cerdotem
322 3607 377 3666 sibi
399 3611 500 3666 notum
522 3607 669 3677 confiteri,
692 3625 786 3681 neque
807 3626 825 3665 a
847 3611 989 3665 consueta
1010 3606 1212 3669 conuaunione
1234 3605 1387 3665 abstinere
1408 3607 1475 3664 vult.

152 3686 262 3744 Verum
284 3706 349 3745 cum
377 3687 437 3746 iam
465 3688 495 3745 in
524 3706 644 3745 scamno
673 3686 950 3745 communicantium
971 3687 1198 3760 genuflecteret,
1226 3685 1279 3743 vix
1307 3705 1369 3745 nou
1398 3693 1476 3745 certo

152 3766 209 3825 sibi
232 3772 278 3825 est
299 3767 334 3825 dc
356 3772 479 3843 peccato
500 3767 585 3842 gravi
607 3766 778 3837 commieeo;
801 3773 833 3825 at
854 3786 932 3825 nunc
953 3786 1010 3824 non
1033 3765 1159 3842 amplius
1180 3763 1270 3824 audit
1290 3765 1439 3826 recedere.

153 3889 330 3960 Quanarrua
354 3893 381 3948 1ο
403 3910 545 3966 quaenam
568 3890 723 3966 dispositio
744 3890 836 3948 animi
857 3910 910 3966 pro
932 3909 956 3949 s.
978 3889 1181 3947 communione
1201 3888 1379 3963 requiratur.

354 3990 387 4047 2,
405 3989 473 4065 quid
504 3988 692 4047 iudicandum
720 3989 760 4047 sit
789 3988 824 4046 de
846 3987 953 4063 agendi
974 3986 1089 4045 ratione
1118 3986 1148 4045 in
1170 3986 1288 4045 casibus
1310 3988 1478 4064 propositis.

748 4190 883 4257 Solutio.

93 4355 143 4409 153
242 4335 295 4399 Au
325 4355 516 4411 cunasiruu
543 4337 578 4398 1¹⁰
610 4334 648 4398 R.
677 4336 704 4398 l.
751 4333 830 4397 Cum
860 4355 903 4399 ss.
935 4331 1132 4398 eucharistia
1162 4332 1206 4397 sit
1236 4335 1476 4397 sacramentum

153 4423 320 4502 vivorum,
351 4423 528 4506 requiritur
557 4423 590 4487 in
621 4421 818 4505 suscipiente
842 4428 950 4488 status
980 4422 1118 4504 gratiae.
1165 4421 1272 4497 Quare
1302 4421 1357 4502 qui
1381 4420 1478 4487 sumit

153 4534 196 4578 ss.
214 4518 466 4589 sacramentum,
491 4513 610 4578 saltem
632 4512 810 4595 prudenter
831 4510 1020 4576 existimare
1045 4511 1141 4576 dehet
1165 4531 1200 4575 se
1224 4509 1257 4574 in
1282 4529 1321 4574 eo
1338 4510 1478 4581 versari;

154 4602 297 4683 alioquin
320 4624 423 4685 grave
447 4601 621 4668 committit
645 4600 863 4682 sacrilegium.
