3044 5174
311 111 437 166 Minister
455 111 554 182 poenit.
575 140 609 150 -
627 110 748 180 sigillum
767 114 927 166 sacrament.
947 141 982 150 -
1002 112 1060 167 eius
1079 111 1199 168 violatio.
1355 116 1419 181 309

186 288 226 354 R.
252 290 282 355 3.
329 287 479 354 Practice
511 288 616 355 teneri
647 291 759 372 potest
781 288 813 356 S.
841 286 1043 371 Alphonsi
1074 289 1190 370 regula
1216 288 1292 367 (vl,
1327 288 1487 368 654);544

98 377 293 454 ,Sententia
308 376 571 443 communissima
586 381 621 443 et
636 376 733 458 louge
748 376 948 460 probabilior
964 429 970 442 .
990 430 996 442 .
1016 430 1023 442 .
1041 376 1147 456 docet,
1172 378 1267 459 quod,
1287 377 1316 443 si
1332 377 1423 461 oppi-

95 467 173 532 dum
205 467 250 532 sit
278 488 416 550 parvum
448 465 542 551 (puta
571 466 599 530 si
626 488 690 531 non
714 469 843 532 constet
872 465 978 531 tribus
1001 465 1143 531 millibus
1172 467 1337 532 hominum
1361 466 1424 532 cir-

94 555 204 637 citer),
228 561 308 623 tuuc
331 556 474 621 violatur
497 556 649 638 sigillum.
692 555 793 620 Secus
816 576 905 631 vero,
929 555 957 620 si
981 555 1133 639 oppidum
1156 556 1201 620 sit
1224 556 1366 639 amplum
1391 560 1425 620 et

95 645 235 710 crimina
267 645 334 711 sint
364 645 522 729 publica.“
581 644 743 710 Videlicet
775 645 903 710 etiamsi
937 644 1136 710 confessario
1169 666 1211 709 ex
1244 645 1314 709 sola
1346 665 1424 710 con·

95 734 241 800 sessione
271 734 351 799 haec
383 739 462 800 nota
492 738 584 812 suut,
615 733 823 798 nibilominus
854 734 894 798 de
923 733 964 798 iia
993 734 1081 816 loqui
1111 754 1176 798 non
1199 738 1251 800 est
1278 733 1325 799 illi
1348 754 1424 817 pro·

95 823 246 899 bibitum,
271 823 348 906 quia
374 822 405 905 1)
430 824 555 889 directa
573 822 672 905 sigilli
696 822 831 888 violatio
855 844 919 887 nou
943 826 1003 901 est,
1033 844 1104 888 cum
1128 823 1290 887 neminem
1313 821 1425 905 siugu-

95 913 213 980 lariter
237 912 382 978 nominet
404 933 511 995 neque
534 933 730 996 quemquam
753 911 785 976 in
807 911 996 996 particulari
1013 911 1230 994 cognoscendi
1246 912 1424 996 periculum

96 1002 238 1077 excitet,
259 1001 293 1082 2)
309 1001 445 1066 violatio
462 1001 528 1067 alia
544 1022 600 1066 eeu
616 1000 776 1066 indirecta
792 1005 862 1065 tum
878 1001 982 1065 solum
1000 1000 1125 1083 concipi
1140 1000 1272 1085 poterit,
1296 1001 1425 1082 quando

95 1091 219 1156 locutio
242 1091 383 1156 dedecus
407 1091 459 1155 vel
489 1090 727 1156 incommodum
751 1089 976 1156 communitati
1004 1094 1103 1172 atque
1125 1089 1174 1157 ita
1197 1090 1426 1156 confitentibus

96 1184 189 1246 creat
220 1215 259 1224 -
290 1178 375 1262 quod
405 1180 457 1244 hic
487 1184 623 1264 propter
651 1179 699 1244 rei
731 1179 954 1263 publicitatem
984 1178 1049 1245 iam
1075 1179 1290 1245 exsistentem
1319 1180 1425 1244 locum

95 1290 161 1334 uon
184 1268 296 1336 habet.

187 1377 346 1442 Attamen
371 1374 572 1459 computatio
596 1373 653 1440 illa
677 1373 845 1440 numerica
873 1373 1052 1440 incolarum
1075 1396 1139 1440 nou
1162 1375 1300 1459 praebet
1322 1374 1426 1441 solam

96 1486 257 1530 normam.
304 1464 467 1529 Videlicet
495 1463 648 1548 prudenti
678 1463 899 1530 aestimationi
922 1463 955 1528 id
978 1463 1187 1546 relinquitur,
1219 1465 1427 1547 quandonam

96 1554 228 1618 exsulet
252 1573 347 1618 omne
363 1553 542 1636 periculum
559 1573 717 1636 omneque
733 1552 845 1637 probri
861 1553 913 1618 vol
930 1552 1162 1620 diffamationis
1177 1553 1425 1619 incommodum.

95 1643 189 1720 Quod
220 1663 286 1707 uon
315 1664 336 1707 a
365 1641 435 1706 solo
465 1663 600 1708 numero
630 1641 826 1719 incolarum,
858 1641 915 1706 sed
947 1642 1046 1708 etiam
1076 1663 1097 1707 a
1126 1663 1246 1724 genere
1271 1641 1425 1708 vitiorum

96 1752 275 1813 eorumque
305 1730 498 1814 publicitate
528 1732 657 1815 pendet.
704 1729 773 1807 Quo
802 1730 907 1814 magis
931 1731 1015 1796 euim
1040 1736 1154 1798 uotum
1177 1736 1228 1797 est
1252 1731 1368 1796 vitium
1392 1736 1426 1796 et

96 1841 161 1903 quo
185 1821 291 1884 minus
315 1819 494 1898 infamans,
525 1841 564 1885 eo
594 1820 723 1885 facilius
753 1819 840 1902 loqui
872 1819 982 1886 licebit
1005 1820 1044 1885 de
1068 1840 1124 1896 eo,
1155 1820 1282 1885 etiamsi
1308 1819 1426 1886 civitas

96 1931 162 1975 uon
193 1909 237 1974 sit
266 1908 314 1974 ita
344 1930 480 1992 magua;
512 1930 575 1990 quo
606 1907 712 1973 miuus
742 1912 852 1974 autem
883 1908 998 1975 vitium
1029 1909 1074 1974 sit
1103 1909 1266 1992 publicum
1298 1914 1332 1974 et
1362 1930 1425 1991 quo

96 1997 204 2080 magis
228 1997 400 2063 diffamans
424 2002 458 2063 et
480 2019 593 2080 grave,
618 2019 657 2063 eo
681 1997 844 2063 difficilius
868 1997 956 2081 loqui
980 1998 1091 2063 licebit
1114 1998 1214 2063 etiarn
1233 1997 1426 2064 decivitate

96 2087 265 2171 ampliore.

186 2192 295 2258 Aliam
319 2192 547 2260 difficultatem
578 2192 659 2260 facit
689 2192 775 2275 quod
800 2192 831 2259 S.
856 2193 1044 2277 Alpheusus
1074 2192 1163 2259 dicat
1195 2193 1242 2271 ,si
1272 2193 1425 2278 oppidum

95 2282 141 2349 sit
165 2282 308 2365 amplum
334 2291 361 2347 et
384 2281 519 2347 crimina
542 2281 609 2348 sint
632 2282 770 2365 publica,
794 2303 869 2347 uum
895 2282 1019 2349 scilicet
1042 2283 1098 2348 illa
1121 2282 1264 2347 secunda
1280 2282 1426 2348 condicio

94 2371 298 2455 publicitatis
329 2370 497 2436 criminum
527 2371 656 2455 semper
686 2371 781 2436 simul
812 2392 884 2436 cum
911 2370 1019 2455 priore
1042 2371 1237 2454 requiratur.
1284 2371 1368 2438 Puto
1392 2372 1424 2437 id

95 2480 132 2525 re
155 2459 229 2543 ipsa
251 2482 315 2525 nom
338 2482 461 2544 semper
484 2459 619 2541 requiri,
650 2459 708 2525 sed
733 2460 767 2525 id
790 2460 931 2543 pendere
954 2483 975 2526 a
997 2460 1266 2531 circumstantiis:
1298 2482 1374 2526 uam
1397 2460 1425 2525 si

96 2549 177 2615 dicis
200 2548 320 2615 alicubi
341 2553 499 2635 praescri,
522 2552 585 2615 iate
602 2559 716 2634 patere
739 2549 871 2630 aliquod
893 2549 1019 2628 vitium,
1044 2550 1237 2634 praesertim
1262 2549 1289 2613 si
1306 2550 1351 2616 sit
1366 2571 1426 2634 per

61 2637 63 2640 ’
96 2660 132 2703 se
164 2637 353 2715 diffamans,
384 2638 417 2702 id
441 2660 537 2716 sane,
568 2637 629 2703 uisi
653 2638 697 2705 sit
719 2637 900 2722 publicum,
932 2637 1002 2703 eine
1025 2642 1104 2704 uota
1130 2638 1361 2705 diffamationis
1385 2639 1425 2704 de

96 2729 168 2793 loco
193 2727 291 2793 etiam
316 2728 425 2811 amplo
449 2727 512 2792 dici
536 2726 658 2809 nequit,
683 2749 723 2793 ac
746 2727 840 2811 proin
863 2726 895 2791 id
920 2748 961 2792 ex
985 2726 1189 2793 confessione
1212 2727 1425 2793 manifestare

95 2815 199 2882 laesio
222 2816 322 2898 sigilli
346 2819 405 2882 est.
453 2817 490 2881 In
520 2815 594 2881 aliis
621 2815 875 2882 circumstantiis
902 2837 966 2881 uon
996 2820 1064 2895 est,
1095 2815 1204 2882 dicere
1234 2815 1425 2899 simpliciter

95 2905 129 2970 in
160 2905 220 2970 tali
251 2906 323 2970 loco
353 2905 435 2971 satis
466 2906 574 2989 amplo
598 2909 747 2971 committi
769 2906 822 2970 vel
846 2904 952 2971 solere
975 2904 1074 2971 etiam
1099 2905 1257 2971 committi
1286 2906 1348 2971 hoo
1370 2905 1422 2970 vel
1477 2970 1479 2975 .

94 2994 178 3060 illud
201 2998 384 3079 peccatum.
431 2994 478 3060 cf.
504 2994 707 3072 Tambur„
731 2996 828 3060 Meta.
853 2994 947 3078 conf,
971 2995 1010 3060 dc
1031 2997 1134 3078 sigillo
1157 3016 1184 3061 c.
1209 2997 1239 3061 3.

186 3107 239 3171 An
263 3127 455 3182 uuausrruu
472 3111 511 3172 2¹³
534 3108 572 3175 R.
593 3112 621 3174 1.
660 3108 735 3173 Non
759 3107 791 3173 id
816 3108 901 3188 quod
917 3107 1109 3173 Bonfrerius
1131 3111 1257 3172 certum
1281 3108 1422 3190 aliquem
1432 3127 1485 3180 545

95 3198 203 3263 locum
227 3197 333 3279 quoad
357 3218 465 3262 mores
489 3197 647 3276 laudavit,
673 3200 788 3262 contra
804 3197 947 3279 sigillum
963 3200 1032 3273 est;
1056 3197 1115 3261 sed
1138 3197 1221 3279 quod
1246 3197 1327 3262 haec
1351 3197 1423 3262 laus

96 3286 255 3352 indirecte
278 3286 479 3370 vituperatio
495 3287 633 3353 aliorum
648 3287 792 3351 locorum
810 3289 871 3364 est,
896 3285 1121 3368 quaestionem
1137 3286 1297 3352 suscitare
1313 3291 1424 3370 potest

95 3377 136 3441 de
151 3375 242 3440 laeso
265 3374 383 3456 sigillo.
406 3412 449 3419 -
466 3376 529 3441 Sed
553 3375 747 3441 indirectam
770 3375 1044 3458 vituperationem
1068 3396 1145 3440 mox
1165 3376 1264 3441 etiarn
1281 3376 1424 3443 mutavit

95 3464 128 3529 in
159 3463 334 3541 directam,
366 3485 438 3529 cum
468 3465 593 3531 diceret
622 3465 853 3530 circumcirca
882 3464 951 3530 late
974 3463 1119 3529 exerceri
1145 3464 1307 3529 luxuriam
1331 3485 1351 3529 a
1374 3464 1423 3529 iu·

97 3553 233 3618 renibus
257 3556 291 3618 et
314 3553 514 3637 coniugatis:
546 3554 586 3619 de
616 3555 677 3619 hoc
701 3554 804 3636 igitur
827 3553 995 3636 quaeritur
1020 3574 1097 3617 num
1120 3553 1165 3619 sit
1187 3553 1288 3618 laesio
1312 3553 1421 3636 sigilli.

184 3659 223 3725 R.
242 3662 271 3724 2.
312 3658 347 3724 Si
370 3659 505 3725 crimina
528 3660 586 3725 illa
610 3660 683 3726 aliie
707 3659 807 3726 etiam
832 3658 963 3724 aliunde
988 3664 1066 3726 nota
1090 3663 1195 3737 erant,
1220 3659 1421 3738 Bonlrerius‚

94 3748 123 3814 si
146 3747 340 3832 simpliciter
363 3748 502 3816 dixisset
524 3750 587 3815 hoc
610 3749 726 3815 vitium
749 3748 896 3814 exerceri
919 3747 953 3812 in
976 3747 1034 3813 illa
1058 3748 1207 3830 regione,
1239 3748 1288 3813 ita
1310 3752 1423 3815 tamen

94 3842 221 3904 utnon
251 3837 393 3921 positive
425 3843 564 3920 negaret
594 3859 666 3904 esse
697 3839 786 3903 locos
816 3837 871 3920 qui
902 3836 969 3902 sint
997 3837 1176 3915 immunes,
1209 3837 1267 3902 sed
1297 3838 1338 3902 de
1361 3837 1423 3904 hoc

94 3927 174 3992 nihil
198 3927 381 3994 affirmaret
403 3948 509 4009 neque
532 3932 686 4010 negaret:
718 3949 760 3993 ex
783 3926 979 4010 supradictis
1002 3925 1101 4008 sigilli
1131 3925 1233 3991 laesio
1257 3947 1322 3990 non
1346 3946 1423 3991 ceu·

94 4022 187 4082 setur
210 4016 334 4081 adesse.
1390 4081 1394 4088 ,

184 4105 306 4170 Verum
332 4126 404 4169 cum
427 4127 527 4170 uuum
551 4106 656 4170 solum
679 4106 784 4170 locum
816 4104 958 4180 eximat,
990 4102 1099 4168 omnia
1130 4102 1195 4168 alia
1225 4102 1345 4186 oppida
1368 4105 1422 4170 vel

93 4216 215 4279 pagos,
240 4193 273 4259 in
297 4195 413 4276 quibus
437 4195 658 4260 confessiones
681 4197 874 4278 exceperat,
906 4192 984 4259 dicit
1007 4192 1165 4258 indirecte
1189 4192 1269 4257 vitio
1293 4192 1349 4256 illo
1373 4192 1423 4257 in·

94 4285 193 4350 lecta.
241 4283 333 4360 Quod
357 4304 430 4349 cum
459 4305 525 4348 non
555 4284 595 4349 de
625 4283 704 4348 solis
727 4283 857 4364 magnis
886 4281 1076 4349 civitatibus
1106 4281 1250 4358 dicatur,
1285 4286 1319 4349 et
1349 4303 1422 4347 cum

93 4378 188 4440 tanta
219 4372 366 4456 emphasi
397 4372 541 4451 dicatur,
572 4376 610 4438 ut
632 4373 785 4439 videatur
815 4394 931 4456 manno
962 4371 1105 4436 omniurn
1134 4369 1314 4436 incolarum
1344 4391 1423 4454 pars

93 4461 263 4529 accusari:
287 4483 352 4526 uon
375 4467 486 4545 potest
509 4483 574 4526 non
598 4482 670 4526 esse
693 4461 725 4526 in
741 4460 895 4545 probrum
920 4465 954 4528 et
976 4480 1156 4543 gravamen
1174 4480 1296 4538 eorum,
1321 4464 1422 4543 atque
