3044 5174
77 2935 132 3019 eoo

145 276 209 340 232
589 270 794 327 Sacramentum
813 272 1005 361 paenitentiae.

142 451 240 513 extra
262 447 456 524 iubileeum‚
490 447 608 513 saltem
631 447 659 512 si
682 447 862 531 iniungitur
891 471 950 534 pro
974 448 1176 534 paenitentia
1205 448 1286 514 illud
1309 469 1392 533 opus
1416 449 1469 514 cui

142 537 345 620 indulgentia
374 537 575 614 annect‘tur;
607 557 721 602 verum
750 537 778 602 si
808 559 889 622 opus
918 537 999 604 illud
1029 543 1081 605 est
1109 539 1232 616 levius,
1263 537 1330 604 alia
1354 559 1469 604 sacra·

143 626 295 692 mentalis
319 625 502 692 satisfactio
526 646 591 690 non
614 631 666 692 est
688 626 784 711 plene
808 627 1000 705 omittenda,
1025 627 1088 695 etsi
1112 627 1246 693 diminui
1268 630 1389 712 potest.

232 724 329 790 Ratio
359 745 417 789 cur
448 745 490 789 ex
519 723 646 805 legibus
676 744 734 807 pro
764 724 904 790 iubilaeo
935 724 1013 791 latis
1040 746 1106 790 non
1128 725 1233 809 possit
1266 729 1356 790 certo
1380 725 1468 790 idern

142 812 290 878 concludi
306 832 365 896 pro
381 812 454 878 aliis
469 812 690 894 indulgentiis,
715 834 756 878 ea
772 814 925 896 estquod
947 814 981 879 in
996 814 1135 880 iubilaeo
1154 813 1241 880 inter
1256 835 1358 898 opera
1372 835 1468 898 prae·

142 902 283 985 scripta,
315 901 431 984 quibus
453 901 629 968 iubilaeum
652 906 863 980 annectatur,
888 903 932 968 sit
955 902 1133 981 confessio,
1158 903 1206 968 ad
1228 903 1468 969 confessionem

142 994 253 1056 autem
277 1011 336 1074 per
358 1011 395 1055 se
418 991 582 1075 pertineat
605 991 790 1075 acceptatio
805 991 1056 1058 sacramentalis
1078 992 1310 1077 paenitentiae,
1335 993 1368 1058 in
1393 993 1469 1058 aliis

142 1083 253 1146 antem
285 1080 496 1162 indulgentiis
529 1079 710 1157 confessio,
743 1080 771 1145 si
801 1080 1010 1163 requiritur,
1030 1103 1094 1147 non
1124 1081 1301 1164 requiritur
1323 1086 1361 1148 ut
1384 1102 1469 1165 opus

141 1169 380 1253 praescriptum
409 1169 442 1234 in
474 1190 540 1252 qua
568 1169 724 1235 fundetur
753 1169 973 1252 indulgentia,
1004 1171 1062 1237 sed
1095 1176 1131 1237 ut
1161 1170 1306 1236 condicio
1336 1174 1468 1236 tantum

141 1259 401 1342 praesupposita.

231 1365 268 1429 R.
288 1367 317 1430 2.
349 1363 566 1430 Nihilominus
582 1363 682 1430 etiam
697 1384 756 1448 pro
772 1364 812 1429 iis
827 1364 1039 1448 indulgentiis
1054 1368 1180 1431 certum
1196 1369 1296 1431 antea
1312 1387 1377 1431 non
1393 1371 1470 1433 erat

141 1455 247 1520 eodem
271 1475 362 1539 opere
384 1474 481 1537 posse
505 1452 646 1536 aliquem
669 1453 889 1536 indulgentias
912 1475 1059 1519 annexas
1082 1454 1202 1519 lucrari
1225 1459 1260 1520 et
1283 1477 1467 1520 sacromen-

141 1545 247 1608 tole'ter
270 1541 481 1620 satisfacere,
512 1564 585 1608 cum
609 1543 640 1611 S.
665 1543 781 1625 Congr.
807 1542 933 1624 Indulg.
965 1543 1005 1608 ad
1037 1543 1212 1610 lucrandas
1242 1543 1468 1626 indulgentias

141 1633 324 1716 postularet
347 1651 447 1715 opera
471 1653 534 1714 non
558 1635 622 1696 inm
646 1631 844 1716 otlipotorio.
892 1632 939 1698 cf.
966 1633 1059 1698 Decr.
1084 1634 1170 1698 antii.
1195 1654 1226 1698 n.
1252 1635 1315 1698 291
1348 1635 1392 1700 ad
1417 1637 1466 1699 2²².

142 1720 207 1787 Ubi
230 1721 262 1785 in
286 1722 432 1787 Briocen.
458 1720 487 1785 d.
513 1721 543 1786 d.
569 1723 610 1785 29
634 1719 713 1785 Maii
740 1722 822 1785 1841
849 1720 896 1786 ita
920 1721 1075 1788 habetur:

234 1819 304 1896 ,An
328 1819 432 1901 possit
455 1839 514 1902 per
537 1837 650 1902 preces
666 1817 730 1883 iarn
748 1819 969 1900 obligatorias,
995 1840 1025 1887 ν.
1043 1840 1074 1901 g.
1091 1839 1152 1902 per
1165 1819 1264 1884 horas
1281 1820 1467 1896 canonicas,

140 1907 294 1973 satisfieri
317 1907 467 1992 precibus
490 1928 511 1972 a
534 1907 565 1972 S.
591 1907 749 1972 Pontifice
772 1907 983 1991 praescriptis
1013 1908 1055 1973 ad
1079 1908 1269 1974 lucrandam
1292 1909 1469 1991 indulgen-

47 2093 49 2096 *
140 1997 221 2064 tiam
245 1997 455 2080 plenariam.“
504 1997 544 2063 R.
571 1995 772 2080 ,Nepotive“.

230 2085 415 2151 Communis
438 2085 569 2166 quidem
584 2105 699 2150 sensus
715 2085 889 2150 videbatur
905 2083 1080 2150 abliorrere
1100 2105 1120 2150 a
1135 2085 1336 2168 cogitatione
1351 2087 1469 2170 paeni·

140 2179 284 2253 tentem,
318 2174 347 2239 si
375 2174 555 2240 iniunctum
585 2174 749 2258 acciperet
779 2195 838 2258 pro
862 2173 1064 2258 paenitentia
1095 2175 1343 2253 sacramentali,
1376 2197 1408 2243 v.
1433 2198 1467 2259 g.

140 2264 333 2329 exercitium
364 2263 438 2328 viae
470 2263 589 2340 crucis,
622 2262 746 2346 privari
777 2263 989 2346 indulgentiis
1021 2262 1095 2328 huic
1125 2263 1281 2329 exercitio
1314 2265 1466 2331 annexis.

230 2353 368 2418 Dubium
394 2352 521 2417 demum
545 2351 679 2418 sustulit
701 2352 767 2417 Leo
790 2351 868 2417 ΧΙΙΙ
891 2372 1045 2434 suprema
1067 2373 1127 2417 sua
1151 2352 1331 2420 voluntate.
1364 2353 1468 2420 Vide·

141 2440 220 2506 licet
250 2444 283 2509 S.
310 2444 342 2507 0.
367 2442 513 2528 Indole,
544 2441 750 2523 interrogata
782 2441 913 2523 ,Utrum
942 2445 1108 2526 paenitens
1134 2464 1260 2527 precem
1289 2451 1346 2507 ont
1373 2446 1469 2528 pium

140 2552 219 2616 opus
242 2532 451 2616 indulgentiis
483 2533 619 2595 ditatum
644 2533 770 2615 explens
797 2533 898 2615 possit
928 2533 1075 2595 simulet
1103 2534 1317 2616 poenitentioe
1338 2531 1468 2612 (socra-

140 2621 285 2701 mentali)
308 2621 493 2701 satisfacere
517 2627 545 2684 et
568 2621 785 2705 indulgentius
808 2619 963 2701 trecr·nri“,
995 2618 1025 2685 d.
1051 2618 1081 2685 d.
1115 2623 1165 2686 11.
1190 2619 1273 2685 lunii
1300 2623 1383 2686 1001
1417 2646 1467 2687 re-

140 2711 286 2794 spondit:
319 2709 550 2791 „Affinnntiua
580 2709 666 2790 fonto
696 2710 788 2774 nerto
812 2731 881 2773 cnm
905 2707 1021 2788 SS”⁰“,·
1049 2728 1086 2773 re
1115 2708 1187 2792 ipsa
1210 2711 1372 2776 Sanctitas
1397 2712 1468 2778 Sua

142 2798 172 2864 d.
200 2800 239 2862 14
263 2797 345 2862 Iunii
370 2797 402 2862 id
426 2799 622 2882 approbavit.
669 2800 765 2863 Anat.
791 2800 860 2864 eccl.
885 2796 940 2873 IX,
965 2800 1040 2863 300.

232 2920 282 2984 An
306 2940 496 2996 quansrnun
521 2922 561 2983 4¹¹²
588 2919 626 2984 R.
655 2923 682 2986 1.
730 2919 898 2985 Tiburtius
927 2923 1017 2985 recte
1047 2919 1176 3001 quidem
1207 2920 1305 2998 fecit,
1337 2921 1468 2987 miseris

141 3009 299 3093 operariis
322 3008 493 3092 iniungens
516 3030 576 3093 pro
606 3008 810 3093 paenitentia
839 3009 1070 3074 sacramentali
1100 3009 1217 3074 missas
1245 3010 1310 3075 iam
1335 3011 1470 3077 aliunde

140 3097 370 3180 obligatorias;
403 3098 543 3165 debebat
575 3101 685 3163 tamen
716 3098 846 3179 aliquod
878 3118 959 3181 opus
990 3097 1128 3163 ulterius
1152 3099 1347 3182 adiungere,
1380 3103 1469 3183 quod

139 3185 294 3252 facillime
318 3186 440 3271 potuit,
472 3208 503 3253 v.
536 3208 567 3269 g.
599 3187 699 3253 semel
730 3188 871 3252 recitare
902 3186 1062 3251 rosarium
1092 3187 1145 3252 vel
1176 3188 1367 3255 exercitium
1393 3190 1470 3256 viae

140 3277 245 3342 crucis
270 3277 379 3342 facere
403 3276 456 3341 vel
479 3275 584 3341 simile
608 3276 694 3359 quid.

230 3383 268 3448 R.
287 3385 316 3449 2.
347 3383 462 3448 Altera
484 3381 645 3449 industria
667 3382 834 3467 reprobari
858 3381 987 3464 quidem
1011 3383 1123 3465 nequit
1146 3403 1188 3448 ex
1210 3405 1249 3449 eo
1273 3384 1359 3466 quod
1383 3384 1469 3450 hanc

141 3471 323 3537 orationem
353 3470 565 3555 indulgentiis
598 3471 736 3538 ditatam
770 3493 828 3556 pro
861 3471 1065 3556 paenitentia
1097 3473 1329 3538 sacramentali
1362 3473 1468 3558 impo-

141 3560 260 3638 suerit,
292 3581 397 3643 neque
420 3565 532 3627 tamen
554 3560 757 3645 probandum
789 3565 840 3627 est
871 3560 957 3643 quod
990 3560 1069 3625 nihil
1099 3561 1292 3645 imposuerit
1315 3563 1467 3647 amplius.

102 3715 104 3723 ,
141 3649 228 3714 Nam
251 3670 305 3714 res
329 3654 419 3716 certa
451 3671 515 3716 non
548 3654 601 3716 est
629 3650 851 3734 paenitentem
880 3670 940 3734 per
962 3670 1077 3734 preces
1107 3650 1181 3715 illas
1204 3650 1394 3716 recitandas
1418 3653 1469 3717 in-

140 3738 342 3821 dulgentiam
358 3739 547 3822 plenariam,
565 3760 662 3820 quam
678 3761 823 3804 summus
839 3738 997 3823 pontiferc,
1015 3742 1171 3821 quantum
1188 3744 1239 3805 est
1255 3761 1297 3804 ex
1313 3761 1359 3818 se,
1384 3741 1469 3807 reci-

140 3827 288 3893 tantibus
304 3827 452 3893 conferre
476 3831 622 3903 conatur,
647 3848 682 3892 re
699 3848 778 3893 vera
793 3849 835 3893 ex
850 3829 981 3910 integro
998 3828 1198 3893 lucraturum
1216 3849 1299 3907 esse,
1323 3830 1469 3896 maxime

140 3917 168 3981 si
193 3922 382 3983 consuetam
407 3916 643 4001 paenitentiam
666 3917 936 3982 sacramentalem
969 3937 1034 3981 non
1064 3916 1278 4001 praestiterit.
1326 3919 1379 3983 Ex
1403 3940 1469 3984 une

141 4005 226 4071 onim
262 4011 357 4091 parte
392 4005 499 4088 quoad
538 4005 758 4088 indulgentias
794 4004 1029 4089 acceptationis
1069 4005 1198 4071 divinae
1238 4027 1392 4074 mensura
1427 4010 1469 4073 ob

140 4096 252 4161 varias
285 4115 402 4160 causas
434 4099 546 4162 manet
568 4095 710 4165 incerta:
744 4116 785 4159 ex
817 4094 922 4160 altera
945 4100 1041 4178 parte
1073 4095 1190 4159 summi
1222 4096 1386 4180 pontificis
1417 4097 1469 4162 in·

140 4185 244 4251 tentio
275 4206 339 4249 non
370 4188 422 4249 est
451 4183 672 4267 indulgentias
702 4183 749 4248 sic
780 4184 989 4249 conferrent
1019 4183 1098 4249 ordo
1127 4186 1326 4251 sacramenti
1354 4187 1469 4270 paeni·

140 4275 265 4341 tentiae
305 4279 404 4357 atque
444 4277 654 4356 praeceptum
687 4272 911 4338 Tridentinum
948 4274 1135 4351 mutentur,
1175 4295 1259 4356 quae
1298 4277 1470 4358 postulant

140 4363 376 4447 paenitentiam
412 4363 684 4428 sacramentalem
719 4363 863 4445 peccatis
894 4363 1186 4444 proportionatam.
1240 4362 1333 4431 Licet
1367 4364 1469 4447 igitur

140 4452 307 4517 Tiburtius
342 4456 477 4535 propter
508 4472 621 4535 preces
648 4451 860 4532 indulgentiis
892 4450 1016 4518 ditatas
1048 4453 1321 4519 sacramentalem
1353 4455 1468 4539 paeni-

139 4541 279 4607 tentiam
314 4542 417 4624 possit
453 4544 646 4622 diminuere,
682 4539 832 4622 iniungat
866 4544 978 4605 tamen
1013 4546 1187 4624 praetcrea
1221 4541 1354 4626 aliquod
1386 4565 1468 4629 opus

139 4630 331 4712 simpliciter
354 4650 465 4712 grave.

88 4804 188 4856 fi
