3044 5174
356 96 482 150 Minister
500 95 602 166 paenit
622 125 656 133 -υ
675 95 806 149 correctio
826 96 927 151 erroris
945 96 1091 151 commissi.
1324 103 1390 166 333

150 275 190 342 R.
210 278 241 342 2.
273 275 391 341 Modus
414 274 599 356 corrigendi
623 274 771 340 defectus
795 275 945 341 diversus
968 281 1029 352 est,
1054 281 1153 360 prout
1169 276 1289 341 diversi
1313 282 1452 343 sunt585

55 365 221 431 defectus.
261 365 295 430 Si
319 366 449 446 quando
472 363 619 447 reparari
641 369 779 447 possunt
801 365 991 448 paenitente
1014 365 1126 443 inscio,
1151 366 1316 449 reparatio
1339 366 1390 432 fa-

57 455 131 519 cilis
156 459 224 530 est,
256 453 428 518 dummodo
459 453 631 536 paenitens
661 458 817 519 noscatur
846 459 945 535 atque
969 454 1078 519 aditus
1102 455 1143 519 ad
1167 476 1240 519 eum
1264 459 1389 538 pateat.

58 544 198 620 Quando
222 564 301 607 vero
323 543 364 607 ad
388 542 614 624 corrigendum
643 563 785 607 errorem
817 564 950 609 neeesse
981 549 1033 609 est
1063 545 1151 627 loqui
1182 565 1254 609 eum
1278 545 1391 628 paeni-

58 636 154 698 tente
177 632 340 697 derebus
370 631 486 714 sigilli,
517 631 571 696 lex
603 631 701 714 sigilli
733 632 884 715 prohibet
914 634 1086 714 quominus
1117 632 1335 699 confessarius
1358 634 1391 698 id

60 721 165 787 faciat
189 721 259 786 sine
282 721 418 804 praevia
440 720 573 785 licentia
596 721 804 803 paenitentis.
851 721 959 798 Quare
989 723 1158 787 dicendum
1192 725 1254 787 erit
1277 723 1390 806 paeni·

61 811 163 877 tenti:
190 831 261 875 esse
286 810 408 892 aliquid
432 809 628 890 loquendum
652 810 692 875 de
715 810 756 874 iis
780 831 863 892 quae
882 815 1034 894 spectent
1057 811 1304 889 confessionem,
1329 811 1391 896 ipsi

61 900 134 965 sine
158 898 256 964 dubio
280 921 344 963 non
368 899 534 980 ingratum
559 899 731 981 (siquidem
755 899 804 964 ita
827 921 880 964 res
911 901 1041 982 fuerit);
1075 902 1132 965 sed
1162 901 1196 964 id
1225 901 1296 965 fieri
1326 922 1390 965 non

63 1009 172 1072 posse,
196 987 259 1053 nisi
282 989 352 1071 ipse
376 988 491 1052 lubens
508 988 704 1054 consentiat.
736 988 827 1065 Quod
843 989 872 1053 si
887 988 1014 1067 fecerit,
1040 1011 1093 1055 res
1109 991 1247 1056 tractari
1264 995 1391 1072 potest3

61 1079 90 1143 si
113 1078 267 1154 noluerit,
293 1098 346 1142 res
369 1078 440 1142 Deo
464 1081 515 1142 est
539 1077 790 1154 committenda,
816 1077 918 1143 donec
941 1078 1027 1143 idem
1050 1078 1222 1163 paenitens
1247 1080 1287 1144 ad
1312 1101 1391 1144 eun·

62 1169 136 1233 dem
162 1166 399 1232 confessarium
422 1166 596 1233 confitendi
621 1188 721 1232 causa
744 1171 943 1234 revertatur.

153 1273 193 1340 R.
219 1275 250 1339 3.
282 1272 440 1349 Quoniam
464 1272 666 1338 confessario
689 1273 923 1355 permolestum
947 1277 1009 1350 est,
1033 1273 1079 1338 ita
1105 1294 1176 1337 cum
1202 1275 1392 1356 paenitente

63 1361 154 1445 loqui
177 1362 332 1446 incipere,
356 1367 456 1443 atque
480 1363 580 1428 etiam
603 1362 771 1439 fidelibus,
796 1367 893 1428 extra
917 1363 1153 1427 confessionem
1177 1363 1392 1429 confessionis

62 1453 176 1517 factae
199 1450 540 1516 commemorationem
565 1451 692 1516 facere:
723 1451 751 1515 si
774 1472 827 1515 res
851 1473 975 1516 moram
1000 1451 1127 1533 pat‘tur
1156 1456 1256 1533 atque
1279 1453 1393 1536 paeni·

61 1547 139 1606 tens
162 1539 327 1606 rediturus
351 1539 393 1605 ad
418 1539 652 1605 confessarium
684 1540 822 1604 eundem
846 1541 1071 1623 praevidetur,
1103 1541 1218 1605 melius
1249 1547 1300 1608 est
1323 1565 1392 1608 rem

62 1630 196 1695 differre
220 1650 323 1712 usque
346 1629 388 1694 ad
412 1629 595 1712 proximam
619 1629 873 1697 confessionem:
904 1630 937 1694 in
962 1650 1027 1710 qua
1056 1630 1127 1694 sine
1150 1652 1236 1695 nova
1259 1631 1393 1697 licentia

63 1740 119 1784 res
143 1718 288 1802 priorum
312 1717 563 1796 confessionum,
589 1718 616 1783 si
640 1719 727 1784 ratio
750 1718 907 1801 suppetit,
931 1722 1069 1801 possunt
1092 1719 1239 1785 tractari.

155 1825 194 1889 R.
209 1826 239 1890 4.
267 1824 467 1905 Quicumque
483 1845 574 1890 error
587 1825 778 1889 commissus
795 1829 856 1900 est,
874 1825 901 1889 si
918 1824 1063 1889 nescitur
1078 1825 1251 1907 paenitens
1265 1825 1393 1891 aliusve

63 1914 116 1980 eui
141 1914 295 1978 damnum
325 1913 426 1979 fuerit
455 1914 595 1979 factum:
628 1934 681 1978 res
710 1918 783 1980 tota
807 1916 876 1979 Deo
907 1913 1165 1979 commendanda
1194 1918 1247 1980 est
1277 1920 1311 1981 et
1333 1936 1392 1999 pro

63 2002 195 2068 ratione
218 2003 335 2086 culpae
351 2023 370 2067 a
387 2002 587 2067 confessario
612 2003 805 2068 commissae
821 2003 1025 2087 paenitentia
1041 2004 1169 2085 agenda
1186 2024 1295 2068 coram
1311 2004 1391 2070 Deo.

63 2095 217 2158 ueterum
241 2113 314 2157 cum
337 2096 434 2157 extra
458 2091 696 2157 confessionem
720 2113 796 2157 raro
827 2096 1002 2158 occurrant
1026 2092 1209 2174 corrigendi
1234 2093 1392 2171 defectus,

63 2180 287 2247 confessarius
320 2180 374 2262 qui
406 2181 519 2247 studet
549 2181 612 2246 rite
643 2202 776 2246 munere
806 2202 866 2246 suo
897 2181 1008 2262 fungi,
1041 2181 1224 2264 siquando
1251 2181 1394 2248 humana

63 2270 251 2353 fragilitate
282 2270 460 2345 erraverit,
493 2291 534 2335 ne
565 2270 786 2336 conturbetur.
834 2271 1001 2354 Optimum
1032 2271 1202 2336 consilium
1232 2292 1292 2354 pro
1315 2293 1393 2337 neo·

64 2359 277 2426 confessariis
292 2358 451 2442 imprimis
468 2363 519 2424 est
542 2363 617 2440 post
633 2360 763 2425 auditas
780 2360 1001 2425 confessiones
1017 2360 1162 2425 nonnihil
1179 2382 1251 2425 sese
1268 2361 1392 2426 exami-

64 2469 157 2526 nare,
183 2469 246 2531 quo
270 2446 398 2515 discant
422 2469 485 2513 uon
511 2448 615 2513 solum
639 2469 767 2513 errores
788 2449 919 2532 proprie
943 2449 1047 2514 dictos
1070 2450 1187 2527 vitare,
1212 2451 1269 2515 sed
1293 2450 1393 2516 etiam

65 2537 247 2622 perfectius
272 2541 306 2602 et
330 2537 445 2602 melius
469 2537 577 2602 officio
601 2537 794 2602 confessarii
816 2537 920 2620 fungi.

157 2662 209 2727 An
233 2682 424 2737 ouansmuu
449 2664 488 2726 3¹¹²
515 2661 554 2727 R.
582 2664 609 2727 1.
649 2661 752 2728 Recte
776 2661 845 2743 egit
868 2662 1031 2739 Claudius,
1057 2683 1130 2726 cum
1154 2663 1256 2729 vellet
1277 2667 1394 2747 postea
1404 2677 1455 2731 586

65 2751 307 2817 absolutionem
322 2752 484 2833 supplere.
517 2750 632 2832 Neque
648 2753 775 2815 tantum
793 2756 922 2834 tempus
937 2751 1133 2828 intercessit,
1159 2757 1194 2817 ut
1210 2752 1394 2817 coniunctio

65 2841 154 2906 inter
177 2839 420 2906 accusationem
444 2844 478 2906 et
508 2839 747 2905 absolutionem
778 2841 948 2906 destructa
978 2846 1075 2907 esset.
1122 2839 1281 2906 Attamen
1304 2847 1395 2906 recte

65 2952 133 2995 non
156 2930 226 3011 egit
250 2934 347 2995 extra
371 2928 501 2993 domum
525 2949 543 2993 e
566 2929 744 3010 longinquo
767 2928 906 2994 formam
931 2929 1145 2994 absolutionis
1168 2930 1393 3012 pronuntians.

64 3019 155 3084 Nam
180 3017 245 3085 etsi
269 3018 427 3084 distantia
450 3017 568 3099 viginti
592 3040 748 3102 passuum
772 3018 876 3083 videri
900 3019 1006 3102 possit
1027 3040 1092 3084 non
1109 3019 1259 3093 absolute
1283 3019 1394 3096 nimia,

65 3107 198 3190 quando
222 3107 393 3191 paenitens
417 3111 451 3172 et
474 3107 649 3173 absolvens
673 3108 705 3171 in
730 3109 844 3172 eodem
867 3108 955 3185 loco,
987 3129 1018 3174 v.
1043 3129 1074 3189 g.
1099 3107 1132 3172 in
1156 3109 1311 3186 eeclesia,
1336 3130 1395 3173 ex·

66 3197 206 3273 sistunt3
232 3200 321 3261 certe
336 3217 401 3261 non
417 3196 556 3279 amplius
580 3197 675 3261 adest
697 3196 886 3280 praesentia
909 3197 1105 3275 necessaria,
1130 3197 1260 3279 quando
1283 3198 1395 3282 paeni-

65 3291 142 3353 tens
166 3290 201 3352 et
223 3285 398 3350 absolvens
421 3286 491 3351 loco
516 3291 593 3351 sunt
616 3285 778 3368 separati,
811 3286 904 3352 utin
934 3291 1047 3351 nostro
1071 3307 1159 3352 casu.
1207 3287 1314 3364 Quare
1338 3289 1396 3353 ab·

67 3375 189 3442 solutio
212 3380 288 3440 tum·
307 3375 386 3440 data
409 3374 471 3440 dici
496 3374 593 3440 debet
616 3375 716 3441 nulla.

158 3481 198 3547 R.
224 3482 254 3546 2.
285 3481 367 3547 Post
390 3480 515 3563 aliquot
536 3480 605 3546 dies
621 3483 750 3565 elapsos
765 3481 874 3565 potuit
890 3481 995 3547 adhuc
1012 3480 1082 3546 dari
1099 3482 1271 3561 absolutio,
1296 3483 1397 3548 etiam

67 3570 260 3656 paenitente
283 3591 347 3634 non
370 3571 511 3647 monito,
544 3571 619 3652 quia
649 3571 726 3635 unio
757 3571 890 3635 moralis
921 3571 1112 3637 etiamtum
1144 3593 1203 3654 per
1226 3593 1261 3637 se
1285 3594 1393 3656 perse-

68 3660 218 3726 verabat.
265 3659 424 3726 Attamen
447 3660 563 3724 melius
586 3665 638 3726 est
667 3661 700 3724 in
733 3661 794 3724 hoc
819 3681 897 3725 casu
921 3681 1053 3725 monere
1077 3661 1299 3743 paenitentem
1324 3672 1396 3726 csse

69 3769 182 3815 errore
206 3748 360 3813 omissam
384 3748 620 3815 absolutionem
645 3786 685 3795 —
710 3749 743 3813 id
767 3750 852 3830 quod
868 3749 939 3813 sine
954 3749 1087 3815 lieentia
1103 3751 1303 3832 paenitentis
1326 3751 1398 3815 fieri

68 3842 190 3922 potest,
215 3859 289 3903 cum
313 3838 475 3904 obiectum
499 3838 599 3920 sigilli
621 3860 686 3902 non
710 3838 815 3904 subsit
839 3877 881 3885 -
906 3842 942 3903 ut
958 3839 1111 3904 videlicet
1134 3861 1219 3904 novo
1239 3844 1315 3905 actu
1340 3841 1397 3904 do-

69 3928 149 3993 loris
173 3947 209 3992 se
232 3927 401 4011 disponat,
434 3932 469 3994 et
491 3928 519 3992 si
542 3927 629 3993 forte
652 3926 783 3991 interim
807 3927 939 4009 aliquod
966 3932 1137 4010 peccatum
1161 3929 1230 3992 eius
1254 3929 1396 3994 animam

70 4021 206 4100 gravet,
237 4016 270 4081 id
293 4016 398 4101 possit
421 4016 577 4083 confiteri.
624 4017 786 4081 Videlicet
816 4017 847 4080 id
872 4017 1084 4099 expluribus
1114 4017 1296 4082 rationibus
1320 4039 1396 4082 con-

71 4107 193 4171 sultum
217 4110 278 4181 est,
304 4127 344 4170 ne
368 4107 529 4171 absolutio
553 4106 663 4171 fructu
680 4127 737 4170 suo
755 4106 942 4172 frustretur.
983 4106 1068 4171 Nam
1097 4109 1126 4169 1ο
1149 4107 1177 4171 si
1200 4107 1287 4172 forte
1310 4127 1397 4171 mor-

69 4196 139 4261 tale
162 4200 334 4279 peceatum
358 4195 458 4261 fuerit
481 4195 704 4272 commissum,
737 4199 826 4259 certe
857 4195 1012 4260 accedere
1043 4195 1141 4261 debet
1170 4196 1322 4262 dolorosa
1346 4217 1396 4260 re·

71 4285 229 4351 tractatio
245 4289 345 4367 atque
361 4306 420 4367 per
435 4307 470 4350 se
487 4284 587 4350 etiam
602 4284 697 4348 huius
713 4284 839 4366 peccati
853 4283 1012 4348 confessio
1024 4305 1130 4365 neque
1143 4285 1232 4368 prior
1244 4286 1398 4350 voluntas

71 4374 277 4457 recipiendae
294 4375 509 4440 absolutionis
524 4374 557 4437 in
573 4373 782 4438 antecedenti
798 4373 1001 4437 confessione
1011 4372 1126 4438 habita
1138 4375 1277 4458 amplius
1289 4396 1398 4439 mora-

71 4465 147 4530 liter
170 4468 371 4546 perseverat.
420 4467 452 4526 2⁰
476 4462 509 4528 Si
532 4462 565 4527 in
595 4463 703 4546 priore
734 4461 938 4527 confessione
969 4462 1137 4528 accusatio
1161 4470 1234 4529 erat
1258 4465 1297 4529 de
1320 4464 1399 4529 solis
