<?xml version="1.0" encoding="UTF-8"?>
<!DOCTYPE html PUBLIC "-//W3C//DTD XHTML 1.0 Transitional//EN"
    "http://www.w3.org/TR/xhtml1/DTD/xhtml1-transitional.dtd">
<html xmlns="http://www.w3.org/1999/xhtml" xml:lang="en" lang="en">
 <head>
  <title>
</title>
<meta http-equiv="Content-Type" content="text/html;charset=utf-8" />
  <meta name='ocr-system' content='tesseract 3.04.00' />
  <meta name='ocr-capabilities' content='ocr_page ocr_carea ocr_par ocr_line ocrx_word'/>
</head>
<body>
  <div class='ocr_page' id='page_1' title='image "./casusconscienti00lehmgoog_0081.png"; bbox 0 0 3044 5174; ppageno 0'>
   <div class='ocr_carea' id='block_1_1' title="bbox 367 307 1378 382">
    <p class='ocr_par' dir='ltr' id='par_1_1' title="bbox 367 307 1378 382">
     <span class='ocr_line' id='line_1_1' title="bbox 367 307 1378 382; baseline -0.008 -16"><span class='ocrx_word' id='word_1_1' title='bbox 367 312 467 366; x_wconf 78' lang='lat' dir='ltr'>Foebus</span> <span class='ocrx_word' id='word_1_2' title='bbox 484 312 600 367; x_wconf 82' lang='lat' dir='ltr'>abortivi</span> <span class='ocrx_word' id='word_1_3' title='bbox 620 311 735 382; x_wconf 87' lang='lat' dir='ltr'>quando,</span> <span class='ocrx_word' id='word_1_4' title='bbox 755 309 888 380; x_wconf 88' lang='lat' dir='ltr'>quomodo</span> <span class='ocrx_word' id='word_1_5' title='bbox 906 307 1070 379; x_wconf 76' lang='lat' dir='ltr'>baptizandi.</span> <span class='ocrx_word' id='word_1_6' title='bbox 1338 310 1378 374; x_wconf 82' lang='lat'>57</span> 
     </span>
    </p>
   </div>
   <div class='ocr_carea' id='block_1_2' title="bbox 57 486 1384 1004">
    <p class='ocr_par' dir='ltr' id='par_1_2' title="bbox 57 486 1384 1004">
     <span class='ocr_line' id='line_1_2' title="bbox 147 486 1381 574; baseline -0.002 -21"><span class='ocrx_word' id='word_1_7' title='bbox 147 488 187 554; x_wconf 88' lang='lat' dir='ltr'>R.</span> <span class='ocrx_word' id='word_1_8' title='bbox 213 492 243 558; x_wconf 87' lang='lat'>2.</span> <span class='ocrx_word' id='word_1_9' title='bbox 290 490 392 557; x_wconf 88' lang='lat' dir='ltr'>Recte</span> <span class='ocrx_word' id='word_1_10' title='bbox 421 491 520 558; x_wconf 90' lang='lat' dir='ltr'>etiam</span> <span class='ocrx_word' id='word_1_11' title='bbox 544 491 613 574; x_wconf 85' lang='lat' dir='ltr'>egit</span> <span class='ocrx_word' id='word_1_12' title='bbox 635 491 780 557; x_wconf 87' lang='lat' dir='ltr'>medicus</span> <span class='ocrx_word' id='word_1_13' title='bbox 803 490 921 555; x_wconf 82' lang='lat' dir='ltr'>cedens</span> <span class='ocrx_word' id='word_1_14' title='bbox 945 487 1077 555; x_wconf 89' lang='lat' dir='ltr'>monitis</span> <span class='ocrx_word' id='word_1_15' title='bbox 1100 486 1250 572; x_wconf 90' lang='lat' dir='ltr'>parocbi;</span> <span class='ocrx_word' id='word_1_16' title='bbox 1285 505 1381 570; x_wconf 90' lang='lat' dir='ltr'>prae·</span> 
     </span>
     <span class='ocr_line' id='line_1_3' title="bbox 57 576 1381 665; baseline 0.001 -26"><span class='ocrx_word' id='word_1_17' title='bbox 57 596 190 643; x_wconf 87' lang='lat' dir='ltr'>sumere</span> <span class='ocrx_word' id='word_1_18' title='bbox 213 578 298 644; x_wconf 89' lang='lat' dir='ltr'>euim</span> <span class='ocrx_word' id='word_1_19' title='bbox 323 581 430 665; x_wconf 87' lang='lat' dir='ltr'>potuit</span> <span class='ocrx_word' id='word_1_20' title='bbox 453 585 487 647; x_wconf 89' lang='lat' dir='ltr'>et</span> <span class='ocrx_word' id='word_1_21' title='bbox 515 581 626 646; x_wconf 85' lang='lat' dir='ltr'>debuit</span> <span class='ocrx_word' id='word_1_22' title='bbox 650 601 842 645; x_wconf 87' lang='lat' dir='ltr'>consensum</span> <span class='ocrx_word' id='word_1_23' title='bbox 865 578 975 644; x_wconf 87' lang='lat' dir='ltr'>mariti</span> <span class='ocrx_word' id='word_1_24' title='bbox 999 597 1094 660; x_wconf 91' lang='lat' dir='ltr'>quem</span> <span class='ocrx_word' id='word_1_25' title='bbox 1118 576 1170 641; x_wconf 88' lang='lat' dir='ltr'>hic</span> <span class='ocrx_word' id='word_1_26' title='bbox 1192 577 1262 642; x_wconf 89' lang='lat' dir='ltr'>iure</span> <span class='ocrx_word' id='word_1_27' title='bbox 1285 579 1381 642; x_wconf 91' lang='lat' dir='ltr'>natu-</span> 
     </span>
     <span class='ocr_line' id='line_1_4' title="bbox 58 665 1383 749; baseline -0.002 -19"><span class='ocrx_word' id='word_1_28' title='bbox 58 665 120 730; x_wconf 85' lang='lat' dir='ltr'>rali</span> <span class='ocrx_word' id='word_1_29' title='bbox 145 670 181 732; x_wconf 89' lang='lat' dir='ltr'>et</span> <span class='ocrx_word' id='word_1_30' title='bbox 204 667 314 733; x_wconf 89' lang='lat' dir='ltr'>divino</span> <span class='ocrx_word' id='word_1_31' title='bbox 337 669 415 735; x_wconf 89' lang='lat' dir='ltr'>dare</span> <span class='ocrx_word' id='word_1_32' title='bbox 438 671 622 737; x_wconf 89' lang='lat' dir='ltr'>tenebatur.</span> <span class='ocrx_word' id='word_1_33' title='bbox 671 670 704 735; x_wconf 87' lang='lat' dir='ltr'>si</span> <span class='ocrx_word' id='word_1_34' title='bbox 727 689 806 734; x_wconf 89' lang='lat' dir='ltr'>vcro</span> <span class='ocrx_word' id='word_1_35' title='bbox 836 667 1015 733; x_wconf 89' lang='lat' dir='ltr'>secundum</span> <span class='ocrx_word' id='word_1_36' title='bbox 1038 666 1145 749; x_wconf 87' lang='lat' dir='ltr'>legem</span> <span class='ocrx_word' id='word_1_37' title='bbox 1168 666 1383 749; x_wconf 66' lang='lat' dir='ltr'><strong>magistratus</strong></span> 
     </span>
     <span class='ocr_line' id='line_1_5' title="bbox 58 755 1383 840; baseline -0.001 -22"><span class='ocrx_word' id='word_1_38' title='bbox 58 766 239 821; x_wconf 78' lang='lat' dir='ltr'>consensus</span> <span class='ocrx_word' id='word_1_39' title='bbox 261 758 503 840; x_wconf 81' lang='lat' dir='ltr'>requirebatur,</span> <span class='ocrx_word' id='word_1_40' title='bbox 537 759 721 824; x_wconf 90' lang='lat' dir='ltr'>consultum</span> <span class='ocrx_word' id='word_1_41' title='bbox 745 761 818 824; x_wconf 88' lang='lat' dir='ltr'>erat</span> <span class='ocrx_word' id='word_1_42' title='bbox 840 757 918 823; x_wconf 91' lang='lat' dir='ltr'>illuc</span> <span class='ocrx_word' id='word_1_43' title='bbox 940 756 1088 834; x_wconf 87' lang='lat' dir='ltr'>mittere;</span> <span class='ocrx_word' id='word_1_44' title='bbox 1121 755 1179 820; x_wconf 91' lang='lat' dir='ltr'>sed</span> <span class='ocrx_word' id='word_1_45' title='bbox 1202 756 1230 821; x_wconf 91' lang='lat' dir='ltr'>si</span> <span class='ocrx_word' id='word_1_46' title='bbox 1253 759 1383 838; x_wconf 84' lang='lat' dir='ltr'>tempus</span> 
     </span>
     <span class='ocr_line' id='line_1_6' title="bbox 59 843 1384 933; baseline 0 -26"><span class='ocrx_word' id='word_1_47' title='bbox 59 843 142 909; x_wconf 86' lang='lat' dir='ltr'>utile</span> <span class='ocrx_word' id='word_1_48' title='bbox 165 865 239 910; x_wconf 86' lang='lat' dir='ltr'>earn</span> <span class='ocrx_word' id='word_1_49' title='bbox 263 846 450 913; x_wconf 87' lang='lat' dir='ltr'>dilationem</span> <span class='ocrx_word' id='word_1_50' title='bbox 467 848 746 933; x_wconf 81' lang='lat' dir='ltr'>conpatiebatur,</span> <span class='ocrx_word' id='word_1_51' title='bbox 770 851 861 912; x_wconf 89' lang='lat' dir='ltr'>recte</span> <span class='ocrx_word' id='word_1_52' title='bbox 877 850 987 912; x_wconf 88' lang='lat' dir='ltr'>actum</span> <span class='ocrx_word' id='word_1_53' title='bbox 1012 850 1063 912; x_wconf 89' lang='lat' dir='ltr'>est</span> <span class='ocrx_word' id='word_1_54' title='bbox 1079 866 1271 912; x_wconf 87' lang='lat' dir='ltr'>consensum</span> <span class='ocrx_word' id='word_1_55' title='bbox 1288 864 1384 928; x_wconf 87' lang='lat' dir='ltr'>prae·</span> 
     </span>
     <span class='ocr_line' id='line_1_7' title="bbox 59 934 948 1004; baseline 0.008 -8"><span class='ocrx_word' id='word_1_56' title='bbox 59 934 218 999; x_wconf 85' lang='lat' dir='ltr'>sumendo</span> <span class='ocrx_word' id='word_1_57' title='bbox 242 935 296 1000; x_wconf 87' lang='lat' dir='ltr'>vel</span> <span class='ocrx_word' id='word_1_58' title='bbox 319 937 389 1002; x_wconf 89' lang='lat' dir='ltr'>sine</span> <span class='ocrx_word' id='word_1_59' title='bbox 412 959 571 1003; x_wconf 90' lang='lat' dir='ltr'>consensu</span> <span class='ocrx_word' id='word_1_60' title='bbox 594 942 764 1004; x_wconf 89' lang='lat' dir='ltr'>tentamen</span> <span class='ocrx_word' id='word_1_61' title='bbox 787 936 948 1003; x_wconf 79' lang='lat' dir='ltr'>faciende.</span> 
     </span>
    </p>
   </div>
   <div class='ocr_carea' id='block_1_3' title="bbox 59 1039 1386 1218">
    <p class='ocr_par' dir='ltr' id='par_1_3' title="bbox 59 1039 1386 1218">
     <span class='ocr_line' id='line_1_8' title="bbox 151 1039 1384 1126; baseline -0.001 -22"><span class='ocrx_word' id='word_1_62' title='bbox 151 1040 190 1107; x_wconf 85' lang='lat' dir='ltr'>R.</span> <span class='ocrx_word' id='word_1_63' title='bbox 216 1043 246 1106; x_wconf 89' lang='lat'>3.</span> <span class='ocrx_word' id='word_1_64' title='bbox 278 1041 381 1109; x_wconf 81' lang='lat' dir='ltr'>Recte</span> <span class='ocrx_word' id='word_1_65' title='bbox 405 1044 533 1125; x_wconf 90' lang='lat' dir='ltr'>quidem</span> <span class='ocrx_word' id='word_1_66' title='bbox 556 1045 626 1126; x_wconf 83' lang='lat' dir='ltr'>egit</span> <span class='ocrx_word' id='word_1_67' title='bbox 649 1044 792 1110; x_wconf 88' lang='lat' dir='ltr'>medicus</span> <span class='ocrx_word' id='word_1_68' title='bbox 808 1043 933 1110; x_wconf 81' lang='lat' dir='ltr'>foetum</span> <span class='ocrx_word' id='word_1_69' title='bbox 956 1041 1181 1108; x_wconf 88' lang='lat' dir='ltr'>condicionate</span> <span class='ocrx_word' id='word_1_70' title='bbox 1204 1039 1384 1124; x_wconf 85' lang='lat' dir='ltr'>baptizans,</span> 
     </span>
     <span class='ocr_line' id='line_1_9' title="bbox 59 1128 1386 1218; baseline 0.002 -26"><span class='ocrx_word' id='word_1_71' title='bbox 59 1128 116 1194; x_wconf 87' lang='lat' dir='ltr'>sed</span> <span class='ocrx_word' id='word_1_72' title='bbox 141 1133 235 1196; x_wconf 83' lang='lat' dir='ltr'>recte</span> <span class='ocrx_word' id='word_1_73' title='bbox 264 1151 329 1196; x_wconf 89' lang='lat' dir='ltr'>non</span> <span class='ocrx_word' id='word_1_74' title='bbox 361 1133 430 1214; x_wconf 84' lang='lat' dir='ltr'>egit</span> <span class='ocrx_word' id='word_1_75' title='bbox 459 1133 631 1218; x_wconf 86' lang='lat' dir='ltr'>baptizans</span> <span class='ocrx_word' id='word_1_76' title='bbox 660 1155 718 1200; x_wconf 89' lang='lat' dir='ltr'>seu</span> <span class='ocrx_word' id='word_1_77' title='bbox 748 1154 868 1216; x_wconf 81' lang='lat' dir='ltr'>aquam</span> <span class='ocrx_word' id='word_1_78' title='bbox 891 1133 1065 1199; x_wconf 81' lang='lat' dir='ltr'>infundens</span> <span class='ocrx_word' id='word_1_79' title='bbox 1093 1131 1128 1197; x_wconf 91' lang='lat' dir='ltr'>in</span> <span class='ocrx_word' id='word_1_80' title='bbox 1157 1131 1261 1196; x_wconf 90' lang='lat' dir='ltr'>solam</span> <span class='ocrx_word' id='word_1_81' title='bbox 1284 1149 1386 1194; x_wconf 87' lang='lat' dir='ltr'>mem·</span> 
     </span>
    </p>
   </div>
   <div class='ocr_carea' id='block_1_4' title="bbox 59 1218 1387 1394">
    <p class='ocr_par' dir='ltr' id='par_1_4' title="bbox 59 1218 1387 1394">
     <span class='ocr_line' id='line_1_10' title="bbox 60 1218 1387 1308; baseline 0.002 -28"><span class='ocrx_word' id='word_1_82' title='bbox 60 1218 218 1284; x_wconf 81' lang='lat' dir='ltr'>branam:</span> <span class='ocrx_word' id='word_1_83' title='bbox 248 1221 468 1287; x_wconf 88' lang='lat' dir='ltr'>necessarium</span> <span class='ocrx_word' id='word_1_84' title='bbox 490 1223 588 1308; x_wconf 83' lang='lat' dir='ltr'>plane</span> <span class='ocrx_word' id='word_1_85' title='bbox 611 1223 675 1290; x_wconf 83' lang='lat' dir='ltr'>fuit</span> <span class='ocrx_word' id='word_1_86' title='bbox 704 1228 780 1308; x_wconf 89' lang='lat' dir='ltr'>post</span> <span class='ocrx_word' id='word_1_87' title='bbox 802 1227 953 1308; x_wconf 87' lang='lat' dir='ltr'>apertum</span> <span class='ocrx_word' id='word_1_88' title='bbox 983 1243 1079 1287; x_wconf 91' lang='lat' dir='ltr'>ovum</span> <span class='ocrx_word' id='word_1_89' title='bbox 1111 1221 1171 1286; x_wconf 90' lang='lat' dir='ltr'>sub</span> <span class='ocrx_word' id='word_1_90' title='bbox 1198 1218 1387 1285; x_wconf 87' lang='lat' dir='ltr'>condicione</span> 
     </span>
     <span class='ocr_line' id='line_1_11' title="bbox 59 1307 440 1394; baseline 0.016 -22"><span class='ocrx_word' id='word_1_91' title='bbox 59 1307 259 1391; x_wconf 86' lang='lat' dir='ltr'>baptismum</span> <span class='ocrx_word' id='word_1_92' title='bbox 282 1314 440 1394; x_wconf 87' lang='lat' dir='ltr'>repetere.</span> 
     </span>
    </p>
   </div>
   <div class='ocr_carea' id='block_1_5' title="bbox 60 1413 1390 2034">
    <p class='ocr_par' dir='ltr' id='par_1_5' title="bbox 60 1413 1389 1682">
     <span class='ocr_line' id='line_1_12' title="bbox 150 1413 1386 1504; baseline -0.002 -24"><span class='ocrx_word' id='word_1_93' title='bbox 150 1415 191 1481; x_wconf 89' lang='lat' dir='ltr'>R.</span> <span class='ocrx_word' id='word_1_94' title='bbox 216 1417 247 1481; x_wconf 88' lang='grc'>4.</span> <span class='ocrx_word' id='word_1_95' title='bbox 293 1415 441 1485; x_wconf 79' lang='lat' dir='ltr'>Pessime</span> <span class='ocrx_word' id='word_1_96' title='bbox 470 1418 540 1502; x_wconf 80' lang='lat' dir='ltr'>egit</span> <span class='ocrx_word' id='word_1_97' title='bbox 562 1419 700 1486; x_wconf 89' lang='lat' dir='ltr'>maritus</span> <span class='ocrx_word' id='word_1_98' title='bbox 724 1419 915 1504; x_wconf 80' lang='lat' dir='ltr'>vituperans</span> <span class='ocrx_word' id='word_1_99' title='bbox 938 1419 1116 1504; x_wconf 84' lang='lat' dir='ltr'>parochum</span> <span class='ocrx_word' id='word_1_100' title='bbox 1139 1416 1193 1482; x_wconf 89' lang='lat' dir='ltr'>vel</span> <span class='ocrx_word' id='word_1_101' title='bbox 1216 1413 1386 1489; x_wconf 89' lang='lat' dir='ltr'>medicum,</span> 
     </span>
     <span class='ocr_line' id='line_1_13' title="bbox 60 1501 1388 1592; baseline -0.002 -23"><span class='ocrx_word' id='word_1_102' title='bbox 60 1503 138 1586; x_wconf 85' lang='lat' dir='ltr'>quia</span> <span class='ocrx_word' id='word_1_103' title='bbox 161 1508 300 1588; x_wconf 87' lang='lat' dir='ltr'>uterque</span> <span class='ocrx_word' id='word_1_104' title='bbox 323 1512 441 1589; x_wconf 84' lang='lat' dir='ltr'>egerat</span> <span class='ocrx_word' id='word_1_105' title='bbox 463 1508 548 1590; x_wconf 87' lang='lat' dir='ltr'>quod</span> <span class='ocrx_word' id='word_1_106' title='bbox 572 1528 672 1591; x_wconf 82' lang='lat' dir='ltr'>agere</span> <span class='ocrx_word' id='word_1_107' title='bbox 694 1509 824 1585; x_wconf 87' lang='lat' dir='ltr'>debuit;</span> <span class='ocrx_word' id='word_1_108' title='bbox 849 1530 954 1592; x_wconf 89' lang='lat' dir='ltr'>neque</span> <span class='ocrx_word' id='word_1_109' title='bbox 973 1509 1014 1574; x_wconf 91' lang='lat' dir='ltr'>de</span> <span class='ocrx_word' id='word_1_110' title='bbox 1037 1507 1161 1574; x_wconf 84' lang='lat' dir='ltr'>violato</span> <span class='ocrx_word' id='word_1_111' title='bbox 1184 1505 1254 1569; x_wconf 89' lang='lat' dir='ltr'>iure</span> <span class='ocrx_word' id='word_1_112' title='bbox 1277 1501 1388 1569; x_wconf 90' lang='lat' dir='ltr'>mariti</span> 
     </span>
     <span class='ocr_line' id='line_1_14' title="bbox 63 1595 1389 1682; baseline -0.001 -24"><span class='ocrx_word' id='word_1_113' title='bbox 63 1614 173 1660; x_wconf 87' lang='lat' dir='ltr'>sermo</span> <span class='ocrx_word' id='word_1_114' title='bbox 197 1615 270 1660; x_wconf 86' lang='lat' dir='ltr'>esse</span> <span class='ocrx_word' id='word_1_115' title='bbox 285 1598 406 1678; x_wconf 88' lang='lat' dir='ltr'>potest,</span> <span class='ocrx_word' id='word_1_116' title='bbox 430 1597 484 1662; x_wconf 91' lang='lat' dir='ltr'>ubi</span> <span class='ocrx_word' id='word_1_117' title='bbox 502 1596 612 1680; x_wconf 86' lang='lat' dir='ltr'>agitur</span> <span class='ocrx_word' id='word_1_118' title='bbox 627 1599 668 1664; x_wconf 89' lang='lat' dir='ltr'>de</span> <span class='ocrx_word' id='word_1_119' title='bbox 683 1599 844 1665; x_wconf 85' lang='lat' dir='ltr'>servando</span> <span class='ocrx_word' id='word_1_120' title='bbox 863 1598 933 1664; x_wconf 90' lang='lat' dir='ltr'>iure</span> <span class='ocrx_word' id='word_1_121' title='bbox 949 1619 1101 1682; x_wconf 89' lang='lat' dir='ltr'>supremo</span> <span class='ocrx_word' id='word_1_122' title='bbox 1118 1595 1208 1662; x_wconf 90' lang='lat' dir='ltr'>vitae</span> <span class='ocrx_word' id='word_1_123' title='bbox 1223 1597 1389 1660; x_wconf 88' lang='lat' dir='ltr'>aeternae.</span> 
     </span>
    </p>

    <p class='ocr_par' dir='ltr' id='par_1_6' title="bbox 60 1681 1390 2034">
     <span class='ocr_line' id='line_1_15' title="bbox 95 1681 1390 1772; baseline -0.003 -23"><span class='ocrx_word' id='word_1_124' title='bbox 95 1715 99 1722; x_wconf 83' lang='lat'>·</span> <span class='ocrx_word' id='word_1_125' title='bbox 149 1682 313 1750; x_wconf 83' lang='lat' dir='ltr'>Attamen</span> <span class='ocrx_word' id='word_1_126' title='bbox 350 1685 378 1750; x_wconf 88' lang='lat' dir='ltr'>si</span> <span class='ocrx_word' id='word_1_127' title='bbox 413 1685 551 1752; x_wconf 82' lang='lat' dir='ltr'>maritus</span> <span class='ocrx_word' id='word_1_128' title='bbox 589 1708 744 1770; x_wconf 84' lang='lat' dir='ltr'>praesens</span> <span class='ocrx_word' id='word_1_129' title='bbox 781 1687 959 1754; x_wconf 79' lang='lat' dir='ltr'>sectionem</span> <span class='ocrx_word' id='word_1_130' title='bbox 996 1686 1155 1772; x_wconf 89' lang='lat' dir='ltr'>impediat</span> <span class='ocrx_word' id='word_1_131' title='bbox 1192 1704 1298 1766; x_wconf 88' lang='lat' dir='ltr'>neque</span> <span class='ocrx_word' id='word_1_132' title='bbox 1334 1681 1390 1747; x_wconf 86' lang='lat' dir='ltr'>lex</span> 
     </span>
     <span class='ocr_line' id='line_1_16' title="bbox 62 1773 1389 1862; baseline -0.001 -25"><span class='ocrx_word' id='word_1_133' title='bbox 62 1773 223 1854; x_wconf 88' lang='lat' dir='ltr'>praebeat</span> <span class='ocrx_word' id='word_1_134' title='bbox 253 1794 421 1840; x_wconf 86' lang='lat' dir='ltr'>recursum</span> <span class='ocrx_word' id='word_1_135' title='bbox 452 1775 494 1841; x_wconf 92' lang='lat' dir='ltr'>ad</span> <span class='ocrx_word' id='word_1_136' title='bbox 523 1775 755 1857; x_wconf 83' lang='lat' dir='ltr'>magistratum</span> <span class='ocrx_word' id='word_1_137' title='bbox 786 1780 902 1844; x_wconf 86' lang='lat' dir='ltr'>contra</span> <span class='ocrx_word' id='word_1_138' title='bbox 930 1777 1063 1862; x_wconf 79' lang='lat' dir='ltr'>impiam</span> <span class='ocrx_word' id='word_1_139' title='bbox 1087 1775 1151 1842; x_wconf 88' lang='lat' dir='ltr'>viri</span> <span class='ocrx_word' id='word_1_140' title='bbox 1174 1774 1389 1846; x_wconf 89' lang='lat' dir='ltr'>voluntatem,</span> 
     </span>
     <span class='ocr_line' id='line_1_17' title="bbox 61 1861 1390 1951; baseline -0.001 -26"><span class='ocrx_word' id='word_1_141' title='bbox 61 1883 166 1944; x_wconf 89' lang='lat' dir='ltr'>neque</span> <span class='ocrx_word' id='word_1_142' title='bbox 189 1862 337 1929; x_wconf 86' lang='lat' dir='ltr'>medicus</span> <span class='ocrx_word' id='word_1_143' title='bbox 360 1884 466 1947; x_wconf 87' lang='lat' dir='ltr'>neque</span> <span class='ocrx_word' id='word_1_144' title='bbox 484 1864 647 1949; x_wconf 79' lang='lat' dir='ltr'>parochus</span> <span class='ocrx_word' id='word_1_145' title='bbox 670 1865 756 1932; x_wconf 85' lang='lat' dir='ltr'>aliud</span> <span class='ocrx_word' id='word_1_146' title='bbox 780 1887 879 1950; x_wconf 83' lang='lat' dir='ltr'>agere</span> <span class='ocrx_word' id='word_1_147' title='bbox 902 1872 1013 1951; x_wconf 87' lang='lat' dir='ltr'>potest</span> <span class='ocrx_word' id='word_1_148' title='bbox 1035 1865 1098 1932; x_wconf 85' lang='lat' dir='ltr'>nisi</span> <span class='ocrx_word' id='word_1_149' title='bbox 1121 1863 1246 1931; x_wconf 85' lang='lat' dir='ltr'>monita</span> <span class='ocrx_word' id='word_1_150' title='bbox 1269 1861 1390 1928; x_wconf 86' lang='lat' dir='ltr'>addere</span> 
     </span>
     <span class='ocr_line' id='line_1_18' title="bbox 60 1952 554 2034; baseline 0.006 -18"><span class='ocrx_word' id='word_1_151' title='bbox 60 1952 198 2034; x_wconf 86' lang='lat' dir='ltr'>Decque</span> <span class='ocrx_word' id='word_1_152' title='bbox 221 1972 293 2018; x_wconf 88' lang='lat' dir='ltr'>rem</span> <span class='ocrx_word' id='word_1_153' title='bbox 317 1953 554 2020; x_wconf 85' lang='lat' dir='ltr'>commendare.</span> 
     </span>
    </p>
   </div>
   <div class='ocr_carea' id='block_1_6' title="bbox 0 0 1543 5174">
    <p class='ocr_par' dir='ltr' id='par_1_7' title="bbox 0 0 1543 5174">
     <span class='ocr_line' id='line_1_19' title="bbox 0 0 1543 5174; baseline 0 0"><span class='ocrx_word' id='word_1_154' title='bbox 0 0 1543 5174; x_wconf 95' lang='lat' dir='ltr'> </span> 
     </span>
    </p>
   </div>
  </div>
 </body>
</html>
