3044 5174
153 285 196 349 42
622 280 664 334 De
681 283 852 335 saommento
870 279 1006 351 baptismi.

152 457 251 517 inians
281 461 439 516 neo-natus
473 455 550 516 domi
576 455 760 535 baptizetur,
793 457 921 516 maxime
952 462 1086 533 tempore
1113 456 1233 517 hiemali
1260 478 1319 535 quo
1346 459 1476 520 infantes

152 537 280 612 longiori
301 536 401 596 itineri
422 542 453 596 et
472 537 577 612 frigori
597 556 746 613 exponere
767 556 827 597 non
848 537 966 608 audent,
988 542 1021 596 at
1040 557 1136 615 neque
1157 539 1280 616 cupiunt
1299 559 1354 617 per
1367 540 1477 617 aliquot

152 617 352 678 hebdomadas
373 618 552 694 baptismum
581 617 701 677 differri.
741 617 883 677 Attamen
905 617 1055 695 Repertus
1082 619 1161 678 huno
1188 621 1314 679 abusum
1341 639 1411 680 esse
1431 621 1476 681 de

153 699 248 756 clarat
275 703 307 757 et
332 716 398 756 cum
419 696 580 758 offensione
601 697 758 758 multorum
779 697 1026 776 parochianorum
1053 705 1145 774 negat
1171 719 1205 759 se
1226 719 1364 777 umquam
1385 702 1476 780 bapti·

153 778 241 838 zandi
262 797 353 837 causa
374 779 405 837 in
426 778 542 837 domum
563 778 711 856 privatam
731 783 888 837 venturum
909 797 984 838 esse.

153 900 330 971 bonnm
351 903 381 961 1ο
401 901 451 977 qui
471 901 512 961 sit
532 902 615 962 locus
636 901 686 961 ubi
706 901 871 979 baptismus
893 901 933 961 sit
953 901 1157 962 conferendus.

349 1000 380 1058 2ο
400 999 469 1076 quid
491 1000 527 1059 de
547 998 761 1059 consuetudine
787 999 839 1058 illa
870 999 991 1076 eiusque
1012 1000 1205 1076 abrogatione
1226 1020 1293 1060 cum
1315 1003 1476 1064 offensione

399 1080 480 1140 facta
501 1079 541 1140 eit
561 1079 756 1139 iudicandum.

745 1280 882 1348 Solutio.

109 1435 144 1490 67
241 1422 294 1487 An
318 1442 508 1499 ouunsmuu
536 1425 572 1487 lm
594 1423 634 1489 R.
654 1424 670 1486 1
696 1443 770 1488 cum
784 1421 911 1488 Rituali
933 1421 1097 1488 Romano:
1127 1422 1299 1507 „Proprius
1323 1423 1476 1510 baptismi

153 1511 403 1578 administrandi
426 1511 517 1577 locus
533 1515 585 1578 est
607 1510 745 1577 ecclesia
766 1510 801 1576 in
824 1511 951 1594 quasit
973 1511 1048 1577 fons
1070 1512 1286 1596 baptismalis,
1310 1513 1364 1580 vel
1389 1517 1475 1581 certe

152 1599 381 1685 baptisterium
403 1620 505 1685 prope
528 1598 726 1667 ecclesiam.“
776 1601 827 1666 De
850 1601 934 1685 bapt.
959 1601 1010 1668 tit.
1034 1601 1075 1680 Π,
1099 1623 1131 1670 ιι.
1157 1603 1209 1670 28.

240 1708 279 1774 R.
305 1710 325 1772 2
349 1728 422 1773 cum
446 1707 560 1772 eodem
583 1706 723 1773 Rituali:
759 1706 986 1785 „Necessitate
1009 1712 1150 1792 excepta
1172 1708 1207 1774 in
1234 1708 1377 1793 privatis
1399 1709 1475 1775 locis

151 1817 247 1863 nemo
269 1796 431 1881 baptizari
453 1796 561 1874 debet,
584 1795 647 1862 nisi
670 1797 756 1862 forte
777 1796 844 1863 sint
866 1817 981 1880 regum
998 1800 1056 1864 aut
1078 1819 1270 1882 magnorum
1295 1798 1475 1884 principum

152 1885 225 1964 filii,
255 1885 290 1951 id
319 1884 399 1970 ipsis
425 1885 475 1953 ita
504 1885 771 1970 deposcentibus,
803 1886 976 1952 dummodo
998 1885 1032 1951 id
1062 1886 1121 1953 fiat
1150 1885 1319 1953 incorum
1343 1887 1475 1972 capellis

151 1995 210 2129 spu
223 1974 400 2129 ipram}
409 1973 499 2129 et68in
523 1996 609 2059 aqua
632 1974 820 2060 baptismali
844 1976 997 2042 demere
1020 1976 1222 2044 benedicta.“
1259 1976 1341 2044 Ibid.
1365 1999 1398 2045 n
1419 1979 1474 2054 29;

152 2086 193 2131 c.
272 2086 343 2131 .m.
401 2113 409 2143 ,
480 2115 487 2129 .

238 2170 279 2237 R.
305 2173 335 2237 3.
381 2171 419 2236 In
442 2169 605 2253 baptismo
629 2174 740 2238 autem
764 2170 1009 2249 condicionem,
1039 2171 1166 2238 scilicet
1193 2171 1226 2237 in
1249 2171 1474 2239 condicionata
1516 2146 1518 2175 ⁵

151 2259 305 2344 baptismi
321 2280 380 2344 pro
396 2258 574 2326 securitate
582 2259 780 2344 *repetitione
792 2261 946 2327 convenit
962 2260 1092 2343 quidem
1106 2282 1214 2346 perse
1229 2261 1315 2327 idem
1327 2282 1473 2338 servarer
1515 2298 1518 2349 i

150 2370 266 2414 verum
281 2348 310 2413 si
333 2355 501 2416 causaest
525 2369 608 2431 quae
632 2349 730 2417 aliter
745 2349 893 2429 suadeat,
918 2349 1055 2432 quilibet
1071 2349 1164 2416 locus
1186 2350 1344 2417 honestus
1368 2353 1473 2436 potest
1516 2364 1518 2433 ξ

152 2438 239 2521 eligi.
290 2437 346 2506 lb.
369 2461 411 2504 m.
436 2438 478 2516 Π,
503 2439 556 2505 66.

108 2580 142 2634 68
241 2571 293 2636 An
316 2590 508 2647 ouansrruu
532 2572 571 2634 2¹²
594 2569 633 2637 R.
661 2572 688 2636 1.
729 2570 763 2636 Si
786 2592 947 2636 summum
969 2570 1021 2637 ius
1044 2575 1241 2656 spectemus,
1265 2593 1344 2638 usus
1368 2572 1424 2639 ille
1444 2572 1474 2638 iu

151 2680 229 2726 casu
258 2659 421 2726 indicatus
452 2660 573 2724 abusus
603 2658 733 2741 quidem
756 2664 816 2727 est.
863 2661 1021 2727 Attamen
1049 2660 1078 2725 si
1107 2682 1144 2726 re
1173 2661 1246 2747 ipsa
1269 2665 1322 2728 est
1344 2666 1474 2729 vetusta
1515 2678 1518 2717 ῑ

150 2750 368 2828 consuetudo,
399 2751 453 2815 lex
482 2769 548 2814 non
576 2748 626 2814 ita
647 2753 745 2832 urget
774 2754 812 2815 ut
841 2770 913 2814 cum
940 2750 1119 2815 offensione
1142 2753 1176 2816 et
1206 2751 1362 2817 scandalo
1393 2751 1473 2817 illico
1514 2776 1517 2795 ·

150 2839 351 2905 consuetudo
380 2838 439 2905 illa
469 2837 599 2922 penitus
629 2838 782 2921 abrogari
813 2838 940 2905 debeat.
988 2838 1117 2906 Sufficit
1146 2842 1184 2905 ut
1213 2844 1310 2907 caute
1340 2845 1376 2907 et
1406 2861 1472 2906 cum

133 2928 324 3014 ¹prudentia
348 2927 401 2994 via
425 2928 651 3011 complanetur
680 2949 745 3010 qua
768 2949 847 2993 usus
876 2928 931 2993 ille
954 2928 989 2993 in
1019 2929 1265 2995 desuetudinem
1288 2931 1405 3008 abeat;
1435 2929 1472 2995 cd
1513 2970 1518 3001 ε

149 3022 279 3103 tempus
302 3016 389 3082 enim
419 3016 542 3099 aliquid
570 3016 633 3082 hac
663 3015 696 3081 iu
726 3037 762 3082 re
792 3016 927 3082 tolerari
958 3021 1078 3101 potest.
1123 3018 1171 3086 Of.
1199 3019 1342 3085 Concilio
1374 3042 1472 3086 receu-
1511 3028 1517 3101 Ι

149 3110 232 3173 tiore
268 3108 366 3193 Prup.
404 3115 431 3172 ct
467 3107 577 3172 Viam.
614 3108 650 3171 in
689 3106 808 3172 Collect.
844 3107 983 3172 Luceres-i
1019 3107 1066 3183 V,
1105 3110 1178 3174 161.
1218 3109 1302 3185 596;
1343 3109 1401 3175 Tb.
1435 3130 1471 3173 ru.

239 3303 278 3369 R.
295 3305 326 3368 2.
361 3301 396 3368 Si
411 3323 448 3368 re
464 3322 544 3367 vera
565 3305 701 3385 propter
723 3300 829 3382 fn'gus
853 3301 1033 3385 periculum
1047 3305 1180 3368 creatur
1201 3300 1385 3370 infantibus
1401 3323 1465 3370 neo

149 3391 253 3469 uatis,
288 3396 439 3476 praestat
471 3388 620 3455 conferre
650 3389 737 3455 domi
770 3390 967 3474 baptismum
998 3391 1164 3476 privatum
1196 3412 1256 3476 per
1288 3393 1469 3476 pamelium,

150 3481 277 3546 omissis
300 3479 506 3546 caerimoniis
528 3480 646 3545 saltem
677 3479 874 3564 baptismum
897 3481 1185 3564 praecedentibus,
1216 3501 1339 3564 easque
1363 3485 1471 3568 postes

148 3569 184 3634 in
207 3569 343 3637 ecelesia
366 3570 528 3654 supplere.
575 3568 622 3636 cf.
647 3570 744 3637 lustr.
763 3577 888 3654 pastor.
912 3570 1117 3655 Ryatettenaic
1141 3591 1169 3637 c.
1195 3572 1224 3649 1,
1249 3569 1267 3652 ὅ
1294 3573 1323 3637 1.
1510 3574 1514 3585 ’

1510 3624 1518 3683 l

291 3778 645 3846 CONDICIONA'I'US
668 3777 914 3846 BAPTISMUS
938 3779 994 3844 ET
1018 3779 1336 3848 CAERIMONIAE.
1508 3732 1515 3834 i

712 3944 822 4011 casus.
841 3953 899 4022 (ιο)

240 4084 342 4144 Rocho
370 4084 557 4144 missionario
587 4086 753 4161 complures
784 4086 947 4144 offeruntur
976 4087 1031 4143 sub
1062 4085 1234 4145 condicione
1255 4086 1473 4164 rebaptizandi:
1515 4126 1518 4149 2

154 4167 182 4238 1)
203 4165 334 4224 infantes
356 4166 393 4224 ab
414 4166 574 4225 obstetrice
597 4165 682 4225 dubie
704 4165 863 4242 baptizati3
893 4166 923 4239 2)
945 4165 1035 4224 etiam
1055 4165 1180 4224 viriam
1203 4169 1240 4225 30
1263 4185 1359 4227 annos
1390 4172 1475 4227 natus

153 4264 237 4320 quem
258 4248 295 4304 ab
317 4245 427 4304 ancilla
448 4246 535 4304 valde
556 4246 643 4304 dubie
663 4246 847 4321 baptizatum
867 4265 933 4304 esse
955 4264 1033 4303 nuno
1054 4251 1201 4320 repertum
1224 4251 1285 4317 est;
1308 4249 1339 4319 3)
1362 4247 1475 4308 iuvenis

153 4344 217 4384 cum
246 4326 432 4385 caerimoniis
455 4346 472 4384 a
500 4327 655 4384 sacerdote
683 4327 868 4401 baptizatus,
899 4325 981 4384 cuius
1009 4327 1174 4402 baptismus
1201 4333 1324 4403 propter
1351 4327 1476 4388 ministri

152 4405 334 4482 impietatem
356 4406 460 4465 dubius
483 4414 545 4478 est;
567 4407 597 4476 4)
620 4406 755 4465 conversi
771 4426 789 4464 a
803 4411 887 4465 aecta
908 4406 1124 4482 protestantica
1139 4406 1176 4463 ad
1197 4407 1282 4465 fidem
1299 4409 1477 4468 catholicam

153 4491 215 4544 tum
236 4488 319 4562 pueri
339 4493 401 4546 tum
423 4486 524 4546 adulti.
566 4486 789 4556 Missionarius‚
820 4486 866 4544 cui
896 4492 1012 4562 tempus
1033 4507 1092 4544 non
1114 4487 1260 4558 abundat,
1290 4489 1356 4547 vult
1378 4507 1477 4548 omnes

154 4565 240 4625 simul
269 4567 435 4642 baptizare,
467 4567 519 4625 sed
549 4566 753 4625 difficultatem
775 4567 865 4625 habet
886 4567 915 4624 in
939 4567 1082 4641 eligendis
1111 4567 1299 4626 caerimoniis
1327 4588 1405 4644 quae
1427 4588 1479 4648 pro

153 4646 288 4705 omnibus
310 4654 396 4723 aptae
419 4646 489 4706 sint.
