3044 5174
150 265 279 322 llinietm
297 265 397 336 paenit.
416 264 569 334 -agendi
586 264 656 319 ratio
675 281 736 319 cum
754 263 790 323 iis
808 263 855 332 qni
872 263 907 318 ad
925 262 1119 335 perfectionem
1138 262 1261 317 tendum.
1307 267 1369 331 351

37 442 144 510 etiam
168 442 423 511 extraordinarii
438 447 490 509 eet
505 463 578 508 eam
592 442 703 528 potius
718 441 956 528 reprehendere
973 441 1027 507 vel
1042 439 1144 507 etiam
1158 461 1218 524 pro
1234 439 1372 507 circum-

40 532 178 600 stantiis
201 553 371 599 accessum
394 533 574 615 denegare,
607 531 635 596 si
659 532 788 614 quando
811 531 981 596 moraliter
1005 532 1114 596 certus
1137 534 1276 596 estnon
1299 550 1373 596 esse

40 625 199 707 peceato,
222 621 281 687 sed
304 641 412 687 meros
434 621 619 705 scrupulos,
650 621 706 703 qui
729 619 888 687 novitiam
911 619 1093 702 exagitent.
1139 621 1249 702 Atque
1272 619 1372 685 etiam

41 711 278 796 superiorissa,
310 709 441 793 quando
463 709 557 776 novit
579 710 724 776 novitiae
754 708 1057 793 scrupulositatem,
1088 708 1153 775 etei
1181 729 1245 774 non
1268 709 1374 793 possit

43 800 114 866 eius
139 798 292 884 petitioni
315 799 469 875 illudere,
502 802 614 864 temen
644 803 807 865 attentum
832 798 968 863 reddere
992 802 1103 882 potest
1127 796 1373 875 confessarium,

43 890 100 972 qui
122 909 199 955 eam
223 888 367 956 nondum
389 887 529 968 noverit,
553 888 594 953 de
616 887 716 952 nimia
738 888 808 954 eius
831 888 1011 957 anxietate.

363 1080 687 1147 CONFESSARIUS
711 1079 968 1147 MONIALIUM
991 1080 1060 1164 (II).

603 1244 715 1311 Casus.
735 1251 812 1322 (180)

133 1386 237 1445 Aliam
256 1385 369 1462 reperit
389 1385 546 1445 monialem
568 1385 755 1457 Teneredus,
782 1405 859 1462 quae
880 1385 1006 1446 diuites
1027 1385 1154 1446 internis
1174 1386 1375 1447 locutionibus

45 1465 118 1540 fni,
148 1485 183 1526 ee
204 1466 329 1525 multum
349 1466 467 1542 inipso
488 1466 635 1525 confidere
655 1470 805 1556 tamquam
826 1467 857 1525 in
877 1468 970 1537 duce,
992 1486 1078 1560 quem
1099 1467 1176 1525 sciat
1197 1467 1254 1525 sibi
1275 1467 1373 1542 singu·

44 1546 99 1606 lari
121 1547 179 1606 Dei
200 1546 389 1624 providentie
410 1547 510 1606 datum
531 1565 614 1618 esee;
644 1546 726 1622 cupit
753 1547 905 1606 cotidiae
927 1548 1160 1606 communionem
1182 1566 1313 1619 sumere,
1343 1552 1376 1607 et

44 1633 164 1704 praeter
186 1626 404 1686 confessionem
424 1647 474 1686 res
495 1646 566 1686 suae
587 1592 721 1686 iriternas
748 1647 809 1686 una
830 1628 964 1687 alterave
984 1628 1051 1686 vice
1074 1628 1105 1686 iu
1127 1628 1311 1686 hebdomada
1331 1629 1373 1686 fa·

43 1707 151 1767 miliari
172 1706 304 1783 elloquio
325 1707 478 1767 Taucredo
500 1726 656 1784 exponere.
701 1707 783 1797 Quae
804 1708 902 1767 omnia
921 1709 972 1767 ille
993 1708 1120 1773 libenter
1140 1708 1293 1784 permittit

44 1820 224 1893 Quanmrnn
245 1822 276 1881 1
296 1827 415 1881 rectene
437 1822 533 1897 egerit
553 1823 732 1884 Tancredus.

246 1917 278 1977 2⁰
298 1918 440 2059 quid,tsi
467 1918 665 1997 superiorisea
692 1918 728 1979 de
749 1919 802 1979 illa
829 1920 949 1979 moniali
981 1925 1014 1979 ut
1039 1920 1160 1995 garrule
1188 1926 1218 1979 et
1245 1922 1373 1997 superba

299 2018 390 2074 quera
404 2019 447 2060 ur.

643 2181 778 2249 Salutio.

132 2325 188 2390 An
218 2341 412 2400 causemur
444 2326 481 2387 1²
511 2322 550 2389 R.
584 2324 612 2391 1.
660 2323 768 2391 Stulte
799 2324 868 2408 egit
897 2325 1087 2391 Tancredus
1117 2326 1188 2392 sine
1217 2325 1436 2393 ulterioretlt

43 2412 197 2479 examine
219 2413 301 2479 haec
324 2411 434 2478 omnia
457 2412 647 2480 concedens.
694 2413 816 2480 Debuit
845 2413 930 2480 enim
962 2415 1048 2479 serio
1071 2415 1234 2499 inquirere
1262 2418 1371 2481 utrum

44 2501 196 2569 inciderit
218 2501 252 2567 in
275 2501 429 2567 feminam
455 2499 697 2569 fraudulentam
728 2525 786 2569 seu
816 2504 1034 2589 deceptricem
1065 2526 1107 2573 an
1137 2505 1307 2589 deceptam
1338 2508 1374 2570 et

44 2589 274 2672 imaginarium
298 2610 341 2657 an
364 2591 398 2656 in
421 2591 525 2657 solide
548 2591 751 2676 spiritualem
776 2596 810 2660 et
833 2593 1103 2661 extraordinariis
1126 2593 1244 2677 gratiis
1267 2594 1373 2660 aDeo

45 2684 206 2747 ornatam.

134 2785 174 2853 u.
199 2787 229 2852 2.
275 2785 364 2851 Laus
386 2785 444 2853 illa
474 2786 535 2852 sibi
564 2786 627 2871 ipsi
657 2787 768 2854 delata
796 2788 907 2856 debuit
937 2789 1150 2855 aTancredo
1181 2789 1290 2874 potius
1313 2810 1372 2873 pro

45 2878 201 2958 suspecta
223 2875 346 2943 haberi.
393 2875 480 2942 Nam
503 2876 530 2941 si
553 2875 624 2961 ipse
647 2877 708 2942 sibi
731 2877 793 2944 hac
816 2879 849 2942 in
872 2899 909 2944 re
925 2880 1033 2962 placet
1056 2883 1090 2945 et
1113 2878 1202 2944 laudi
1225 2878 1373 2943 muliebri

45 2964 167 3043 inhiat,
198 2982 258 3048 pro
287 2965 374 3030 iusta
403 2986 509 3050 poena
532 2966 621 3031 Deus
650 2965 747 3032 facile
776 2967 967 3050 permittere
989 2971 1117 3051 potest,
1151 2973 1188 3034 ut
1216 2968 1286 3051 ipse
1317 2966 1373 3032 de·

45 3053 188 3137 cipiatur
210 3058 245 3120 et
260 3058 378 3138 postea
393 3075 466 3120 oum
482 3054 661 3137 ignominia
677 3059 816 3139 cogatur
831 3057 993 3122 recedere.
1024 3055 1141 3139 Neque
1156 3056 1211 3122 ille
1227 3055 1374 3140 pruritus

43 3142 178 3226 saepius
201 3162 273 3209 cum
297 3142 497 3209 confessario
521 3143 690 3226 loquendi,
722 3144 819 3227 idque
843 3151 939 3212 extra
963 3145 1218 3222 confessionem,
1249 3144 1373 3211 monia-

44 3232 109 3297 lem
134 3231 225 3298 illam
256 3233 473 3299 commendat.
520 3233 607 3298 Nam
637 3233 693 3314 qui
722 3255 758 3298 re
782 3255 862 3300 vera
892 3234 1172 3301 extraordinarias
1202 3233 1374 3315 gratiasa

45 3321 116 3386 Deo
132 3322 388 3388 communicatae
404 3322 535 3400 habent,
553 3343 610 3388 eas
632 3322 771 3404 quidem,
795 3327 833 3390 ut
847 3344 906 3407 per
922 3324 1161 3391 oboedientiam
1178 3324 1372 3406 dirigantur,

45 3430 118 3475 cnm
143 3410 344 3476 confessario
367 3411 421 3476 vel
445 3411 607 3477 directore
630 3411 793 3495 spirituali
817 3413 1066 3491 communicant,
1091 3435 1204 3479 verum
1228 3413 1259 3478 id
1285 3433 1373 3478 com·

44 3499 189 3565 munitor
203 3499 315 3566 ferunt
330 3500 478 3582 graviter
493 3505 592 3583 atque
609 3522 681 3566 cum
698 3502 917 3586 repugnantia
932 3502 1068 3580 faciunt,
1085 3523 1190 3585 neque
1202 3502 1373 3568 familiari—

43 3592 149 3654 tatem
164 3595 335 3671 quaerunt,
352 3590 410 3655 sed
419 3589 535 3655 ——nisi
547 3590 634 3655 forte
646 3590 715 3673 ipse
726 3590 944 3657 confessarius
956 3592 1089 3658 maioris
1101 3592 1260 3657 commodi
1273 3611 1374 3657 causa

45 3678 144 3743 aliter
166 3678 441 3762 proposuerit-
464 3700 537 3744 cum
560 3679 761 3746 confessario
791 3680 823 3746 in
853 3680 1083 3748 confessionali
1112 3685 1259 3748 tractare
1282 3687 1374 3749 satu·

44 3771 139 3849 gunt.
186 3767 234 3834 Cf.
263 3769 319 3833 Tb.
344 3791 384 3834 m.
409 3768 450 3846 II,
476 3771 550 3836 504.
577 3771 651 3836 505.

136 3890 190 3956 An
213 3912 404 3968 eucnemon
428 3896 467 3957 2¹¹
491 3894 529 3960 R.
558 3898 585 3960 l.
633 3895 743 3960 Etiam
773 3895 807 3959 in
829 3895 889 3960 tali
919 3894 1130 3962 accusatione
1154 3896 1434 3968 confessariusclr

47 4001 117 4046 rem
141 3980 249 4046 sobrie
273 3985 308 4047 et
329 3983 507 4066 prudenter
530 3983 708 4049 diiudicare
741 3985 847 4052 debet.
894 3985 1080 4067 Aliquando
1110 4006 1270 4068 personae
1294 4005 1372 4049 vere

46 4073 80 4135 et
104 4070 367 4136 extraordinarie
397 4071 471 4155 piae
500 4073 648 4138 severius
679 4075 720 4138 ab
744 4074 817 4140 aliis
840 4072 1041 4152 iudicantur,
1072 4075 1121 4140 ita
1144 4079 1198 4152 ut,
1230 4074 1315 4157 quod
1338 4075 1372 4138 in

45 4159 121 4224 aliie
144 4159 320 4226 haberetur
343 4181 402 4245 pro
425 4161 559 4227 virtutis
582 4163 750 4239 exercitio,
775 4164 808 4228 in
831 4162 870 4228 iis
886 4163 1047 4229 habeatur
1069 4184 1128 4247 pro
1151 4163 1242 4239 vitio,
1267 4183 1372 4246 neque

46 4248 156 4314 severi
178 4247 226 4313 illi
249 4269 403 4316 censores
426 4251 508 4316 satis
532 4252 710 4319 aestimant
732 4253 833 4318 etiam
855 4252 889 4318 in
904 4252 1121 4319 sanctissimis
1143 4253 1292 4336 personis
1315 4253 1372 4318 de-

45 4337 155 4404 fectus
179 4338 306 4421 aliquos
328 4339 562 4406 indeliberatos
585 4341 721 4424 reperiri
744 4363 851 4426 posse.

137 4443 176 4510 R.
209 4447 239 4510 2.
286 4444 505 4510 Nihilominus
536 4446 564 4511 si
595 4447 742 4513 defectus
773 4447 942 4529 graviores
973 4450 1051 4513 eunt
1080 4450 1115 4512 et
1145 4468 1218 4511 cum
1248 4445 1372 4511 maiore

46 4533 258 4600 advertentis
281 4534 454 4611 commissi,
479 4536 741 4601 extraordinaria
757 4537 918 4603 sanctitas
934 4542 1034 4618 atque
1050 4536 1135 4602 dona
1150 4537 1244 4617 quasi
1260 4540 1372 4601 extra·

45 4622 215 4689 ordinaria
237 4644 258 4690 a
280 4623 350 4688 Deo
374 4629 512 4708 accepta
534 4630 688 4709 suspecta
710 4628 802 4692 fiunt.
840 4626 1002 4709 Imprimis
1025 4625 1232 4691 oboedientia
1255 4631 1290 4692 et
1311 4626 1371 4691 bu*
