3044 5174
395 252 435 307 De
453 252 582 322 baptismi
601 252 723 322 patrinis.
743 281 778 290 —
797 251 848 318 Qui
866 254 1054 310 excludantur.
1343 261 1385 325 49

59 431 189 514 quando
213 430 287 496 loeo
318 430 405 495 illius
434 429 587 496 advocari
619 431 724 514 possit
747 431 801 496 vel
825 430 923 497 aliter
954 436 1085 516 praeter
1115 453 1188 498 eum
1217 434 1303 500 adsit
1326 457 1385 518 pa·

58 521 165 586 trinus
199 519 392 586 catholicus.
440 519 503 586 Sed
536 540 578 584 ex
611 520 697 585 dicto
729 520 861 586 decreto
895 521 993 586 etiam
1025 522 1057 587 in
1090 523 1163 587 aliis
1196 523 1385 590 difficiliori·

59 612 185 693 busque
209 609 355 687 casibus,
387 608 442 674 ubi
465 609 665 675 acatholicus
689 610 779 674 solus
802 614 853 675 est
877 609 931 693 qui
955 610 999 675 sit
1021 612 1170 695 patrinus
1195 612 1385 695 designatus

59 701 110 765 vel
142 699 199 782 qui
231 698 397 779 designari
429 697 548 781 possit,
584 699 733 782 impediri
767 699 863 765 debet
894 700 1065 781 quominus
1095 701 1205 766 omnia
1235 702 1276 767 ad
1309 724 1385 768 con-

59 789 264 855 stituendum
287 787 452 871 patrinum
474 787 662 853 essentialia
686 791 784 870 agat,
816 789 864 854 ita
887 793 924 853 ut
947 789 1149 855 solummodo
1172 794 1210 856 ut
1233 791 1384 875 baptismi

59 879 157 944 testis
181 877 386 944 admittatur.

149 985 188 1049 In
211 985 298 1049 huno
320 1004 451 1049 sensum
481 984 545 1049 iam
576 984 705 1050 locutus
729 987 780 1049 est
803 983 982 1049 Laoroix
1012 984 1032 1051 l.
1059 987 1095 1061 6,
1127 1007 1157 1068 p.
1187 990 1220 1064 1,
1253 1008 1283 1053 n.
1312 990 1384 1066 173,

59 1078 235 1157 postquam
259 1072 343 1139 dixit
363 1094 429 1138 non
444 1072 542 1138 licere
558 1073 713 1138 adhibere
733 1073 899 1156 patrinum
916 1077 1026 1139 sectae
1043 1075 1246 1141 haereticae:
1276 1078 1386 1154 ,Duae

58 1170 173 1230 tamen
196 1183 318 1246 praxea
340 1162 451 1227 licitae
474 1164 565 1228 sunt:
596 1163 702 1246 prima
724 1166 776 1227 est
799 1167 836 1227 11
856 1161 1027 1246 baptizans
1050 1163 1082 1227 in
1106 1163 1166 1229 tali
1189 1165 1387 1232 necessitate

59 1253 195 1320 omittat
225 1250 334 1317 omnia
364 1272 449 1334 quae
478 1250 643 1335 patrinum
675 1256 891 1327 concernunt,
928 1254 963 1316 et
993 1251 1152 1317 infantem
1183 1254 1386 1338 baptizatum

58 1342 179 1408 reddat
202 1339 382 1407 obstetrici.
415 1339 531 1406 Altera
554 1345 607 1406 est
630 1340 767 1406 aliorum
783 1340 817 1405 in
834 1340 1027 1422 quibusdam
1043 1341 1176 1407 urbibus
1195 1343 1387 1410 acatholicis

59 1433 230 1516 11111111,
259 1433 296 1495 11
319 1429 490 1513 baptizans
512 1435 646 1515 praeter
668 1429 868 1496 haereticum
893 1429 1043 1512 designet
1066 1430 1166 1496 alium
1190 1433 1385 1498 catholicum

59 1542 101 1586 ex
125 1520 299 1585 voluntate
322 1523 495 1601 parentum
519 1519 573 1602 qui
595 1539 731 1604 puerum
752 1523 881 1600 tangat,
906 1520 1083 1586 assistente
1103 1519 1269 1586 haeretico
1293 1523 1387 1605 quasi

60 1610 101 1675 sd
126 1609 294 1686 honorem,
319 1612 353 1673 et
368 1612 439 1674 tum
453 1607 611 1674 inscribat
634 1608 717 1673 libro
733 1607 921 1691 baptismali
937 1627 1049 1673 verum
1067 1609 1232 1692 patn'num
1249 1611 1387 1676 catholi-

60 1720 143 1776 cum,
169 1702 264 1763 notet
287 1702 396 1763 autem
421 1696 621 1763 haereticum
645 1696 746 1762 fuisse
769 1701 899 1762 tantum
923 1701 1073 1763 testem.“

148 1822 189 1888 R.
215 1825 245 1888 2.
293 1821 327 1888 Si
350 1822 392 1887 ad
416 1826 564 1889 nostrum
589 1842 699 1887 casum
724 1821 891 1886 decretum
916 1822 947 1888 S.
966 1821 1072 1887 Officii
1096 1823 1191 1888 modo
1215 1824 1385 1890 laudatum
1395 1836 1430 1890 82

60 1911 275 1996 applicamus,
299 1910 462 1994 parochus
484 1915 574 1976 11111
598 1911 706 1994 egisse
730 1931 794 1975 non
810 1910 941 1976 videtur
965 1911 1108 1976 cedendo
1125 1911 1230 1978 minis.
1262 1915 1386 1979 Malum

59 2001 192 2084 quidem
230 2020 386 2082 magnum
419 2004 493 2066 erat
530 2020 665 2083 puerum
703 1999 831 2065 deferre
866 1999 907 2064 ad
950 2000 1134 2066 ministrum
1169 2002 1384 2068 acatholicum

60 2110 200 2172 eumque
223 2089 366 2172 periculo
390 2088 592 2154 acatholicae
616 2089 818 2154 educationis
841 2109 1022 2172 exponere;
1055 2110 1169 2155 verum
1193 2091 1274 2156 haec
1299 2094 1385 2158 mala

60 2200 125 2245 non
149 2182 288 2263 possunt
317 2179 460 2262 parocho
489 2177 657 2261 imputari,
688 2181 788 2258 atque
811 2179 906 2243 -si
937 2179 1066 2243 demum
1093 2179 1295 2247 haereticum
1325 2202 1384 2265 pro

59 2267 192 2352 patrino
216 2267 369 2333 adhibere
392 2269 428 2332 in
451 2270 537 2332 omni
556 2289 632 2333 cusu
656 2267 778 2332 malum
802 2270 855 2332 est
871 2304 910 2312 —
929 2268 1041 2333 valere
1058 2267 1154 2334 debet
1176 2269 1383 2354 principium:

60 2358 136 2424 Non
159 2357 239 2422 lieet
262 2356 372 2422 facere
395 2357 482 2422 mala
506 2360 544 2421 ut
566 2356 720 2422 eveniant
743 2357 839 2422 bona.

149 2481 190 2547 R.
208 2483 238 2548 3.
273 2479 489 2546 Nihilominus
504 2502 569 2546 non
585 2485 665 2565 puto
681 2502 724 2546 ex
740 2481 772 2547 S.
792 2480 899 2546 Officii
918 2480 1058 2546 decretis
1073 2481 1105 2546 id
1126 2483 1221 2560 effici,
1247 2484 1429 2550 1111111811

61 2570 196 2655 parochi
221 2573 255 2635 in
279 2573 365 2635 omni
387 2592 463 2636 cusu
487 2574 587 2652 atque
610 2573 645 2635 in
668 2592 701 2635 11
724 2573 900 2636 necessario
923 2571 1042 2636 debeat
1063 2570 1125 2636 dici
1148 2572 1245 2638 mala.
1287 2573 1384 2639 Ratio

60 2660 147 2725 enim
164 2679 223 2725 cur
238 2658 271 2726 S.
289 2658 441 2724 Officium
457 2659 578 2724 dixent
592 2683 657 2725 non
672 2661 775 2743 licere,
800 2679 872 2724 esse
894 2663 1005 2742 potest
1027 2660 1104 2742 quia
1123 2662 1154 2741 1)
1171 2663 1385 2729 communiter

60 2748 224 2832 loquendo
247 2747 326 2813 talis
349 2747 436 2814 actio
460 2748 494 2812 in
517 2768 553 2813 se
569 2748 716 2815 eontinet
731 2749 853 2831 aliquid
869 2769 911 2813 ex
926 2768 963 2813 se
986 2749 1062 2814 mali
1087 2750 1139 2814 vel
1165 2750 1234 2815 eius
1258 2752 1384 2835 pericu·

59 2840 144 2914 lum,
177 2843 211 2903 11
241 2837 318 2920 quia
349 2838 383 2918 2)
406 2841 583 2922 propterea
612 2838 712 2903 talem
743 2838 905 2903 actionem
936 2838 1042 2904 voluit
1073 2837 1128 2902 lex
1161 2838 1384 2906 ecclesiastica

59 2926 254 3012 simpliciter
283 2946 356 2991 esse
388 2925 595 3010 prohibitam.
627 2963 669 2971 -
700 2926 764 2992 Sed
794 2926 881 3009 quod
911 2927 1126 2993 communiter
1157 2928 1319 3011 loquendo
1349 2934 1384 2995 et

59 3020 197 3100 propter
226 3015 404 3099 perieulum
429 3015 652 3082 committendi
684 3015 815 3098 aliquod
838 3015 959 3081 malum
985 3022 1036 3082 est
1058 3016 1224 3094 illicitum,
1259 3018 1382 3084 licitum

59 3105 202 3171 evadere
214 3108 326 3189 potest
335 3104 370 3169 in
382 3105 601 3188 singularibus
618 3104 873 3171 circumstantiis
888 3104 1087 3189 (exemplum
1104 3105 1205 3172 habes
1220 3108 1254 3171 in
1270 3108 1384 3173 matri·

59 3195 170 3260 monio
194 3192 330 3275 mixto),
359 3197 394 3259 et
417 3194 502 3275 quod
527 3198 665 3280 positivo
688 3195 762 3276 lege
785 3193 992 3278 prohibetur,
1024 3202 1158 3278 1111111
1188 3197 1384 3278 gravissima

59 3284 149 3350 mala
173 3283 354 3348 avertenda
377 3304 397 3348 a
420 3283 637 3367 prohibitione
668 3284 832 3351 eximitur.
880 3283 972 3360 Quod
1002 3304 1040 3349 eo
1068 3284 1175 3366 magis
1205 3286 1238 3349 in
1269 3291 1383 3352 nostro

59 3394 140 3439 casu
164 3372 296 3438 videtur
317 3393 414 3456 posse
437 3373 579 3446 attendi,
604 3395 676 3438 cum
702 3373 836 3439 decreta
859 3373 892 3442 S.
918 3372 1023 3438 Officii
1048 3373 1080 3437 in
1105 3378 1219 3439 nostra
1249 3396 1285 3440 re
1315 3377 1384 3442 lata

59 3461 171 3528 omnia
194 3462 318 3526 fuerint
340 3461 563 3545 particularia,
589 3463 788 3528 universalia
812 3463 911 3529 nulla.

150 3593 223 3661 NB.
253 3594 323 3672 Quo
347 3594 486 3660 clariora
509 3595 590 3660 haec
617 3597 698 3661 fiant
729 3596 836 3679 quoad
863 3616 1011 3678 eaquae
1041 3595 1178 3675 liceant,
1212 3618 1296 3680 quae
1320 3619 1384 3662 non

58 3685 202 3762 liceant,
235 3683 478 3750 communicabo
509 3707 661 3769 responsa
691 3689 725 3750 11
745 3688 878 3759 ¹decretu
909 3684 940 3750 S.
967 3685 1090 3764 Officii,
1123 3707 1207 3769 quae
1237 3691 1384 3752 nostram

58 3796 129 3842 rem
152 3776 316 3857 spectant.

152 3902 182 3965 1.
207 3897 310 3964 Facta
323 3897 599 3979 interrogatione:
624 3897 679 3974 ,In
696 3897 805 3981 aliqua
828 3896 980 3981 paroecia
998 3898 1188 3981 Hungariae
1212 3901 1427 3968 11111111184

59 3993 168 4056 mater
198 3986 304 4052 afide
335 3987 496 4052 catholica
520 3987 793 4069 apostatavisset,
826 3986 902 4070 quia
932 3987 1093 4070 parochus
1123 3989 1155 4051 in
1186 3990 1381 4072 baptizanda

59 4077 206 4144 eiusdem
230 4078 320 4159 prole
343 4077 507 4159 patrinum
533 4076 730 4141 haereticum
751 4077 949 4142 inhaerendo
967 4076 1092 4157 legibus
1109 4078 1276 4143 Ecclesiae
1300 4080 1381 4144 reie-

59 4167 151 4234 cerit.
192 4164 271 4230 Cum
297 4186 374 4230 vero
399 4186 440 4230 ex
464 4165 684 4231 declaratione
708 4168 739 4234 S.
763 4165 1040 4231 Paenitentiariae
1064 4166 1116 4230 die
1143 4168 1382 4233 1111111611

59 4258 99 4323 ad
127 4258 168 4321 19
193 4254 321 4321 notorie
345 4260 537 4320 1111111111
561 4255 601 4319 ad
626 4277 742 4320 munus
766 4255 887 4338 patrini
911 4254 1040 4320 admitti
1058 4255 1171 4338 possit,
1197 4257 1224 4320 si
1248 4278 1289 4320 ex
1314 4257 1382 4321 eius

59 4345 237 4412 reiectione
272 4345 389 4426 gravia
423 4345 542 4408 damna
577 4344 744 4410 imminere
778 4345 969 4420 videantur;
1006 4365 1045 4409 ac
1084 4343 1158 4408 inde
1194 4345 1381 4426 quaeritur:

59 4437 179 4504 Utrum
203 4434 286 4499 haec
310 4434 488 4499 declaratio
520 4433 684 4498 etiamad
715 4433 862 4517 patrinos
893 4433 1076 4498 haereticos
1106 4434 1239 4498 extendi
1267 4436 1380 4517 possit,

60 4547 98 4592 an
120 4545 205 4592 vero
230 4527 394 4607 praestet,
426 4522 512 4588 siout
534 4523 679 4587 nonnulli
711 4523 839 4600 volunt,
870 4523 903 4587 in
934 4521 1115 4586 huiusmodi
1145 4524 1273 4587 casibus
1298 4524 1382 4588 difli-

8 4624 14 4641 “
60 4616 173 4682 oilibus
197 4612 394 4696 baptismum
420 4612 489 4677 sine
512 4613 642 4695 patrino
666 4612 933 4677 administrare:“
971 4613 1002 4677 S.
1021 4611 1058 4677 R.
1084 4615 1118 4675 et
1141 4611 1182 4676 U.
1208 4613 1233 4678 l.
1258 4613 1318 4678 fer.
1337 4614 1380 4678 lV

105 4723 280 4770 1111111111,
295 4725 366 4764 Casus
380 4722 538 4764 consolantiae.
557 4723 585 4763 11.
1158 4717 1176 4769 4
