3044 5174
219 109 311 165 Onera
328 128 451 166 annexu
471 141 504 152 -
524 111 650 165 Habitus.
671 138 704 153 -κ
722 110 865 164 'l'aberuaa
883 113 911 164 et
929 109 1086 180 spectacula
1106 109 1225 162 vitanda.
1322 113 1387 176 437

57 289 264 355 constitutus
286 288 490 372 frequentius
513 308 586 354 curn
610 287 703 353 laicis
726 287 909 372 permixtus
931 285 1065 351 liberius
1081 285 1115 350 iu
1136 284 1283 352 tabernis
1307 285 1390 353 bibit

57 382 93 443 et
114 380 352 456 conversatum
381 377 437 443 lex
466 377 661 444 dioecesana
689 377 722 442 id
753 375 900 442 severius
929 394 1049 457 argare
1079 379 1205 458 potest,
1237 374 1287 440 cui
1317 381 1389 441 tum

58 467 191 533 omnino
215 466 369 535 standum
393 471 454 533 est.
501 466 595 532 Alias
618 466 732 531 localis
754 465 954 532 consuetudo
978 465 1010 529 id
1034 468 1144 548 potest
1167 465 1328 542 emollire,
1360 465 1388 529 si

59 556 191 638 quando
215 557 249 622 iu
273 558 345 623 loco
368 560 522 640 separato
545 555 633 621 inter
655 577 691 620 se
715 554 866 638 colloquii
890 558 925 620 et
951 553 1165 619 recreationis
1189 574 1289 618 causa
1312 575 1389 619 con·

58 645 207 712 veniant.

149 760 190 826 R.
216 762 246 826 2.
295 759 497 844 Spectaculis
528 759 665 826 scenicis
695 759 832 843 publicis
861 759 1023 825 interesse
1052 757 1203 824 clericum
1228 756 1389 822 sacrior·

59 849 146 914 diuis
176 849 359 931 generatim
389 848 483 932 gravi
511 849 666 914 scandalo
691 853 751 915 est.
798 850 939 914 Positioc
962 848 1017 912 lex
1040 847 1179 912 habetur
1203 847 1287 913 decr.
1312 867 1389 912 mox

60 939 181 1005 citato:
209 937 378 1021 ,Clerici‘⁴,
403 939 488 1021 quod
513 937 575 1003 ait:
611 936 752 1016 ,Mimis,
776 937 1012 1004 ioculatoribus
1035 941 1069 1002 et
1091 936 1302 1000 histrionibus
1325 957 1389 1000 nou

60 1028 273 1098 intendaut‘:
304 1030 405 1110 atque
434 1027 546 1094 multis
575 1027 610 1092 in
639 1027 720 1093 loeis
749 1027 806 1092 lox
829 1026 1024 1092 dioecesana
1047 1025 1176 1092 scenica
1200 1025 1390 1108 spectacula

60 1117 191 1183 clericis
212 1136 329 1183 severe
351 1115 511 1202 gravique
534 1117 594 1183 sub
617 1136 724 1200 poena
745 1115 831 1182 solet
854 1115 1035 1200 prohibere.
1087 1115 1143 1181 lb.
1167 1137 1209 1180 m.
1233 1114 1281 1191 ll,
1314 1117 1389 1181 616.

153 1250 207 1314 An
231 1266 423 1324 oosrsrrnu
446 1250 489 1312 4¹¹·
509 1248 549 1313 R.
577 1251 604 1314 l.
638 1247 780 1333 Supponi
806 1245 903 1312 debet
921 1245 1074 1311 Alexium
1098 1246 1301 1313 sacerdotem
1326 1255 1453 1312 non764

62 1337 225 1420 adstringi
249 1336 316 1402 ullo
340 1335 445 1402 officio
470 1357 569 1403 curae
599 1335 798 1414 animarum
831 1334 974 1417 alioquin
1004 1333 1130 1417 indiget
1160 1336 1201 1401 ad
1232 1334 1390 1400 eiusmodi

62 1427 200 1504 itinera,
225 1425 368 1493 maxime
391 1426 420 1492 si
443 1425 647 1493 diuturniora
670 1428 747 1491 sunt
769 1426 968 1508 longumque
990 1428 1121 1508 tempus
1142 1424 1325 1502 insumunt,
1357 1427 1391 1490 et

63 1515 220 1600 graviore
243 1536 345 1583 causa
366 1518 400 1581 et
415 1514 549 1582 licentia
565 1514 730 1582 ordinarii.
763 1515 885 1580 Verum
901 1513 963 1580 hac
978 1513 1171 1595 quaestione
1187 1514 1332 1597 seposita
1345 1550 1391 1560 —-

62 1603 172 1688 quoad
196 1604 353 1671 vestitum
377 1603 441 1669 dici
464 1605 577 1670 debet:
608 1604 680 1669 Nisi
711 1603 823 1685 gravis
853 1603 938 1668 ratio
968 1601 1158 1684 legitimare
1189 1602 1390 1686 dispensatio

62 1695 117 1759 vel
134 1692 249 1759 localia
264 1694 465 1759 consuetudo
480 1693 513 1757 iu
529 1693 647 1760 itinere
662 1692 759 1759 istam
776 1691 1014 1758 relaxationem
1030 1691 1225 1776 permiserit,
1242 1690 1389 1768 Alexius,

63 1781 128 1848 etsi
152 1781 303 1848 breviore
326 1787 420 1848 veste
442 1781 533 1849 licite
556 1780 604 1848 uti
627 1786 769 1865 poterat,
794 1802 857 1845 uon
882 1784 1015 1864 poterat
1039 1801 1077 1846 eo
1101 1801 1203 1862 usque
1227 1779 1390 1845 condicio·

62 1893 138 1938 nem
170 1870 408 1938 sacerdotalem
439 1871 563 1949 celare,
595 1873 632 1936 ut
661 1870 758 1954 plane
788 1868 890 1935 laicus
921 1891 994 1936 esse
1024 1869 1207 1946 videretur;
1239 1868 1325 1953 quod
1356 1868 1390 1934 in

62 1964 177 2026 nostro
201 1981 280 2026 casu
304 1982 324 2027 a
346 1959 441 2044 gravi
464 1964 601 2044 peccato
625 1957 776 2025 excusari
798 1959 921 2041 nequit,
946 1980 1018 2024 cum
1035 1978 1077 2024 ex
1094 1957 1237 2024 narratis
1262 1961 1392 2025 constet

64 2051 99 2116 id
123 2049 316 2132 frequenter
339 2053 374 2116 et
397 2049 518 2115 diutius
542 2048 709 2115 accidisse.
757 2047 866 2130 Atque
889 2047 922 2113 id
945 2047 1052 2130 magis
1082 2048 1182 2113 etiam
1206 2047 1269 2112 dici
1294 2048 1392 2113 debet

60 2140 97 2205 in
121 2160 200 2209 casu
224 2137 349 2218 Alexii,
380 2159 419 2204 eo
449 2138 535 2220 quod
566 2158 608 2203 ex
638 2137 747 2203 laicali
771 2136 893 2203 vestitu
924 2157 1038 2202 ausam
1068 2137 1208 2220 sumpsit
1238 2137 1279 2202 ad
1310 2137 1392 2202 libe·

62 2228 184 2295 riorem
207 2227 322 2294 vitam.

154 2333 195 2399 R.
226 2336 258 2400 2.
308 2332 342 2400 Si
371 2333 510 2401 Alexiua
538 2332 571 2399 iu
602 2332 792 2400 summitate
823 2331 941 2416 capitis
970 2331 1019 2398 ita
1047 2331 1113 2397 iam
1143 2331 1270 2415 capillis
1300 2336 1393 2399 caret

61 2429 102 2489 ut
117 2423 152 2488 id
175 2423 246 2489 fere
268 2423 341 2489 loeo
365 2427 543 2488 consuetae
566 2443 707 2488 coronae
723 2443 795 2488 essa
811 2421 926 2504 possit,
950 2424 1040 2487 certe
1063 2421 1120 2485 vix
1143 2421 1304 2505 peccavit,
1328 2442 1391 2486 non

61 2511 301 2578 efformaudam
325 2532 442 2577 curans
466 2510 702 2578 distinctionem
725 2531 895 2584 coronam;
920 2510 1002 2574 alias
1018 2509 1117 2576 etiam
1141 2511 1203 2576 hac
1218 2511 1252 2574 in
1268 2531 1304 2576 re
1327 2531 1391 2575 non

61 2603 106 2666 ab
131 2599 370 2682 omniquidem
395 2605 540 2684 peccato,
565 2605 676 2666 tamen
700 2621 720 2664 a
742 2599 837 2681 gravi
860 2598 1012 2663 immunis
1036 2603 1096 2666 est.
1129 2599 1226 2664 Ratio
1251 2598 1391 2680 negandi

62 2690 192 2775 peccati
215 2689 329 2772 gravis
352 2695 419 2769 est,
451 2690 537 2772 quod
562 2690 614 2754 vel
642 2696 771 2773 ternpus
802 2688 844 2753 ad
867 2709 970 2770 grava
994 2691 1165 2768 peccatum
1189 2687 1392 2753 constituen-

61 2779 142 2845 dum
165 2779 282 2856 abfuit,
305 2779 360 2844 vel
383 2780 513 2865 aliqum
535 2779 655 2845 saltem
678 2798 817 2844 coronae
833 2776 1009 2860 vestigium
1035 2777 1165 2842 videtur
1188 2776 1390 2860 apparuisse.

154 2894 193 2960 R,
219 2895 251 2959 3.
296 2893 390 2970 Quod
412 2915 478 2959 non
500 2895 605 2959 solum
636 2893 724 2958 ferat
755 2894 810 2957 diu
833 2893 985 2969 barbam,
1016 2891 1075 2956 sed
1106 2912 1178 2956 eam
1209 2890 1336 2961 nutriat
1358 2894 1392 2957 et

62 2986 163 3066 colat,
194 2981 356 3049 obiective
378 3004 403 3049 a
422 2983 517 3065 gravi
540 2988 675 3066 peccato
699 2981 850 3048 excusari
874 2979 1002 3063 nequit,
1034 2979 1096 3046 nisi
1126 2981 1170 3046 sit
1201 2981 1234 3044 in
1258 2980 1392 3061 regione

64 3072 275 3149 missionum,
305 3071 361 3136 ubi
390 3071 468 3138 talis
490 3075 543 3137 est
565 3071 785 3138 consuetudo:
815 3091 892 3135 nam
916 3069 1037 3151 alioqui
1068 3070 1204 3135 barbam
1228 3070 1334 3135 colere
1358 3072 1392 3135 et

63 3161 192 3240 nutrire
214 3161 256 3227 ab
280 3159 414 3243 antiquo
438 3159 636 3244 prohibitum
660 3165 721 3228 est.
753 3160 787 3226 Si
810 3158 1012 3225 solummodo
1035 3159 1170 3224 barbam
1194 3160 1297 3225 ferret
1319 3159 1392 3224 bre·

64 3270 157 3328 vem,
182 3249 391 3332 aliquatenus
414 3254 560 3327 tonsam,
584 3270 647 3314 non
672 3271 772 3315 ausus
795 3249 856 3314 sim
878 3247 1007 3331 peceati
1030 3247 1179 3314 mortalis
1203 3270 1276 3313 eum
1302 3248 1393 3314 dam·

63 3361 163 3417 nara,
192 3337 256 3403 nisi
279 3337 421 3404 monitus
451 3360 516 3404 non
540 3339 743 3422 deposuerit:
775 3338 860 3420 quod
891 3336 1075 3403 ordinarius
1105 3358 1185 3403 sane
1214 3337 1274 3403 sub
1298 3336 1393 3421 gravi

63 3429 201 3511 exigere
223 3431 344 3513 potest.

155 3542 194 3610 R.
219 3545 250 3608 4.
298 3540 411 3619 Quoad
440 3542 596 3610 tabernas
625 3541 899 3623 frequentandas,
931 3541 959 3605 si
989 3539 1124 3606 liberius
1154 3562 1210 3607 seu
1241 3542 1327 3606 male
1357 3560 1455 3614 seras

64 3632 187 3716 gessit,
218 3629 319 3698 etiam
348 3632 411 3697 hac
440 3632 473 3697 in
504 3653 540 3697 re
570 3636 685 3697 contra
715 3630 822 3712 legem
854 3629 1021 3696 Ecclesiae
1052 3630 1202 3712 graviter
1231 3630 1392 3713 peccavit,

65 3721 167 3789 etiam
191 3719 322 3803 quando
345 3741 404 3804 pro
428 3722 599 3789 sacerdote
623 3719 756 3802 agnitus
779 3741 843 3785 uon
867 3723 936 3794 est;
968 3740 1043 3785 nam
1073 3719 1155 3785 baec
1179 3720 1393 3784 circumstan-

65 3812 114 3878 tia
138 3811 245 3894 legem
270 3809 525 3876 ecclesiasticam
551 3831 614 3874 uon
638 3807 793 3875 elevavit.
826 3807 859 3874 Si
883 3828 962 3874 vero
980 3808 1119 3873 Alexius
1142 3808 1289 3872 modeste
1313 3806 1391 3888 egit,

66 3899 129 3967 etsi
152 3896 356 3985 frequentius
381 3920 477 3982 quam
501 3919 635 3965 necesse
660 3902 732 3963 erat
756 3898 927 3963 tabernam
953 3897 1048 3975 adiit,
1073 3917 1189 3962 censeo
1218 3917 1291 3961 eum
1315 3916 1392 3977 gra·

65 3990 154 4057 viter
176 4009 240 4054 nou
264 4008 435 4072 peccasse3
460 4009 535 4053 nam
560 4009 631 4053 cum
647 3986 680 4052 in
696 3986 813 4053 itinere
836 3986 945 4063 fuerit,
970 4006 1124 4051 excessus
1146 3985 1203 4049 ille
1226 3985 1312 4051 ultra
1335 4005 1393 4050 no·

67 4077 257 4145 cessitatem
288 4099 353 4143 nou
377 4077 508 4143 videtur
537 4077 703 4143 sufficiens
733 4077 773 4141 ad
799 4075 1062 4141 constituendum
1092 4078 1262 4159 peccatum
1286 4096 1392 4160 qrcoe.

156 4193 195 4260 R.
221 4195 251 4259 5.
284 4192 374 4269 Quod
399 4192 440 4258 ad
464 4192 653 4276 spectacula
676 4191 807 4266 attinet,
831 4189 970 4256 Alexius
986 4195 1083 4257 extra
1097 4190 1237 4274 patriam
1254 4211 1393 4274 poenam

66 4283 197 4366 quidem
222 4282 456 4347 territorialem
479 4303 543 4347 non
567 4280 721 4356 incurrit3
747 4284 782 4345 at
805 4279 954 4362 graviter
976 4282 1126 4363 peccavit
1149 4285 1263 4345 contra
1286 4280 1392 4360 legem

61 4371 238 4439 >Ecclesiae
261 4369 498 4447 universalem
529 4391 634 4453 neque
665 4369 909 4435 excusationem
940 4369 1041 4435 habet
1070 4389 1112 4433 ex
1142 4390 1180 4433 eo
1211 4369 1295 4449 quod
1320 4388 1393 4434 eam

65 4462 167 4529 animi
204 4460 367 4527 culturam
402 4460 580 4543 quaesierit
612 4480 696 4542 quae
732 4479 818 4523 vana
852 4457 897 4523 sit
930 4464 964 4524 et
996 4461 1120 4523 statum
1154 4457 1393 4522 sacerdotalem
