3044 5174
131 279 194 343 404
629 270 835 327 Sacramentum
854 272 963 327 ordinis.

130 449 361 519 ordinationem,
384 467 450 508 cum
471 468 532 508 non
552 449 662 506 habeat
682 447 815 518 titulum,
836 447 868 506 vi
888 446 972 507 cuius
993 446 1051 507 sibi
1071 447 1161 507 liceat
1182 447 1320 508 conferre
1341 450 1447 511 ordines
1491 456 1495 477 '

130 534 160 589 et
180 529 329 588 Maturino
351 531 387 589 de
408 528 626 588 sustentatione
647 533 798 587 caveatur.

130 642 307 713 Quasnam
330 645 359 702 1⁰
380 643 429 720 qui
451 642 511 702 sint
531 643 611 701 tituli
633 641 869 702 sustentationis.

331 745 361 800 2⁰
382 741 447 817 quis
468 740 508 800 sit
530 740 688 817 episcopus
709 760 727 799 a
749 760 804 817 quo
826 740 945 799 ordines
967 739 1060 817 recipi
1081 741 1207 817 possint.

331 842 362 899 3ο
382 838 450 915 quid
472 839 508 898 de
530 858 603 897 casu
623 844 726 897 nostro
748 837 911 898 dicendum.

728 1020 864 1088 Solntio.

72 1187 123 1240 707
223 1173 275 1238 An
299 1194 490 1249 ouansmuu
517 1177 554 1238 1²
577 1172 616 1240 R.
644 1176 672 1240 1.
713 1174 828 1239 Coneil.
865 1172 956 1240 Trid.
986 1193 1066 1239 sess.
1092 1175 1151 1250 22,
1183 1177 1300 1257 cap.2
1333 1177 1372 1241 de
1399 1177 1449 1259 ref.

132 1263 252 1329 statuit
281 1267 318 1329 ut
346 1263 497 1347 episcopo
528 1283 593 1327 non
623 1261 721 1327 liceat
751 1263 954 1327 saecularem
984 1261 1085 1327 ullum
1115 1262 1158 1326 ad
1187 1283 1300 1329 sacros
1331 1264 1451 1330 ordines

133 1373 341 1436 promovere,
366 1351 428 1416 nisi
452 1372 511 1435 pro
535 1351 674 1416 honesta
697 1350 939 1416 sustentatione
961 1350 1083 1416 habeat
1105 1351 1237 1418 titulum
1261 1351 1296 1434 a)
1321 1353 1452 1439 benefieii

135 1445 348 1520 ecelesiastici,
380 1440 433 1505 vel
457 1462 516 1523 pro
541 1440 738 1506 necessitate
763 1440 815 1504 vel
839 1439 1072 1506 commoditate
1096 1440 1270 1506 ecclesiae:
1301 1442 1336 1524 b)
1356 1446 1451 1527 patri·

134 1533 241 1612 monii,
267 1531 298 1613 c)
321 1533 483 1616 pensionis
506 1529 634 1594 scilicet
657 1549 774 1594 census
798 1531 896 1595 realis
919 1530 972 1594 vel
997 1528 1052 1610 qui
1075 1529 1156 1595 reali
1180 1529 1401 1613 aequivaleat.

223 1618 422 1684 Beneficium
446 1619 544 1684 debet
567 1638 640 1683 esse
663 1618 696 1682 in
719 1617 857 1701 pacifica
887 1617 1108 1702 possessione;
1144 1617 1173 1683 si
1202 1618 1305 1686 fuerit
1336 1619 1453 1686 insuffi-

135 1708 232 1782 ciens,
258 1707 402 1791 suppleri
425 1712 544 1791 potest,
570 1707 768 1773 concedente
792 1707 953 1791 episcopo,
977 1728 1037 1791 per
1058 1707 1291 1791 patrimonium
1313 1710 1367 1775 vel
1384 1731 1454 1794 pen·

135 1797 269 1863 sionem.
310 1796 513 1880 Gasparri
543 1818 574 1862 n.
607 1798 680 1861 598.
713 1834 759 1842 —
790 1796 987 1861 Beneficium
1018 1796 1197 1878 resignari,
1229 1798 1454 1882 patrimonium

135 1887 281 1959 alienari,
305 1885 452 1969 pensioni
478 1885 658 1951 renuntiari
682 1884 810 1966 nequit,
841 1885 904 1950 nisi
933 1885 1017 1950 alius
1040 1886 1198 1968 probatus
1221 1886 1323 1953 fuerit
1348 1888 1456 1955 titulus

136 1975 405 2041 sustentationis:
440 1974 644 2058 Gasparri
676 1974 696 2039 l.
731 1995 757 2040 o.
791 1978 826 2039 et
858 1996 888 2040 n.
924 1976 1007 2050 60&
1045 1974 1192 2040 Wernz
1224 1976 1246 2042 l.
1280 1998 1308 2042 c.
1343 1998 1375 2043 n.
1409 1980 1455 2043 92.

135 2064 256 2142 Quodsi
279 2064 396 2130 titulus
425 2064 575 2148 perierit,
606 2063 844 2147 promotionem
875 2063 916 2128 od
947 2063 1098 2129 altiorem
1129 2063 1274 2130 ordinem
1305 2066 1378 2131 fieri
1400 2088 1457 2132 non

135 2154 223 2232 licet,
248 2158 423 2236 antequam
448 2153 534 2218 alter
556 2152 673 2218 titulus
696 2152 740 2217 sit
763 2153 971 2234 subrogatus.

75 2270 127 2324 708
225 2262 264 2326 R.
291 2262 321 2325 2.
361 2259 517 2336 Quoniam
544 2262 658 2324 nostra
681 2263 793 2325 aetate
816 2258 974 2325 beneficia
998 2259 1239 2336 ecelesiastica,
1263 2282 1350 2344 quae
1374 2262 1460 2328 suifi·
1499 2254 1502 2351 1

137 2349 236 2425 ciant,
261 2369 360 2432 saepe
384 2349 516 2425 desunt,
542 2349 573 2414 S.
600 2348 700 2414 Sedes
723 2351 875 2433 episeopis
894 2350 1072 2433 petentibus
1095 2369 1160 2413 non
1183 2370 1258 2414 raro
1283 2350 1342 2417 dat
1365 2351 1461 2435 privi-

138 2439 258 2521 legium
283 2436 469 2502 conferendi
495 2437 624 2502 ordines
648 2458 760 2502 sacros
779 2437 876 2502 titulo
900 2437 1187 2522 supplementario,
1212 2438 1385 2505 videlicet:
1409 2445 1463 2506 aut

228 2534 261 2616 a)
285 2534 382 2599 titulo
405 2536 567 2600 missionis
590 2555 649 2617 pro
672 2533 896 2611 missionariis,
920 2534 974 2616 qui
998 2534 1215 2601 iuramentum
1240 2535 1394 2603 emittere
1413 2539 1463 2602 de·

137 2626 217 2690 beut
240 2645 276 2689 se
299 2623 385 2688 velle
408 2623 441 2687 in
465 2628 556 2688 certa
580 2622 720 2688 dioecesi
742 2624 794 2688 vel
819 2623 982 2701 missione,
1006 2623 1077 2689 sive
1093 2645 1153 2708 pro
1169 2625 1307 2691 arbitrio
1323 2625 1356 2694 S.
1375 2627 1465 2692 Sedis

137 2715 191 2779 vel
216 2715 248 2778 S.
276 2714 389 2797 Conpr.
414 2713 453 2777 de
475 2713 512 2777 P.
539 2713 576 2781 F.
600 2716 758 2796 perpetuo
782 2712 913 2778 labores
936 2718 971 2778 et
994 2734 1127 2796 operam
1150 2734 1244 2779 suam
1267 2735 1327 2798 pro
1359 2716 1465 2782 salute

139 2803 319 2869 animarum
344 2801 547 2884 impendere;

228 2906 287 2966 aut
310 2898 344 2980 b)
368 2899 466 2964 titulo
489 2922 615 2965 massae
637 2902 820 2982 carantanis,
844 2899 871 2963 si
891 2920 956 2981 qua
972 2899 1111 2964 ecclesia
1126 2920 1166 2965 ea
1182 2901 1369 2968 communia
1384 2904 1467 2968 bona

139 2990 276 3065 habeat,
301 3010 343 3053 ex
367 2989 483 3071 quibus
506 2993 616 3054 certus
640 2988 829 3053 clericorum
855 3009 1008 3054 numerus
1031 2988 1157 3066 alatur;
1191 2993 1227 3055 at
1250 2991 1375 3058 addicti
1401 3015 1466 3057 ma-

140 3101 217 3144 nere
241 3079 361 3143 debent
385 3078 543 3142 ecclesiae
567 3078 719 3153 servitio;

231 3181 289 3241 aut
312 3177 343 3256 c)
366 3174 463 3241 titulo
487 3178 609 3241 seruitii
625 3179 788 3241 ecclesiae:
812 3195 874 3256 quo
892 3195 933 3239 ex
949 3174 1120 3258 privilegio
1138 3176 1169 3242 S.
1187 3176 1280 3242 Sedis
1297 3178 1468 3263 episeopus

140 3267 291 3331 ordinare
316 3269 441 3348 potest,
473 3265 526 3346 qui
557 3264 754 3347 promittunt
777 3284 812 3327 se
836 3263 984 3329 addictos
1007 3286 1179 3329 mansuros
1201 3286 1274 3331 esse
1298 3268 1467 3342 ecclesiae,

140 3377 183 3420 ex
206 3354 297 3420 ouius
321 3353 465 3426 servitio,
491 3353 636 3418 collectis
659 3353 760 3418 etiam
782 3353 924 3417 fidelium
943 3354 1168 3436 eleemosynis,
1193 3357 1469 3423 sustentationem

141 3465 317 3525 congruam
342 3443 408 3508 sint
432 3442 633 3526 pereepturi;

230 3548 288 3607 aut
312 3543 346 3622 d)
369 3540 466 3606 titulo
490 3563 617 3605 mensae
640 3543 822 3623 corninunis,
847 3561 910 3622 quo
935 3561 977 3603 ex
1000 3539 1126 3605 indulto
1150 3540 1182 3607 S.
1207 3541 1301 3607 Sedis
1324 3543 1470 3609 ordinari

141 3634 298 3715 possunt,
323 3630 377 3712 qui
402 3629 511 3693 clerici
535 3629 721 3694 saeculares
744 3627 971 3711 religiosorum
995 3650 1085 3694 more
1109 3629 1142 3693 in
1166 3632 1328 3696 communi
1353 3633 1472 3699 vivunt

142 3725 241 3802 atque
264 3719 297 3783 in
321 3717 483 3783 communi
506 3718 690 3800 possident:
716 3719 768 3783 vel
793 3718 901 3783 clerici
926 3719 1218 3800 congregationum
1241 3720 1471 3803 religiosarum

142 3831 214 3875 cum
238 3808 325 3873 votis
349 3807 559 3891 simplicibus,
584 3806 612 3871 si
635 3806 795 3873 indultum
819 3807 880 3871 hoc
904 3807 1124 3873 obtinuerunt.

230 3897 378 3979 Denique
402 3897 434 3976 e)
458 3897 555 3961 titulo
578 3919 704 3961 mensae
728 3896 920 3980 simpliciter
944 3896 1031 3961 dicto
1055 3897 1208 3963 dicuntur
1236 3898 1270 3963 in
1294 3899 1473 3965 Germania

142 4010 241 4071 saepe
274 3986 416 4051 ordinari
449 3985 566 4067 quibus
599 3986 707 4051 cautio
739 3987 836 4052 datur
868 3986 1119 4052 sustentationis
1151 3987 1370 4070 competentis
1402 3995 1473 4054 tum

143 4076 378 4161 praestandae,
410 4076 538 4156 quando
569 4075 608 4139 ad
642 4076 790 4141 obeunda
820 4097 955 4140 munera
985 4097 1080 4140 sacra
1110 4076 1270 4141 inhabiles
1297 4076 1380 4143 facti
1403 4079 1474 4143 iue-

143 4168 209 4233 rint
244 4165 328 4246 (sive
364 4165 461 4229 datur
491 4185 511 4228 a
542 4165 775 4230 communitate
806 4165 876 4229 sive
907 4187 927 4229 a
957 4168 1035 4229 fisco
1066 4164 1137 4230 sive
1168 4187 1187 4229 a
1220 4165 1393 4248 privatis):
1431 4167 1473 4234 cf.

144 4255 356 4424 Ailolpngegn
390 4255 495 4338 Comp.
522 4257 583 4319 inr.
617 4257 684 4319 eccl.
710 4254 727 4334 ς’
754 4256 812 4330 68;
837 4254 1133 4331 Laurentius,
1164 4255 1385 4322 Institutiones
1409 4260 1474 4322 iar.

145 4368 213 4409 ecc.
282 4350 289 4373 ‘
328 4397 335 4410 .

234 4451 273 4518 a.
298 4453 328 4516 3.
360 4449 516 4532 Religiosi
540 4450 671 4532 proprie
695 4449 783 4523 dicti,
808 4449 828 4514 i.
855 4469 882 4514 e.
906 4451 1097 4514 sallectano·
1120 4449 1270 4532 professi,
1294 4452 1349 4515 vel
1373 4452 1474 4519 etiam

145 4540 288 4621 religiosi
313 4540 488 4605 Societatis
511 4539 585 4603 Iesu
616 4540 670 4619 qui
700 4539 772 4602 sola
802 4542 881 4602 vota
909 4538 1063 4619 religiosa
1094 4539 1255 4621 simplicia
1283 4540 1474 4619 emiserunt,

147 4628 188 4692 ad
212 4629 342 4694 ordines
365 4650 477 4694 sacros
501 4633 735 4711 promoventur
758 4628 855 4693 titulo
879 4630 1046 4711 religiosae
1067 4631 1278 4713 paupertatis.
