3044 5174
339 291 456 347 Materia
474 293 579 346 remote
596 308 646 345 seu
664 294 776 362 peccata
795 291 918 346 claribus
936 291 1100 347 subicienda.
1317 295 1379 360 167

48 466 234 538 (4444444444
257 470 285 527 1ο
305 468 476 557 4444444444,
494 467 565 527 44444
587 467 738 527 accusatio
760 467 797 526 ad
818 467 1017 543 recipiendam
1040 466 1263 527 absolutionem.

258 566 288 624 2⁰
307 565 377 641 quid
398 564 578 626 catharinae
598 565 779 625 suadendum
800 565 848 624 vel
868 564 1078 640 iniungendum
1099 564 1147 625 sit.

652 756 787 824 solutio.

143 902 199 965 Au
229 920 421 976 4444444444
447 905 484 965 1¹n
514 899 552 967 R.
581 903 608 967 l.
647 899 815 966 Confessio
840 901 940 966 dubio
962 899 1020 965 illa
1043 904 1251 983 peccatorum
1275 899 1308 966 in
1331 900 1442 966 41-287

53 989 135 1056 tima
159 989 364 1055 hebdomada
394 989 640 1054 commissorum
668 1010 733 1054 444
763 993 836 1055 4444
868 988 1033 1055 sufficiens
1063 1009 1106 1055 ex
1136 1010 1188 1068 44,
1220 994 1257 1056 44
1287 990 1383 1056 44444

54 1078 221 1144 absolutio
245 1078 412 1155 absolute;
436 1099 541 1161 neque
566 1077 682 1160 quavis
705 1077 909 1144 hebdomada
926 1077 1034 1145 danda
1057 1079 1121 1145 erit
1136 1078 1298 1145 absolutio
1322 1078 1384 1143 sub

54 1166 255 1233 condicione.
287 1166 488 1249 Quamquam
505 1168 606 1233 semel
622 1167 655 1232 in
671 1187 782 1232 mense
798 1168 830 1234 S.
848 1167 945 1251 Alph.
966 1167 1129 1252 permittit
1145 1168 1383 1234 absolutionem

54 1255 329 1334 condicionatam,
353 1255 381 1321 si
404 1256 437 1320 in
460 1276 601 1340 persona
624 1255 813 1338 ceteroquin
836 1256 891 1340 pia
914 1262 949 1324 et
972 1256 1094 1340 optime
1118 1256 1277 1342 disposita
1292 1261 1384 1325 44444

54 1344 199 1412 materia
229 1344 342 1411 haberi
365 1345 487 1428 nequit.
535 1345 567 1412 S.
590 1343 709 1429 Alph.
739 1344 803 1424 VI,
835 1348 919 1425 432,
951 1347 971 1409 4
996 1347 1120 1412 114444
1145 1350 1179 1412 44
1202 1347 1295 1411 Hom.
1319 1347 1384 1432 Ap.

55 1440 96 1501 tr.
124 1436 178 1513 16,
202 1456 234 1501 n.
260 1436 291 1502 6.

145 1540 186 1608 R.
212 1543 243 1609 2.
289 1539 412 1605 Verum
436 1538 590 1605 facillime
620 1538 684 1605 alio
714 1538 810 1605 modo
841 1539 946 1605 valori
976 1539 1189 1606 absolutionis
1220 1538 1385 1623 provideri

56 1633 170 1715 potest
196 1627 348 1694 nimirum
378 1627 601 1712 paenitentem
631 1628 811 1694 inducendo
841 1631 878 1708 44
908 1649 951 1693 ex
980 1628 1161 1711 praeterita
1183 1628 1254 1695 vita
1283 1628 1386 1697 addat

56 1723 184 1785 certam
207 1717 351 1800 aliquam
374 1716 627 1794 accusationem,
651 1717 684 1782 in
708 1738 773 1799 qua
795 1716 923 1783 nitatur
946 1718 1108 1783 absolutio
1132 1717 1283 1783 absolute
1307 1714 1385 1784 oon·

57 1807 205 1876 ferenda.
252 1806 360 1885 Quare
384 1806 565 1872 consulitur
589 1809 644 1884 ut,
675 1805 738 1871 nisi
761 1808 932 1889 peccatum
957 1806 991 1870 iu
1015 1805 1181 1872 individuo
1204 1808 1385 1890 repetatur,

57 1896 178 1964 saltem
201 1895 330 1961 dicatur
352 1895 458 1962 virtus
480 1895 534 1960 vel
564 1898 776 1979 praeceptum
806 1898 921 1961 contra
944 1915 1027 1976 quae
1051 1898 1187 1978 peccata
1212 1896 1387 1962 commissa

58 1985 141 2063 sint,
166 2006 303 2067 quorum
327 1989 403 2069 post
425 1987 619 2049 renovatum
643 1984 787 2050 dolorem
810 1987 845 2050 at
868 1984 1072 2068 propositum
1095 1984 1256 2052 absolutio
1280 1984 1386 2050 denuo

57 2078 203 2160 petatur.

147 2181 190 2248 R.
220 2183 251 2246 3.
297 2180 335 2245 In
365 2182 478 2246 nostro
509 2199 586 2244 casu
617 2178 712 2245 adest
742 2177 872 2261 quidem
901 2179 1103 2264 praeteritae
1132 2179 1222 2246 vitae
1252 2178 1387 2262 eiusque

59 2274 272 2356 peccatorum
287 2269 419 2346 montio,
441 2268 499 2334 sed
515 2268 678 2350 generalis
694 2268 864 2350 quaedam.
896 2269 988 2334 Haec
1003 2268 1125 2335 sufficit
1140 2272 1239 2348 certe,
1256 2269 1387 2351 quando

60 2360 173 2443 agitur
196 2358 237 2424 de
258 2357 457 2442 paenitente,
482 2357 573 2423 cuius
596 2357 796 2423 couscientia
817 2357 919 2424 etiam
936 2357 1023 2424 circa
1045 2357 1149 2423 vitam
1172 2357 1387 2443 praeteritam

60 2447 263 2514 confessario
286 2451 366 2513 4444
389 2450 450 2525 est,
474 2447 501 2511 44
526 2445 621 2512 modo
646 2449 776 2512 constet
799 2445 839 2512 de
856 2446 1002 2513 excitato
1019 2447 1147 2524 dolore;
1172 2447 1387 2531 probabiliter

61 2537 164 2604 etiam
188 2536 281 2603 alias.
329 2535 392 2601 Sed
422 2535 573 2618 quoniam
606 2555 746 2602 resnou
776 2536 922 2601 estsine
951 2536 1019 2601 ulla
1042 2535 1300 2603 contradictione
1328 2537 1387 2602 ad·

61 2626 172 2705 missa,
199 2631 233 2693 44
256 2625 407 2707 quoniam
432 2625 519 2709 apud
542 2624 648 2708 ipsum
672 2624 908 2690 confessarium
925 2629 1115 2691 consuetum
1140 2626 1306 2692 accusatio
1329 2625 1388 2692 illa

61 2716 145 2781 adeo
168 2713 334 2797 generalis
357 2714 455 2779 facile
477 2714 661 2796 relinquere
692 2717 803 2796 potest
834 2714 965 2779 dubium
996 2713 1036 2779 de
1060 2713 1172 2780 dolore
1202 2717 1330 2781 attente
1354 2718 1388 2782 et

61 2805 189 2870 sincere
213 2807 388 2887 concepto,
418 2823 483 2867 nou
507 2823 563 2868 ore
593 2807 722 2869 tantum
744 2803 891 2887 prolato:
922 2802 1067 2886 practice
1097 2802 1312 2869 insistendum
1336 2807 1389 2870 444

61 2898 99 2960 44
130 2895 192 2960 fiat
223 2892 389 2959 accusatio
422 2891 480 2956 illa
514 2891 555 2957 ad
591 2891 754 2958 cautelam
789 2891 902 2958 addita
936 2913 1009 2957 cum
1042 2890 1153 2976 aliqua
1188 2892 1387 2959 determina·
1489 2948 1492 2953 .

59 2983 192 3137 iiongffl
210 2981 336 3137 {iiiia
369 2980 488 3046 saltem
522 2980 656 3046 virtutis
686 2981 740 3045 vel
774 2981 941 3065 praecepti
972 2980 1049 3046 olim
1080 2980 1206 3048 violati.
1258 2982 1313 3049 lu.
1345 3005 1386 3049 m.

150 3194 205 3260 An
228 3213 420 3270 4444444444
444 3195 484 3258 2“
506 3195 599 3276 patet
622 3192 791 3276 responsio
815 3213 857 3259 ex
882 3192 978 3259 dictis
1001 3193 1045 3260 ad
1071 3195 1118 3261 1¹¹³.

198 3395 395 3461 PECCATA
418 3393 602 3460 HOMINIS
627 3392 953 3459 CONDICIONATE
977 3393 1254 3461 BAPTIZANDI.

630 3559 741 3625 44444.
761 3566 819 3634 (86)

149 3699 295 3760 Albertus
317 3704 347 3758 et
367 3699 523 3774 Augustus
544 3698 666 3758 invenes
688 3698 830 3770 studiosi,
858 3698 939 3775 prior
959 3719 997 3758 ex
1018 3704 1100 3758 secta
1122 3698 1327 3770 rationalista,
1350 3718 1388 3758 ex

60 3780 280 3861 protestantica
300 3780 376 3838 alter
396 3779 547 3849 oriundus,
570 3779 692 3856 cupiunt
714 3778 852 3855 amplecti
872 3778 1044 3854 religionem
1066 3778 1251 3840 catholicam.
1292 3780 1388 3839 Ambo

59 3866 260 3930 instruuntur,
280 3859 479 3936 baptizantur,
500 3878 576 3919 unus
599 3860 715 3918 adiecta
730 3858 911 3930 condicione,
934 3859 1010 3919 alter
1025 3878 1089 3918 cum
1110 3859 1281 3920 condicione
1296 3860 1389 3919 444444

60 3942 284 4012 subintellecta,
305 3959 371 3999 curu
391 3939 586 4017 probabilitas
607 3939 746 4016 baptismi
760 3939 818 3998 rite
832 3939 947 4015 accepti
961 3960 1021 3998 non
1035 3940 1128 4009 adsit;
1151 3942 1237 3999 ambo
1251 3941 1389 3999 iubentur

61 4022 279 4084 confessionem
308 4019 463 4079 instituere
491 4020 527 4079 de
554 4025 617 4078 toto
646 4019 727 4078 vitae
756 4020 897 4090 decursu,
926 4020 969 4078 ita
990 4026 1103 4091 tamen,
1131 4026 1164 4078 ut
1186 4020 1221 4079 de
1243 4020 1388 4096 aliquibus

60 4103 195 4182 peccatis
218 4101 336 4161 omissis
358 4101 527 4176 scrupulum
549 4100 605 4159 sibi
626 4100 725 4159 facere
746 4100 965 4177 prohibeantur.

61 4214 444 4290 Quasa1run1⁰sitnein
466 4214 673 4274 condicionato
694 4213 841 4293 baptismo
867 4214 1039 4273 necessario
1067 4213 1212 4289 exigenda
1240 4214 1388 4274 confessio

319 4313 411 4370 eaque
432 4295 551 4369 integra
571 4296 609 4353 44
630 4295 828 4371 recipiendam
850 4294 1072 4354 absolutionem.

265 4393 296 4450 2ο
317 4397 413 4450 utrum
434 4393 509 4450 haec
523 4392 689 4451 necessitas
704 4392 879 4452 concilietur
900 4411 964 4450 cum
980 4390 1198 4468 probabilismo,
1220 4410 1259 4448 44
1274 4410 1326 4465 per
1342 4390 1388 4448 de·

319 4478 431 4530 cretum
452 4472 481 4532 S.
504 4470 611 4543 Officii,
634 4472 711 4547 quod
731 4473 879 4548 integram
894 4471 1110 4530 confessionem
1125 4469 1261 4539 iniunxit,
1283 4472 1387 4547 proba·

318 4552 426 4610 bilismi
446 4552 562 4611 liceitas
584 4552 724 4611 reiciatur
745 4553 792 4611 vel
815 4551 902 4610 dubia
924 4552 1073 4611 reddatur.

266 4651 296 4709 3ο
316 4650 386 4725 quid
408 4651 443 4709 44
463 4656 564 4710 444444
587 4670 659 4709 4444
679 4649 875 4710 iudicandum.
