3044 5174
122 926 156 980 25

115 4541 148 4594 26

171 274 211 338 18
620 269 660 323 De
678 270 857 323 sacramentis
875 271 1035 338 generatim.

168 468 243 514 cere
266 469 330 512 non
354 447 440 514 tanti
472 451 523 512 est
552 446 676 529 negotii
706 467 811 527 neque
834 446 956 512 homini
979 446 1105 513 sincere
1135 448 1324 531 procedenti
1347 468 1409 533 per
1431 449 1492 515 Dei

167 537 310 620 gratiam
334 536 415 601 adeo
439 536 581 602 difficile.
625 536 711 600 Hinc
733 535 913 602 timendum
937 540 989 602 est
1017 557 1059 601 ns
1082 536 1188 602 Titius
1211 537 1383 620 angustias
1408 541 1491 604 tem·

167 627 255 710 poris
287 625 506 709 praetendens
538 626 648 690 fucum
680 625 799 698 iaciat3
832 625 929 707 idque
962 625 1060 691 etiam
1093 627 1199 692 relate
1231 626 1272 691 ad
1305 631 1490 693 extremam

166 715 362 782 unctionem.
394 714 498 780 Multo
520 714 627 796 magis
649 715 755 780 relate
778 714 820 779 ad
836 714 1016 799 baptismos
1032 714 1170 781 collatos
1186 716 1372 800 putaverim
1394 738 1490 800 prac-

168 804 232 871 tice
256 825 331 868 eum
354 824 374 869 a
397 803 493 885 gravi
516 807 652 887 peccato
676 802 827 869 excusari
850 825 915 868 non
938 825 1044 887 posse.

254 911 294 976 R.
320 913 350 976 3.
382 909 587 994 Baptismum
618 909 784 994 privatum
815 910 1022 976 necessitatis
1053 910 1261 976 committens
1291 910 1362 976 viro
1395 911 1488 987 laico,

166 999 260 1082 eique
282 999 392 1082 impio,
417 998 598 1065 evitavitne
621 1020 699 1065 vere
713 1004 884 1083 peccatum
901 1000 1049 1076 mortale,
1075 999 1161 1081 quod
1176 999 1393 1066 ministrando
1410 1002 1489 1086 bap·

165 1088 298 1155 tismum
322 1088 561 1153 commisisset?

254 1178 391 1255 Fateor,
422 1177 450 1242 si
480 1178 642 1259 agebatur
672 1177 711 1243 de
741 1176 936 1261 baptizando
966 1176 1092 1243 infante
1121 1177 1208 1242 iuter
1236 1176 1341 1261 ipsam
1371 1178 1488 1245 matris

167 1267 360 1343 sectionem,
386 1287 424 1331 eo
449 1267 535 1348 quod
558 1266 598 1331 de
622 1266 692 1332 vita
715 1266 801 1331 illico
824 1265 1088 1350 periclitabatur,
1120 1266 1280 1332 rationem
1304 1267 1488 1333 habendam

166 1355 266 1421 fuisse
290 1355 421 1440 pudori,
452 1359 487 1420 et
517 1376 560 1420 ex
582 1355 643 1421 hac
668 1376 767 1420 causa
790 1359 861 1421 tum
884 1355 993 1439 potins
1023 1355 1174 1438 chirurgo
1202 1376 1301 1437 quam
1323 1356 1487 1423 sacerdoti

166 1444 431 1510 committendam
456 1465 528 1509 esse
552 1443 705 1529 baptismi
730 1445 946 1511 collationem.
978 1444 1016 1509 Id
1032 1465 1187 1528 expresse
1213 1444 1292 1509 dicit
1306 1445 1486 1511 Lacroix

167 1535 188 1600 l.
215 1538 250 1612 6,
281 1556 311 1618 p.
343 1534 368 1611 l,
400 1555 431 1600 n.
465 1535 528 1598 277
560 1534 600 1598 de
624 1532 839 1617 praeferenda
862 1533 1002 1598 femina:
1038 1534 1203 1615 ,Denique
1227 1533 1255 1597 si
1277 1533 1388 1599 infans
1412 1556 1486 1601 nec·

165 1624 241 1687 dum
265 1623 415 1688 totaliter
438 1643 592 1704 egressus
615 1643 657 1687 ex
681 1627 776 1688 utero
800 1622 844 1689 sit
866 1622 1097 1706 baptizandus,
1131 1622 1247 1687 mulier
1269 1623 1487 1706 praeferenda

165 1717 216 1778 est
240 1710 430 1792 cuicumque
453 1712 535 1788 viro,
560 1711 658 1776 etiam
676 1711 807 1795 proprio
823 1712 976 1796 paroch0,
1000 1711 1048 1776 sic
1064 1710 1149 1775 enim
1166 1711 1271 1793 exigit
1290 1711 1485 1786 honestas“;

166 1822 263 1883 quam
293 1800 491 1867 sententiam
516 1800 547 1865 S.
572 1800 686 1884 Alph.
711 1801 776 1879 VI,
813 1803 873 1865 117
907 1800 989 1866 facit
1011 1821 1114 1866 suam.
1161 1801 1214 1864 Ex
1244 1801 1316 1884 pari
1346 1802 1484 1880 ratione,

165 1890 250 1971 quod
282 1889 394 1955 dicunt
418 1890 458 1954 de
483 1889 617 1968 femina,
650 1889 788 1955 dixerim
811 1889 843 1954 in
869 1894 982 1955 nostra
1006 1888 1227 1973 suppositione
1258 1890 1298 1954 de
1321 1890 1484 1974 chirurgo,

164 1979 192 2044 si
215 1978 310 2044 modo
335 1977 452 2043 confidi
475 1978 598 2063 possit,
623 1979 695 2044 fore
718 1985 755 2045 nt
778 1979 841 2044 rite
865 1979 973 2044 omnia
995 1983 1144 2062 praestet
1167 1999 1250 2061 quae
1274 1979 1316 2045 ad
1340 1980 1484 2046 validum

164 2068 360 2152 baptismum
384 2067 451 2133 sint
474 2067 668 2133 necessaria.

252 2165 375 2230 Verum
405 2165 489 2230 hanc
521 2165 681 2230 rationem
712 2165 845 2248 pudoris
868 2165 974 2230 Titius
1004 2165 1190 2232 nullatenus
1220 2165 1341 2246 tetigit.
1390 2166 1483 2233 Unde

163 2254 419 2319 concludendum
442 2254 574 2319 videtur
596 2255 702 2319 locum
725 2254 878 2319 babuisse
901 2253 1099 2337 baptismum
1122 2254 1257 2321 infantis
1285 2254 1381 2338 plene
1405 2257 1481 2333 nati,

164 2364 268 2425 neque
284 2343 428 2408 adfuisse
445 2344 622 2427 periculum
639 2343 816 2408 emoriendi
832 2348 909 2409 ante
925 2342 1133 2409 nativitatem
1150 2343 1341 2427 perfectam.
1378 2343 1483 2421 Quare

164 2433 276 2498 valere
299 2432 412 2498 debuit
434 2432 550 2514 regula
572 2431 714 2497 Ritualis
738 2431 825 2497 circa
848 2433 1046 2516 baptismum
1070 2432 1292 2498 necessitatis:
1321 2433 1374 2510 ,Si
1400 2434 1483 2500 adsit

163 2521 326 2598 sacerdos,
351 2521 487 2587 diacono
510 2521 727 2605 praeferatur,
753 2521 907 2586 diaconus
931 2521 1139 2600 subdiacono,
1164 2521 1300 2587 clericus
1323 2522 1427 2602 laico,
1451 2528 1482 2589 et

164 2610 215 2674 vir
238 2610 389 2688 feminae,
415 2615 510 2689 etc.“;
536 2610 575 2676 de
599 2632 664 2692 qua
687 2611 801 2692 regula
824 2614 919 2676 notat
943 2611 975 2677 S.
998 2610 1112 2694 Alpb.
1137 2611 1158 2676 l.
1183 2632 1229 2687 c.,
1254 2632 1296 2675 ex
1319 2612 1482 2677 sententia

163 2699 292 2764 omnino
317 2699 487 2775 communi,
512 2720 583 2765 eam
601 2699 795 2783 praescripti
811 2699 932 2764 ordinis
948 2700 1190 2783 perversionem
1206 2720 1270 2780 qua
1284 2699 1389 2765 laicus
1406 2722 1481 2784 prae

161 2789 332 2854 sacerdote
361 2788 506 2872 baptizet
536 2810 608 2854 esse
642 2798 801 2874 peccatum
831 2792 979 2854 modale:
1013 2792 1066 2866 ,et
1095 2789 1167 2854 ideo
1198 2789 1298 2855 etiam
1329 2790 1481 2855 sacerdos

160 2877 310 2962 graviter
333 2883 503 2961 peccaret,
534 2877 562 2942 si
585 2877 669 2943 laico
693 2877 1008 2944 administrationem
1039 2879 1199 2943 cederet.“
1250 2878 1339 2960 Ergo
1368 2880 1481 2962 praxis

160 2966 237 3032 Titii
263 2988 326 3032 non
350 2971 423 3032 erat
447 2972 500 3032 via
524 2967 683 3032 evadendi
714 2967 772 3032 sed
801 2967 987 3032 incurrendi
1021 2967 1148 3050 peccati
1171 2967 1319 3033 mortalis
1342 2973 1480 3036 reatum.

249 3065 399 3130 Ceterum
424 3064 457 3129 in
480 3068 592 3128 nostro
624 3085 701 3130 casu
724 3086 789 3129 non
819 3065 936 3130 aderat
965 3070 1061 3131 tanta
1091 3086 1191 3129 causa
1221 3065 1400 3147 quaerendi
1424 3066 1481 3131 hoc

161 3154 334 3236 effugium,
360 3174 423 3235 quo
447 3152 630 3218 evitaretur
652 3158 822 3237 peccatum
847 3174 959 3235 grave.
1002 3154 1135 3219 Minime
1159 3153 1245 3218 enirn
1269 3159 1402 3221 constat
1425 3156 1481 3220 ad·

161 3243 340 3309 ministrari
364 3242 562 3327 baptismum
586 3243 751 3325 privatum
775 3243 982 3308 necessitatis
1005 3245 1047 3308 ab
1071 3264 1125 3318 eo,
1157 3243 1267 3325 quiin
1292 3247 1383 3308 statu
1408 3266 1481 3328 pec·

161 3331 226 3397 cati
251 3336 318 3408 est,
350 3353 423 3397 esse
446 3353 488 3396 ex
512 3353 547 3396 se
571 3353 691 3396 novum
715 3336 884 3414 peccatum
909 3352 1022 3413 grave.
1070 3333 1179 3414 Atque
1209 3331 1242 3395 in
1267 3332 1329 3396 hac
1352 3353 1389 3397 re
1414 3337 1481 3398 tum

160 3420 266 3487 Titius
290 3425 359 3486 tum
383 3420 554 3502 chirurgus
583 3421 615 3485 in
640 3420 769 3503 aequali
799 3421 986 3486 condicione
1016 3421 1229 3504 probabiliter
1252 3422 1480 3488 versabantur.

159 3510 297 3576 Frustra
327 3510 429 3592 igitur
461 3509 633 3592 chirurgus
667 3509 916 3593 praeferebatur
949 3510 1044 3575 Titio.
1098 3510 1262 3574 Nimirum
1295 3510 1326 3576 S.
1360 3510 1479 3594 Alpb.

159 3598 180 3665 l.
205 3621 232 3665 c.
257 3621 287 3665 n.
312 3603 353 3664 32
378 3600 525 3682 praefert
548 3599 677 3681 quidem
700 3599 901 3682 opinionem,
926 3620 1009 3681 quae
1033 3603 1125 3664 tenet
1148 3598 1309 3664 obiective
1333 3601 1481 3681 graviter

159 3689 287 3772 peccari
311 3688 381 3753 sive
406 3710 425 3753 a
448 3687 532 3753 laico
555 3689 626 3753 sive
650 3710 670 3753 a
693 3689 880 3763 sacerdote,
912 3688 966 3770 qui
989 3688 1022 3752 in
1045 3693 1134 3754 statu
1166 3688 1293 3771 peccati
1317 3689 1481 3755 exsistens

160 3777 356 3861 baptismum
381 3778 481 3842 etiam
505 3777 669 3860 privatum
693 3782 821 3842 tantum
845 3777 1010 3854 conferat;
1039 3798 1152 3841 verum
1177 3776 1378 3860 prohabilem
1404 3778 1481 3844 dicit

160 3867 357 3932 contrariam
393 3867 600 3932 sententiam.
648 3867 750 3944 Quam
783 3866 999 3941 sententiam,
1036 3888 1119 3948 quae
1154 3871 1205 3931 est
1240 3867 1271 3931 S.
1304 3866 1481 3934 Thomae

160 3955 403 4038 Aquinatis,
435 3976 514 4021 sane
538 3961 672 4039 propter
694 3956 797 4021 solam
822 3955 1055 4022 auctoritatem
1079 3956 1184 4020 Titius
1214 3956 1359 4038 practice
1389 3979 1481 4022 assu·

159 4065 248 4109 mere
264 4044 381 4127 potuit.
414 4045 525 4110 Verba
537 4045 688 4111 Doctoris
705 4045 854 4127 Angelici
870 4049 947 4111 sunt
962 4045 1044 4110 haec
1060 4044 1206 4123 (Summo
1222 4046 1310 4109 theol.
1330 4048 1359 4123 3,
1378 4067 1410 4127 q.
1429 4049 1479 4121 64,

159 4154 188 4199 a.
215 4137 251 4211 6,
277 4134 319 4198 ad
343 4134 393 4214 3):
424 4133 478 4210 ,In
502 4134 639 4199 articulo
662 4139 774 4199 tamen
798 4134 1006 4200 necessitatis
1029 4155 1092 4198 non
1116 4140 1270 4217 peccaret
1296 4130 1480 4220 [sacerdos]

158 4223 354 4306 baptizando
378 4226 412 4288 ia
437 4246 512 4287 cusu
530 4227 562 4287 in
579 4246 639 4308 quo
657 4227 748 4288 etium
764 4233 864 4308 posset
888 4227 989 4288 laicus
1006 4225 1169 4306 baptizare
1176 4246 1189 4303 ,·
1212 4223 1258 4287 sic
1274 4224 1359 4287 euim
1376 4229 1479 4306 patet,

159 4314 244 4392 quod
268 4334 332 4377 non
355 4334 390 4378 se
414 4312 584 4378 exhiberet
607 4313 792 4377 ministrum
815 4313 998 4388 Ecclesiae,
1030 4312 1087 4376 sed
1117 4312 1307 4378 subveniret
1338 4315 1480 4379 necessi·

158 4407 260 4467 tatem
285 4402 453 4485 patienti.“

247 4527 298 4588 An
323 4547 512 4600 ouansrrun
538 4528 576 4588 3⁰¹
600 4546 642 4589 ex
666 4523 760 4588 dictis
783 4530 876 4606 patet
899 4546 1099 4606 responsum.
1148 4525 1315 4590 Breviter:

247 4632 284 4697 R.
313 4636 339 4697 1.
364 4633 466 4697 Caute
490 4632 592 4710 vivat,
617 4653 657 4695 ne
681 4651 834 4711 umquam
857 4630 982 4696 recidat
1005 4632 1037 4695 iu
1061 4638 1231 4714 peccatum
1256 4634 1406 4701 mortale.
