3044 5174
306 269 431 324 Minister
450 271 550 342 paenit.
571 303 602 310 -
623 287 722 325 munus
741 271 900 340 disponendi
918 271 1086 327 confitentes.
1293 277 1358 343 295

85 446 270 523 margaritae
291 446 474 522 proiciantur
495 453 565 505 ante
585 466 707 523 porcos;
729 466 851 522 quorum
871 467 948 506 unus
969 467 1001 507 es
1022 454 1072 520 tu3
1092 448 1159 509 istis
1180 449 1254 509 nihil
1275 451 1360 511 iuvat

77 527 265 596 idiabolus,
296 527 345 602 qui
373 527 442 585 olirn
472 546 627 602 porcorum
657 547 778 602 gregem
805 528 964 587 suffocavit
990 528 1020 587 in
1049 529 1159 604 aquis.¹‘
1203 531 1287 590 Adeo
1316 531 1358 590 in-

76 627 159 667 nane
181 608 329 682 repulsus,
351 607 413 665 fere
435 607 677 682 desperabundus
699 608 769 669 abit.
799 606 882 676 Quod
905 627 971 667 cum
992 609 1093 667 videat
1112 611 1269 686 parochus,
1292 631 1358 670 eum

76 693 161 748 ucat.
193 689 374 760 ,Tentabo“,
397 686 448 757 ait,
466 688 572 760 ,etiam
587 707 681 755 nunc:
703 688 781 758 veni,
796 695 827 747 te
842 689 1021 749 absolvam.‘⁴
1055 691 1151 766 Atque
1166 691 1359 751 itaomnibus

76 768 224 837 rantibus,
253 768 365 826 Laetus
392 769 527 842 sequenti
561 768 607 826 dis
636 768 751 827 accedit
780 768 816 826 ad
849 788 872 828 s.
902 769 1149 842 communionem,
1183 792 1242 830 non
1270 773 1359 849 pauci

76 851 184 908 ,riuntz
207 848 369 907 Videamus
389 867 458 906 num
480 867 604 924 vespere
626 849 724 907 iaceat
744 848 775 906 in
796 851 868 908 foro.

76 983 210 1024 annrrua
232 965 261 1023 1⁰
282 964 438 1022 licueritne
459 965 589 1041 parocho
611 965 736 1023 Laetum
757 964 800 1022 ita
821 965 974 1041 repellere.

234 1066 263 1120 2⁰
285 1063 352 1137 quid
369 1062 405 1201 diq
419 1063 605 1121 absolutionc
620 1062 808 1122 nihilominus
824 1063 894 1121 data
909 1070 939 1121 et
953 1083 976 1122 s.
996 1063 1200 1124 communione
1214 1064 1359 1140 permissa

285 1143 326 1202 sit
346 1143 375 1200 iu
398 1143 541 1203 'candum

627 1334 763 1400 Salutio.

118 1477 173 1541 An
197 1495 388 1551 onansrrun
415 1478 451 1539 1²¹¹
475 1476 513 1541 R.
540 1478 567 1542 l.
615 1475 783 1541 Perochus
813 1498 893 1559 erga
921 1477 1136 1561 parochianos
1167 1499 1209 1543 ex
1231 1476 1420 1548 inscitiane

76 1568 171 1642 retur,
197 1565 326 1646 quoties
349 1563 589 1630 rationabiliter
611 1569 738 1648 petunt,
762 1572 970 1633 sacramenta
994 1566 1188 1633 ministrare.
1234 1567 1357 1632 Verum
1456 1632 1460 1640 ,

86 1654 331 1720 rationabiliter
353 1657 502 1737 petatur,
526 1653 685 1737 imprimis
708 1656 894 1721 necessaria
917 1656 1086 1739 dispositio
1110 1656 1226 1722 adesse
1250 1656 1357 1722 debet.

77 1765 137 1810 are
161 1745 323 1827 repellere
346 1765 419 1819 eos,
448 1763 568 1824 eosque
591 1745 696 1820 solos,
726 1749 837 1828 potest
861 1751 895 1812 et
921 1746 1035 1823 debet,
1060 1766 1196 1828 quorum
1220 1745 1359 1829 disposi-

76 1854 151 1898 nem
177 1833 429 1917 deprehenderit
451 1831 712 1899 insufficientem.

117 1940 159 2006 R.
179 1942 210 2004 2.
250 1939 402 2003 Publicus
425 1944 589 2022 peccator,
615 1943 652 2005 ut
675 1960 734 2004 suo
757 1939 828 2004 iure
852 1943 1060 2005 sacramenta
1083 1944 1186 2023 petat,
1211 1941 1358 2020 adeoque

76 2029 208 2095 rochum
232 2028 273 2094 ad
298 2028 555 2118 administranda
578 2028 723 2110 obligare
746 2028 860 2112 possit,
885 2029 983 2095 debet
1005 2033 1154 2096 mutatae
1177 2029 1358 2094 voluntatis

76 2122 226 2202 ramenta
256 2118 345 2184 dare.
392 2117 514 2182 Verum
543 2118 577 2182 in
607 2122 779 2201 peccatore
804 2118 934 2202 publico
957 2117 1057 2185 etiam
1080 2116 1358 2184 inveteratissimo

76 2229 109 2274 ec
133 2207 316 2272 voluntatis
339 2207 477 2273 mutatio
501 2207 631 2272 demum
649 2208 814 2290 possibilis
830 2213 898 2285 est;
921 2208 1019 2273 immo
1036 2208 1069 2273 in
1084 2207 1177 2273 brevi
1192 2211 1358 2273 momento

76 2297 140 2361 ina
172 2296 282 2378 gratia
314 2317 387 2360 eum
420 2317 552 2361 movere
585 2300 711 2379 potest,
744 2300 782 2362 ut
813 2297 939 2362 sincere
970 2301 1108 2379 quaerat
1139 2296 1172 2362 in
1202 2296 1358 2363 tribunali

76 2385 252 2451 enitentiae
275 2384 572 2450 reconciliationem
596 2407 668 2451 cum
693 2387 772 2451 Deo.
819 2385 1025 2470 Quapropter
1050 2388 1188 2452 obsolute
1211 2388 1360 2472 repellere

76 2473 278 2540 confessione
302 2474 464 2556 parochus
487 2480 598 2558 potest
621 2476 792 2540 neminem.

118 2579 158 2644 R.
185 2581 214 2646 3.
262 2578 490 2655 Nihilominus,
515 2581 645 2662 quando
669 2581 787 2663 aliquis
812 2584 967 2664 peccator
988 2581 1137 2664 publicus
1161 2584 1257 2647 extra
1281 2602 1358 2647 con-

76 2668 206 2733 sionale
229 2668 406 2751 parochum
431 2668 500 2735 adit
530 2674 722 2752 rogaturus,
753 2673 790 2734 ut
820 2691 913 2735 suam
942 2671 1178 2736 confessionem
1203 2670 1357 2754 excipiat,

76 2758 191 2824 rochus
221 2778 295 2822 eurn
324 2757 438 2823 statim
468 2780 601 2824 monere
630 2763 741 2843 potest
770 2759 991 2825 necessarium
1021 2781 1094 2825 esse
1125 2763 1202 2825 ante
1227 2760 1358 2825 ahsolu-

74 2868 151 2912 nem
175 2847 366 2912 scandalum
390 2846 502 2913 datum
526 2869 682 2931 reparare
698 2848 823 2914 aliasve
839 2848 1056 2930 obligationes
1074 2869 1195 2930 graves
1211 2849 1356 2932 implere.

76 2958 120 3002 ‚ec
151 2935 185 3001 in
215 2939 327 3001 nostro
359 2957 437 3001 casu
467 2937 614 3004 aLaeto
646 2937 775 3003 omnino
805 2939 974 3021 postulare
1003 2941 1152 3022 poterat3
1183 2958 1247 3002 non
1278 2959 1357 3003 vero

76 3027 180 3092 solute
203 3028 336 3108 poterat
360 3027 520 3110 parochus
543 3027 681 3093 Laetum
705 3027 875 3111 repellere.

117 3132 157 3197 R.
183 3134 213 3198 4.
261 3134 306 3198 At
330 3152 370 3196 ne
394 3133 482 3199 aliud
507 3133 635 3214 quidem
661 3133 790 3198 videtur
812 3133 974 3216 parochus
997 3133 1030 3198 in
1053 3137 1164 3199 mente
1186 3132 1356 3208 babuisse;

76 3221 91 3285 ri
115 3221 224 3285 sonna
247 3222 398 3304 repulsae
421 3221 565 3286 nonnihil
590 3223 701 3287 rudior
721 3223 831 3302 fuerit,
856 3223 987 3289 videtur
1002 3222 1203 3287 solummodo
1220 3222 1358 3287 incussis

76 3310 125 3376 nis
147 3310 287 3375 Laetum
311 3310 454 3376 voluisse
477 3311 655 3395 percellere
677 3317 711 3378 et
726 3312 890 3378 efficacius
905 3333 1047 3379 movere.
1087 3311 1262 3393 Quousque
1278 3332 1357 3376 vero

83 3399 265 3466 commonia
288 3399 519 3484 increpationis
542 3401 695 3485 progredi
719 3402 839 3485 possit,
870 3403 903 3467 id
926 3401 1065 3467 multum
1092 3402 1213 3486 pendet
1236 3423 1256 3468 a
1280 3422 1357 3466 con·

76 3490 154 3556 ione
178 3488 282 3566 Laeti,
308 3494 417 3555 utrum
440 3490 541 3556 fuerit
562 3491 659 3556 homo
683 3492 813 3556 infimae
837 3490 1035 3556 condicionis
1058 3511 1177 3558 annon.

118 3615 171 3678 An
199 3633 391 3688 ouansrruu
415 3616 453 3676 2¹³
482 3612 521 3680 R.
550 3617 578 3680 1.
625 3614 811 3680 Communis
841 3614 971 3696 quidem
1000 3614 1116 3695 regula
1146 3635 1218 3679 esse
1249 3613 1418 3692 debet,519

93 3702 278 3768 hominibus
309 3703 390 3767 adeo
420 3701 557 3767 ebriosis
586 3724 645 3787 per
674 3703 805 3784 aliquod
835 3707 965 3787 tempus
990 3702 1151 3770 absolutio
1176 3704 1356 3781 differatur,

76 3813 131 3857 nec
162 3791 369 3873 aliquatenus
399 3792 517 3857 saltem
541 3814 561 3857 a
589 3797 668 3876 potu
698 3792 880 3858 inebriante
911 3793 1146 3859 abstinuerint:
1177 3793 1238 3858 nisi
1268 3793 1358 3859 aliud

76 3882 168 3948 adeat
191 3881 371 3946 necessitas
394 3881 448 3945 vel
473 3881 736 3947 extraordinaria
759 3882 939 3950 conversio.

117 3988 157 4053 R.
183 3990 212 4052 2.
260 3986 474 4070 Quapropter,
500 3988 528 4053 si
552 3989 846 4056 extraordinarium
871 3989 999 4072 gratiae
1023 3988 1196 4072 impulsum
1219 3988 1356 4053 seriam·

76 4099 90 4143 e
116 4077 321 4142 voluntatem
346 4078 506 4159 parochus
528 4078 563 4143 in
586 4080 688 4143 Laeto
705 4078 897 4156 adverterit,
921 4100 985 4143 non
1001 4099 1147 4161 repugno
1164 4077 1241 4160 quin
1260 4082 1356 4160 potu·

76 4173 90 4234 t
114 4166 229 4232 statim
252 4167 434 4234 absolvere.

116 4273 156 4341 R.
188 4275 218 4337 3.
272 4273 395 4338 Verum
430 4274 543 4341 statim
578 4274 752 4341 admittere
786 4273 924 4338 Laetum
961 4274 1003 4338 ad
1037 4294 1063 4338 s.
1099 4271 1356 4337 communionem

76 4383 144 4427 iseo
175 4383 240 4426 non
270 4383 342 4427 esse
372 4368 462 4428 recte
491 4368 611 4431 actum.
658 4365 732 4429 Solo
761 4384 893 4428 accessu
924 4361 966 4426 ad
997 4361 1233 4443 confessionem
1262 4381 1356 4426 scan-

76 4473 136 4517 .um
161 4451 325 4534 publicum
349 4474 412 4516 non
435 4459 507 4519 erat
522 4457 722 4536 reparatum,
747 4472 852 4533 neque
868 4452 1046 4535 periculum
1062 4451 1178 4516 aberat
1193 4449 1356 4532 gravioris

76 4540 184 4616 adali,
209 4541 294 4621 quod
318 4562 358 4605 ex
383 4542 514 4626 relapsu
538 4542 624 4609 sorte
647 4564 724 4607 mox
747 4546 899 4607 secuturo
922 4540 998 4605 oriri
1015 4561 1111 4624 posse
1134 4539 1241 4622 quivis
1258 4539 1356 4606 facile

76 4630 139 4696 >uit
160 4629 280 4697 videre.
320 4630 379 4707 Qui
403 4633 488 4696 enim
512 4632 594 4697 adeo
618 4653 717 4715 saepe
733 4629 969 4696 confessarium
985 4629 1114 4709 fefellit,
1137 4629 1355 4714 suspicionem
