3044 5174
316 296 513 367 impedimenta
532 297 695 351 matrimonii
714 297 880 354 dirimentis:
900 328 935 338 -
954 299 1191 369 consanguinitas.
1356 302 1421 367 553

93 470 140 525 vel
159 471 270 526 inverso
288 472 390 537 ordine,
408 471 431 525 si
450 472 529 542 ponis
547 488 661 542 sponsos
680 473 758 539 infra

623 579 658 615 ox
677 561 794 615 lieberto
813 561 893 615 Prinz

650 645 830 708 ss&

833 678 1047 776 N

93 808 130 844 ex
149 790 290 861 Stephano
308 791 403 845 Ruben
422 793 450 845 et
467 790 614 846 Francisca
632 790 714 845 Prina
881 803 916 840 ex
934 788 1068 846 Herberto
1088 792 1168 847 Prinz
1186 797 1215 847 et
1233 792 1339 848 Amalia
1358 794 1423 847 Hirt

633 888 668 925 ex
688 868 801 938 aegidio
820 866 941 922 Summer

389 957 1175 1143 ιίκι

176 1154 258 1208 Anna
275 1153 371 1209 liuban
389 1160 418 1343 Ῑι
437 1156 508 1211 Frid.
528 1155 650 1212 Scmmer
883 1157 996 1213 Camillo
1016 1158 1138 1214 Somrner
1156 1163 1185 1214 et
1203 1159 1328 1214 Carolina
1342 1160 1421 1213 Prius

347 1234 456 1407 Sarirnel
1090 1356 1214 1411 Susanna

186 1528 226 1594 R.
252 1530 281 1596 2.
329 1527 535 1613 Quapropter
558 1551 630 1595 eum
654 1530 887 1613 impedimenta
909 1529 972 1596 rite
994 1530 1139 1597 indicata
1162 1553 1225 1596 non
1249 1532 1325 1611 sint,
1351 1536 1422 1597 tota

93 1617 297 1702 dispensatio
321 1622 373 1684 est
394 1618 499 1696 irrita,
524 1624 624 1701 atque
647 1618 753 1684 denuo
776 1620 844 1703 peti
869 1619 975 1685 debet.
1015 1619 1131 1702 Neque
1147 1620 1269 1685 sufficit
1285 1626 1321 1687 ut
1338 1641 1422 1685 nunc

95 1708 186 1774 circa
215 1706 319 1773 solam
350 1707 669 1789 consanguinitatem
699 1708 833 1773 secundi
864 1709 987 1791 gradus
1015 1709 1291 1792 dispensationem
1315 1714 1420 1793 potas,

92 1797 190 1880 quasi
222 1796 288 1862 iam
318 1798 454 1864 obtenta
483 1797 528 1863 sit
558 1798 592 1862 in
616 1797 901 1878 consanguinitate
934 1798 1025 1863 tertii
1058 1799 1190 1880 gradus.
1237 1798 1269 1863 N
1272 1820 1325 1863 am
1359 1797 1420 1862 nisi

94 1886 206 1952 omnia
229 1885 462 1970 impedimenta
485 1889 580 1953 simol
602 1886 797 1965 indicantur,
823 1886 1023 1972 dispensatio
1046 1887 1126 1952 nihil
1148 1889 1249 1952 valet.

310 2078 697 2146 CONSANGUINITAS
720 2079 777 2144 ET
801 2079 1035 2145 AFFINITAS
1058 2079 1207 2146 DUBlA.

652 2237 762 2304 Casus.
783 2245 860 2313 (ιιι)

185 2375 326 2436 Claudius
347 2377 563 2437 matrimonio
555 2383 674 2437 iunctus
696 2396 748 2455 per
762 2397 856 2436 annos
871 2397 995 2454 pravum
1011 2377 1218 2437 commercium
1231 2377 1336 2435 habuit
1356 2396 1422 2435 oum

93 2458 171 2518 Sara
192 2457 282 2516 etiam
304 2457 518 2516 matrimonio
510 2463 620 2517 iuncta.
662 2459 735 2518 Post
722 2463 887 2517 tmortem
915 2459 1018 2518 uxoris
1047 2459 1092 2517 int
1079 2458 1176 2517 tendit
1204 2459 1311 2517 ducere
1331 2458 1422 2516 liliam

93 2544 168 2598 natu
188 2537 330 2597 maiorem
352 2537 452 2609 Sarae,
475 2558 621 2615 unamque
642 2559 681 2598 ox
701 2539 765 2599 suis
786 2539 905 2598 filiabus
926 2540 985 2599 filio
1007 2540 1101 2599 Sarac
1122 2544 1196 2616 nupt
1198 2539 1227 2597 ui
1184 2539 1328 2598 t.dare

93 2643 275 2713 Qunnnrrna
296 2644 325 2700 1⁰
346 2643 499 2719 possintne
520 2644 707 2704 matrimonia
728 2645 780 2704 illa
800 2645 877 2716 iniri,
899 2665 938 2704 an
960 2647 1079 2704 obstent
1099 2644 1317 2722 impedimenta.

297 2725 328 2782 2⁰
349 2723 417 2800 quid
439 2724 479 2783 sit
500 2724 676 2797 faciendum,
699 2724 725 2784 si
746 2746 851 2785 revera
873 2725 1060 2785 matrimonia
1081 2725 1133 2785 illa
1154 2726 1265 2784 fuerint
1286 2726 1369 2784 inita.

693 2906 830 2973 Salutio.

186 3039 240 3105 An
264 3060 455 3115 quansmou
482 3042 518 3103 1¹²
542 3040 580 3106 R.
601 3042 629 3105 1.
669 3041 721 3103 Ex
745 3060 782 3103 eo
807 3039 893 3121 quod
910 3038 1063 3104 Claudius
1087 3059 1158 3103 cum
1184 3038 1266 3103 Sara
1290 3039 1450 3111 carnales

96 3129 327 3197 commercium
350 3128 512 3205 habuerit,
537 3129 641 3211 primo
665 3132 800 3194 stante
824 3127 932 3192 omnia
954 3129 1113 3193 solvenda
1136 3128 1240 3192 oritur
1264 3127 1422 3209 quaestio,

97 3241 176 3286 num
205 3218 306 3284 fuerit
335 3218 452 3302 copula
482 3216 639 3300 perfecta.
687 3217 759 3282 Nisi
791 3217 875 3282 enim
906 3217 1022 3295 fuerit,
1054 3219 1148 3283 abest
1174 3216 1424 3282 fundamentum

97 3308 203 3376 omnis
227 3307 431 3389 cognationis
454 3307 508 3371 vel
532 3306 714 3372 affinitatis

187 3407 227 3471 R.
253 3407 282 3471 2.
323 3404 356 3470 Si
386 3404 493 3470 adluit
523 3405 639 3489 copula
669 3404 834 3488 perfecta,
865 3404 1018 3470 Claudius
1042 3403 1150 3468 affinis
1174 3403 1292 3468 saltem
1316 3403 1426 3470 factus

98 3499 150 3562 est
173 3493 424 3574 consanguineis
447 3494 549 3559 Sarae
572 3494 670 3576 idque
694 3514 797 3575 usque
821 3492 863 3558 ad
887 3492 1064 3558 secundum
1088 3492 1226 3574 gradum
1249 3493 1424 3571 inclusive;

98 3586 247 3666 adeoque
270 3582 378 3649 affinis
402 3588 453 3649 est
476 3583 634 3666 imprimis
658 3583 807 3648 omnibus
831 3604 913 3664 quas
936 3581 1018 3646 Sara
1042 3582 1156 3663 genuit
1180 3582 1273 3647 filias

188 3682 228 3746 R.
250 3684 279 3745 3.
319 3680 383 3747 Sed
407 3680 544 3746 ulterius
567 3680 716 3763 indagari
741 3681 839 3747 debet
861 3684 991 3762 tempus
1013 3679 1120 3745 illiciti
1143 3680 1230 3745 illius
1254 3702 1326 3744 cum
1344 3681 1425 3747 Sara

99 3769 294 3839 commercii.
350 3769 384 3835 Si
418 3769 504 3835 enim
535 3769 622 3835 circa
654 3774 784 3853 tempus
816 3791 879 3852 quo
913 3769 1015 3834 Sarae
1047 3769 1134 3834 filiae
1167 3770 1424 3852 conciperentur,

99 3858 330 3926 commercium
351 3859 467 3937 adfuit,
492 3859 606 3925 harum
631 3859 769 3925 filiarum
794 3863 890 3942 pater
913 3858 1059 3923 redditus
1083 3864 1134 3923 est
1157 3857 1310 3923 incertus
1352 3857 1425 3922 Dis-

100 3949 190 4016 cerni
214 3948 299 4014 enim
322 3949 435 4030 nequit
459 3952 568 4014 utrum
592 3971 612 4015 a
635 3949 737 4015 Sarae
760 3948 879 4013 marito
906 3969 949 4012 an
973 3947 1013 4012 ab
1037 3947 1107 4030 ipso
1131 3947 1253 4012 Claudo
1277 3945 1425 4028 generati

100 4039 182 4115 sint3
216 4038 289 4104 aliis
312 4037 438 4103 verbis:
463 4058 536 4103 esse
559 4042 670 4121 potest
696 4043 734 4106 ut
755 4037 842 4103 filiae
867 4038 985 4113 Sarae,
1010 4057 1106 4118 quam
1132 4036 1283 4100 Claudius
1308 4034 1426 4099 ducere

99 4128 251 4205 intendit,
276 4127 320 4194 sit
342 4127 414 4211 ipsa
438 4127 507 4191 eius
530 4128 597 4192 filia
621 4148 664 4192 ex
687 4128 849 4194 adulterio
872 4131 1055 4210 procreata.

191 4216 229 4282 In
252 4216 324 4282 foro
346 4215 476 4298 quidem
499 4221 637 4282 externo
659 4217 879 4300 praesumitur
901 4217 968 4280 filia
990 4214 1048 4278 illa
1072 4234 1144 4278 esse
1161 4213 1317 4294 legitima,
1342 4233 1425 4291 cum,

101 4307 189 4392 quod
212 4310 248 4372 in
270 4305 477 4371 matrimonio
501 4306 657 4382 nascitur,
676 4308 855 4371 'censeatur
870 4304 959 4368 nasci
976 4327 1014 4369 ec
1029 4302 1247 4379 matrimonio,
1273 4301 1333 4365 nisi
1350 4323 1426 4366 con-

100 4397 240 4464 trarium
265 4404 346 4461 certo
370 4395 571 4460 ostendatur.
611 4397 769 4459 Attamen
786 4392 1008 4477 praesumptio
1023 4392 1080 4457 illa
1097 4411 1300 4472 nequaquam
1317 4392 1428 4456 aufert

102 4487 235 4552 dubium
267 4507 310 4551 ex
338 4489 435 4569 parte
464 4484 528 4551 rei:
563 4488 598 4549 et
627 4483 779 4565 quoniam
812 4483 909 4565 plane
940 4481 984 4546 sit
1014 4485 1128 4545 contra
1151 4483 1303 4544 naturam
1327 4484 1427 4561 atque

102 4576 247 4641 naturali
270 4573 497 4649 inminutum,
522 4576 649 4655 patrem
673 4572 791 4637 ducere
811 4591 904 4636 suam
922 4571 1040 4635 filiam:
1065 4589 1198 4634 necesse
1222 4573 1273 4632 est
1297 4569 1427 4633 omnino

103 4668 141 4731 ut
164 4664 318 4730 Claudius
347 4663 389 4729 ab
418 4663 475 4729 illo
505 4660 713 4727 matrimonio
743 4660 870 4727 intento
894 4660 1076 4737 abstineat,
1108 4658 1170 4723 nisi
1198 4661 1288 4721 certe
1311 4658 1429 4739 probet
