3044 5174
10 344 27 519 l

10 578 20 673 l

414 315 415 320 .
488 277 604 332 Materia
623 279 761 347 proximo:
780 307 815 315 -
835 277 984 332 Confessio.
1331 284 1395 349 203

155 456 212 520 Aa
235 475 428 531 ousrsrruu
452 457 490 519 2¹¹¹
521 454 559 521 R.
588 459 615 521 l.
663 455 805 521 Publicis
834 456 1031 540 spectaculis
1054 457 1126 523 Far.
1153 457 1198 522 VI
1228 458 1261 522 in
1293 457 1457 523 Para-346

64 564 166 609 sceva
190 543 361 628 cooperari
377 543 430 609 vel
446 545 550 609 solum
567 549 683 628 sponte
706 545 862 611 assistere
879 550 1031 611 censetur
1047 545 1292 612 circumstantia
1310 567 1395 629 quae

65 654 206 715 gravem
230 632 377 699 malitiae
400 634 543 716 speciem
566 633 682 699 addat:
715 639 915 718 quapropter
937 634 1018 699 baec
1049 634 1295 701 circumstantia
1318 657 1394 720 sup-

68 723 164 805 primi
195 744 262 787 non
292 727 433 806 poterat.
481 722 593 800 Quoad
623 723 759 790 choreas
791 723 915 805 reliquo
946 728 1093 807 tempore
1117 724 1395 806 Quadragesimae

67 811 257 889 institutas,
290 811 316 876 si
341 832 480 893 magnus
504 815 577 877 orat
600 833 772 888 excessus,
796 812 882 876 idem
906 813 1013 888 valet;
1047 817 1192 878 ceterum
1216 814 1276 879 hac
1300 814 1394 879 inre

68 901 208 966 multum
231 900 354 984 pendet
376 921 396 966 a
419 899 483 965 loci
506 901 740 967 consuetudine
763 903 816 965 vel
840 922 858 966 e
882 901 1047 967 contrario
1072 924 1091 967 a
1114 903 1280 969 scandalo.

156 1015 198 1081 R.
224 1018 254 1080 2.
301 1014 414 1092 Quoad
437 1015 634 1081 adulterium
657 1015 832 1081 Medardus
856 1020 928 1082 arte
952 1038 1017 1098 qua
1047 1017 1151 1082 utitur
1173 1017 1255 1082 satis
1279 1021 1394 1101 aperte

69 1113 162 1190 nepot
185 1103 382 1170 adulterium
407 1125 479 1169 esse
503 1108 653 1170 recenter
677 1105 901 1177 commissum:
925 1105 1023 1171 immo
1048 1106 1134 1172 inter
1149 1111 1286 1190 paccata
1309 1127 1393 1189 quae

71 1215 139 1258 oum
171 1192 335 1260 adulterio
364 1193 456 1258 addit
485 1214 557 1259 esse
588 1194 717 1276 aliquod
749 1194 834 1276 quod
864 1195 1007 1259 noudum
1037 1198 1088 1260 est
1118 1200 1308 1261 accusatum
1333 1217 1394 1281 pro

72 1283 166 1348 dubio
189 1285 305 1366 aperte
328 1282 489 1366 proponit,
514 1304 586 1347 curn
611 1283 708 1361 dicat,
739 1283 783 1359 ,si
807 1283 882 1366 quid
904 1283 988 1365 forte
1007 1284 1197 1350 exciderit“.
1230 1285 1294 1350 Sed
1316 1304 1394 1368 peo-

72 1376 177 1438 catum
201 1375 354 1437 recenter
370 1371 576 1437 commissum
592 1377 629 1438 ut
645 1376 814 1455 peccatum
839 1374 1009 1454 antiquum
1025 1373 1192 1438 declarare
1208 1372 1393 1439 necessario

72 1459 206 1544 impedit
229 1460 464 1526 confessarium
488 1482 509 1525 a
531 1466 621 1526 recto
644 1461 762 1526 iudicio
787 1482 924 1544 eumque
947 1461 980 1526 in
1004 1483 1039 1527 re
1063 1462 1157 1544 gravi
1181 1462 1318 1546 decipit;
1349 1461 1394 1526 si-

73 1550 189 1615 militer
212 1553 383 1633 peccatum
406 1570 509 1631 grave
541 1557 630 1616 certo
661 1552 803 1615 nondum
827 1555 1014 1616 accusatum
1046 1551 1215 1616 declarare
1238 1557 1275 1617 ut
1299 1550 1394 1616 dubie

74 1638 211 1704 nondum
242 1642 431 1704 accusatum
462 1638 610 1722 deceptio
641 1639 753 1720 gravis
782 1645 842 1705 est.
890 1640 943 1704 Ex
972 1639 1088 1722 quibus
1118 1640 1265 1705 concludi
1296 1641 1394 1707 debet

75 1728 277 1793 commissum
301 1746 373 1793 csse
396 1748 499 1809 grave
522 1734 693 1811 peccatum
718 1728 846 1794 defectu
871 1728 1080 1794 sinceritatis.

155 1824 256 1890 Aliud
280 1827 378 1902 esset,
402 1825 430 1890 si
446 1825 622 1890 Medardus
638 1826 717 1890 nihil
734 1826 936 1908 distinguens
952 1825 1039 1892 inter
1054 1830 1191 1910 peccata
1212 1826 1393 1908 antiquitus

10 1911 12 1918 ’
76 1919 103 1980 et
130 1918 284 1980 recenter
313 1913 486 1979 commissa
517 1915 670 1979 edacem
700 1915 795 1981 annis
818 1915 1039 1980 confessiones
1063 1915 1252 1999 repetisset,
1286 1936 1392 1996 neque

10 2062 17 2084 ι
76 2003 290 2069 confessarius
305 2003 490 2069 accuratius
504 2003 752 2085 interrogasset.
785 2004 1011 2069 Confessarius
1028 2004 1112 2068 enim
1129 2005 1169 2069 dc
1185 2005 1246 2069 bac
1263 2003 1391 2086 quidem

10 2090 16 2097 ’
77 2092 279 2160 distinctione
302 2092 526 2174 interrogandi
549 2093 600 2158 ius
629 2093 745 2169 habet;
777 2094 804 2157 si
834 2094 1035 2174 interrogat,
1066 2094 1236 2176 paenitens
1266 2093 1392 2158 sincere

78 2181 165 2247 lateri
196 2182 311 2257 debet;
343 2186 379 2247 at
401 2180 633 2264 obligationem
663 2182 888 2263 interrogandi
919 2182 1138 2247 confessarius
1168 2203 1232 2247 non
1263 2203 1392 2265 semper

10 2301 25 2338 ·.
78 2269 182 2348 habet,
216 2270 315 2335 immo
345 2291 444 2353 saepe
473 2271 652 2355 prudenter
674 2292 744 2335 rom
768 2270 994 2337 dissimulabit.
1042 2271 1125 2336 Aliis
1154 2272 1279 2336 verbis:
1314 2293 1391 2336 con-

79 2358 227 2425 fessarius
250 2359 311 2424 tali
334 2359 454 2442 agendi
477 2361 572 2424 modo
596 2381 662 2424 non
685 2360 854 2443 decipitur,
879 2358 936 2425 sed
959 2360 1030 2444 ipse
1053 2382 1074 2425 a
1089 2360 1212 2425 maiore
1234 2360 1392 2425 informa·

80 2448 166 2527 lione,
192 2447 283 2514 cuius
307 2448 485 2532 capiendae
509 2470 590 2515 ansa
614 2450 800 2532 praebetur,
825 2471 867 2514 ex
891 2471 950 2513 suo
973 2449 1090 2515 iudicio
1115 2449 1269 2515 abstinet.

155 2565 194 2630 R.
221 2567 251 2628 3.
298 2562 389 2640 Quod
412 2564 453 2629 ad
477 2566 686 2629 Meinradum
716 2564 853 2641 attinet,
887 2565 957 2629 fieri
987 2569 1098 2648 potest
1128 2569 1163 2631 ut
1194 2565 1264 2648 ipse
1295 2570 1452 2647 puta-347

80 2653 152 2718 verit
175 2653 369 2718 confessarii
391 2653 681 2735 interrogationem
706 2674 778 2718 esse
803 2653 842 2718 de
866 2654 1123 2719 confessionibus
1139 2653 1305 2737 proximis.
1338 2652 1391 2718 Id·

81 2761 131 2822 quo
154 2762 287 2807 revera
310 2742 507 2823 regulariter
521 2742 569 2808 ita
585 2746 645 2807 est.
677 2742 723 2808 ut
764 2763 835 2818 ano,
859 2742 886 2806 si
911 2742 1057 2807 condicio
1074 2742 1234 2807 Meinradi
1257 2764 1391 2826 prorsus

80 2829 242 2897 immutata
265 2834 369 2907 esset,
399 2835 489 2897 recte
518 2831 696 2896 iudicasset
725 2851 760 2896 se
785 2831 824 2895 de
847 2832 992 2915 peccatis
1015 2832 1113 2915 plane
1135 2832 1339 2915 praeteritis,
1371 2854 1392 2897 a

80 2939 204 3000 quorum
228 2920 462 2986 consuetudine
486 2920 539 2985 diu
563 2920 755 2986 emendatus
778 2920 835 2996 sit,
861 2941 966 3001 neque
988 2920 1187 3001 interrogari
1210 2941 1315 3001 neque
1338 2942 1390 2985 re—

80 3010 229 3092 spondere
253 3008 386 3086 debere;
411 3030 450 3074 ao
472 3008 566 3093 proin
589 3031 625 3074 se
648 3030 744 3092 posse
768 3030 841 3074 cum
864 3009 946 3075 satis
963 3014 1079 3093 aperta
1103 3009 1310 3075 restrictione
1333 3030 1390 3074 ne-

16 3105 22 3113 ’
79 3118 156 3178 garo.
188 3099 313 3178 Verum
336 3119 371 3162 re
394 3097 467 3181 ipsa
490 3098 635 3164 condicio
660 3097 819 3163 Meinradi
842 3119 907 3163 non
930 3120 970 3163 ea
987 3103 1068 3174 erat,
1094 3098 1282 3163 sedendam
1306 3102 1388 3174 erat,

10 3213 17 3234 ι
80 3185 189 3270 inqua
213 3190 291 3252 ante
320 3207 424 3252 annos
447 3187 565 3252 misere
594 3187 626 3251 iu
658 3187 803 3270 peccatis
832 3187 985 3253 haeserit.
1033 3187 1140 3263 Quare
1170 3187 1302 3251 dubium
1325 3208 1390 3252 non

14 3351 26 3360 .
79 3281 120 3343 est
141 3277 220 3359 quin
244 3279 358 3342 contra
382 3276 434 3342 fas
450 3276 649 3342 confessario
664 3277 883 3358 interroganti
899 3276 1025 3360 priores
1041 3277 1189 3359 relapsus
1206 3276 1389 3358 negaverit.

38 4746 49 4775 Ι

10 3406 14 3416 »
79 3364 187 3440 Quodsi
218 3368 296 3431 ante
325 3385 428 3430 anuos
459 3389 527 3431 oum
552 3368 662 3432 cadem
682 3388 821 3450 persona
852 3387 990 3447 quacum
1021 3386 1105 3430 nono
1136 3370 1333 3449 peccaverat
1356 3370 1391 3431 et

79 3455 110 3519 ad
132 3455 298 3536 relapsum
322 3453 518 3532 devenerat,
550 3455 752 3532 nullatenus,
784 3476 825 3519 ne
855 3455 1035 3520 subiective
1067 3454 1213 3537 quidem,
1245 3475 1265 3519 a
1294 3454 1390 3537 gravi

10 3570 11 3574 ¹
77 3542 239 3627 sacrilegio
263 3543 390 3609 ratione
413 3543 572 3609 mendacii
594 3543 627 3608 in
652 3543 855 3609 confessione
879 3544 1084 3609 excusandus
1108 3549 1175 3615 est:
1206 3544 1304 3608 immo
1328 3543 1391 3610 etsi

77 3632 167 3700 luerit
189 3653 263 3700 cum
287 3631 352 3698 alia
375 3653 516 3715 persona
545 3633 659 3698 sedin
683 3633 796 3698 iisdem
821 3632 1092 3709 circumstantiis,
1118 3632 1278 3698 obiective
1301 3639 1390 3699 certe

76 3723 216 3804 graviter
237 3722 397 3805 peccavit,
422 3727 522 3804 atque
545 3721 645 3787 etiam
669 3721 848 3787 subiective
872 3742 944 3787 eum
969 3723 1118 3803 graviter
1135 3743 1290 3806 peccasse
1313 3743 1390 3804 gra·

10 3847 20 3858 ·
75 3813 204 3879 sissima
225 3810 448 3894 praesumptio
471 3815 538 3889 est,
573 3833 645 3876 cum
670 3812 711 3875 ab
734 3810 863 3876 homine
887 3811 1128 3877 rationabiliter
1151 3811 1389 3887 considerante,

75 3902 128 3968 nisi
152 3900 252 3967 valde
274 3900 365 3965 rudis
388 3901 440 3965 vel
463 3900 614 3983 stupidus
638 3900 755 3977 fuerit,
781 3900 860 3965 haec
884 3900 1106 3965 condicionum
1130 3900 1315 3982 aequalitas
1339 3905 1391 3965 at-

10 4044 17 4054 .
74 4012 128 4074 quo
151 3988 309 4075 peccandi
324 3988 504 4072 periculum
520 3989 561 4053 de
577 4011 640 4070 quo
657 3989 877 4054 confessarius
894 3995 1032 4070 quaerat
1052 3989 1135 4054 satis
1151 3990 1261 4053 vivide
1277 3989 1391 4054 statim

10 4134 16 4144 .
74 4079 342 4167 apprehendatur.
389 4078 436 4144 Cf.
465 4079 520 4143 Tu.
545 4101 585 4144 m.
610 4078 651 4155 II,
676 4081 750 4145 313.

154 4194 195 4260 R.
220 4195 251 4257 4.
298 4193 494 4258 Meiaworrli
516 4192 642 4257 dicendi
666 4193 797 4269 medua,
829 4192 1026 4273 regulariter
1049 4193 1225 4275 loquendo,
1252 4213 1271 4256 a
1295 4192 1452 4274 gravi3l8

72 4288 203 4367 peccato
226 4302 284 4347 seu
308 4280 476 4347 mendacio
499 4281 532 4346 in
557 4281 761 4347 confessione
785 4282 991 4346 excusandus
1021 4303 1085 4346 non
1110 4286 1171 4347 est.
1219 4281 1390 4346 Obicotive

72 4375 151 4440 euim
175 4372 248 4456 ipse
271 4376 344 4436 erat
367 4375 401 4437 et
424 4371 546 4436 mansit
568 4373 668 4436 etiam
692 4392 778 4435 nunc
793 4391 852 4454 pcr
875 4371 1001 4453 aliquot
1016 4391 1145 4435 menses
1163 4370 1195 4434 in
1220 4370 1390 4434 occasione

73 4461 234 4546 peccandi,
260 4480 344 4542 quae
366 4460 532 4542 bucusque
556 4465 628 4525 erat
651 4459 818 4543 proxima:
844 4459 884 4524 de
907 4482 971 4541 qua
995 4461 1199 4540 interrogare
1224 4458 1390 4523 confessa-

73 4553 132 4618 rius
156 4553 208 4617 ius
240 4549 349 4614 habet.
394 4547 566 4632 Proposuit
590 4549 719 4631 quidem
751 4570 823 4614 eam
854 4549 989 4614 reddere
1012 4548 1196 4613 formaliter
1218 4551 1388 4614 remotam.

73 4641 129 4708 Sed
153 4640 181 4706 si
205 4639 268 4705 hoc
290 4638 492 4722 propositum
517 4637 716 4722 paenitentis
746 4638 913 4703 sufficeret
937 4644 973 4704 ut
1003 4637 1205 4703 occasionem
1229 4637 1390 4702 obiective
