3044 5174
144 269 209 332 476
612 265 817 320 Sacramentum
836 267 1009 322 matrimonii.

143 461 281 525 cumque
296 441 538 507 matrimonium
554 441 647 508 inire.
675 443 764 525 Ergo
780 464 823 508 ex
838 447 934 527 parte
950 442 1057 508 Caroli
1072 464 1137 508 non
1153 442 1296 510 habetur
1310 443 1471 510 sufficiens

142 531 324 615 promissio.
360 530 521 614 Quidquid
544 529 647 615 igitur
669 531 758 598 'litia
780 531 931 610 intendit,
957 531 1111 614 quidquid
1134 532 1284 616 putavit:
1307 534 1472 618 sponsalia

42 668 46 674 -
143 642 224 686 vera
247 642 312 686 non
336 620 465 686 adsunt.
511 618 559 687 Cf.
585 621 804 706 Casparri,
829 623 879 687 De
902 621 1182 699 matrimoni021,
1208 623 1261 688 28.

232 735 271 802 R.
297 738 327 800 2.
374 734 462 801 Titia
485 734 624 817 quidem,
650 735 677 800 si
701 735 808 800 Caroli
832 735 1003 820 promissio
1027 735 1193 802 sufficiens
1216 736 1392 816 adfuisset,
1415 760 1472 804 sua

143 824 262 907 agendi
291 823 418 889 ratione
448 824 549 889 tacite
579 824 661 890 satis
691 824 819 910 accepit
849 830 883 892 et
910 825 1114 910 repromisit;
1145 846 1259 892 verum
1291 828 1376 893 baec
1405 828 1471 893 uni-

141 912 290 979 lateralis
306 912 477 996 promissio
493 934 558 978 non
574 913 696 980 sufficit
712 913 754 978 ad
770 913 945 998 sponsalia.
970 912 1080 996 Atque
1099 935 1141 978 ex
1162 915 1307 981 admissa
1322 916 1471 982 liberiore

144 1001 263 1085 agendi
297 1001 426 1068 actione
457 1002 642 1070 ostenditur
678 1003 808 1087 quidem
841 1003 962 1068 Titiam
992 1024 1065 1068 esse
1095 1002 1284 1088 deceptam,
1327 1005 1470 1071 sednon

144 1091 329 1159 ostenditur
352 1091 552 1174 sponsalium
576 1092 680 1158 valor.

81 1223 134 1278 825
232 1207 271 1273 R.
297 1209 327 1273 3.
375 1207 550 1272 Promissio
573 1207 660 1273 inter
675 1207 826 1273 Carolum
849 1210 884 1273 et
900 1206 1007 1272 Titiae
1030 1228 1186 1285 sororem,
1211 1211 1377 1290 quatenus
1400 1230 1470 1293 pro·

142 1295 255 1361 missio
279 1300 339 1372 est,
364 1295 434 1363 siue
458 1295 553 1360 dubio
578 1296 687 1362 omnia
708 1296 742 1361 in
768 1317 803 1362 se
827 1296 974 1362 continet
1000 1317 1083 1378 quae
1108 1297 1150 1362 ad
1172 1296 1284 1362 valida
1307 1299 1472 1383 sponsalia
1510 1260 1514 1339 l

143 1383 363 1467 requiruntur.
424 1384 542 1462 Quaeri
582 1389 712 1452 tantum
746 1389 858 1468 potest
892 1406 969 1450 num
1005 1384 1171 1452 obstiterit
1204 1384 1469 1471 impedimentum

143 1473 315 1556 quominus
345 1473 577 1556 obligationem
608 1474 835 1558 sponsalitiam
866 1496 938 1538 oum
968 1495 1080 1539 sorore
1108 1474 1215 1541 'litiae
1243 1474 1328 1540 inire
1359 1476 1468 1561 possit.

144 1563 285 1629 Obstara
308 1566 421 1646 posset
443 1563 574 1647 publica
596 1564 762 1641 honestas,
786 1562 814 1627 si
831 1584 910 1628 vera
933 1561 1073 1629 fuissent
1096 1584 1167 1629 cum
1185 1563 1273 1629 Titia
1288 1565 1470 1648 sponsalia,

143 1652 295 1717 sedeam
312 1674 392 1716 vera
415 1673 479 1717 non
503 1651 634 1730 fuerint,
659 1674 725 1717 non
748 1653 868 1718 obstat.
902 1651 1042 1718 Obstare
1064 1657 1177 1736 posset
1199 1659 1375 1737 peccatum
1401 1675 1467 1720 curn

143 1740 232 1807 Titia
254 1746 439 1825 peractum,
471 1741 613 1807 maxime
636 1763 708 1806 cum
733 1739 912 1807 communis
935 1742 1102 1807 sententia
1124 1741 1169 1807 sit
1192 1762 1233 1807 ex
1256 1743 1470 1828 promissione

142 1829 341 1897 matrimonii
365 1830 465 1895 etiam
488 1832 582 1909 ficta,
613 1831 641 1895 si
671 1831 733 1896 hac
756 1829 884 1896 ratione
907 1831 1017 1916 puella
1040 1830 1166 1896 violata
1195 1831 1255 1908 sit,
1288 1831 1368 1896 oriri
1393 1832 1468 1897 obli·
1509 1816 1513 1955 4

143 1920 310 2002 gationem
334 1940 407 1984 eam
431 1919 577 1987 ducendi.

230 2025 399 2102 Attamen,
424 2026 452 2091 si
474 2026 605 2093 interim
628 2047 850 2111 supponamus
873 2047 938 2091 non
961 2026 1106 2092 adfuisse
1123 2027 1272 2111 copulam
1287 2026 1468 2110 perfectam

143 2137 217 2182 cnm
248 2115 351 2193 Titia,
384 2115 469 2198 quod
501 2116 543 2181 ad
574 2114 821 2200 promissionem
854 2115 990 2193 attinet,
1023 2137 1095 2180 earn
1126 2136 1168 2181 ne
1198 2117 1310 2182 fictam
1342 2116 1469 2200 quidem

142 2205 310 2283 babemus,
335 2205 393 2270 sed
409 2203 523 2270 vitium
547 2204 580 2269 in
597 2204 810 2290 promissione
827 2208 987 2289 apertum.
1019 2204 1226 2289 Quapropter
1241 2226 1284 2270 ex
1298 2205 1362 2272 bac
1376 2210 1471 2291 parte

143 2316 208 2359 non
233 2294 327 2359 adest
350 2293 506 2374 obligatio
530 2291 738 2360 matrimonii.
785 2292 829 2359 Et
860 2293 1011 2374 quoniam
1043 2315 1115 2359 cum
1140 2293 1247 2359 'litiae
1273 2315 1405 2373 sorore,
1436 2299 1472 2362 ut

143 2383 350 2466 supponitur,
376 2383 467 2447 facta
490 2387 542 2449 est
565 2382 736 2466 promissio
759 2382 958 2448 matrimonii
982 2404 1063 2448 vere
1087 2387 1121 2449 et
1143 2382 1308 2462 formalis,
1341 2383 1470 2449 dubium

144 2493 215 2538 essa
246 2471 359 2553 nequit
396 2472 473 2554 quin
505 2493 598 2537 soror
628 2471 734 2536 Titiae
764 2471 815 2537 ius
844 2470 966 2537 habeat
1002 2475 1040 2538 ut
1075 2491 1185 2537 sacam
1217 2472 1354 2538 Carolus
1384 2473 1473 2539 ineat

142 2561 396 2626 matrimonium.

231 2677 270 2741 lt.
295 2678 325 2741 l.
373 2676 496 2740 Verum
519 2675 547 2739 si
571 2697 644 2740 oum
668 2674 756 2741 'litia
778 2675 892 2741 habita
915 2680 1004 2742 esset
1027 2674 1176 2759 perfecta
1199 2677 1331 2760 copula,
1357 2680 1471 2743 contra

143 2764 386 2831 matrimonium
419 2786 491 2829 cum
519 2764 625 2830 Titiae
655 2785 767 2829 sorore
797 2764 945 2831 obstaret
974 2765 1137 2842 affinitas,
1170 2784 1275 2848 neque
1305 2766 1473 2848 sponsalia

143 2859 254 2920 essent
277 2854 398 2920 valida.
424 2890 464 2899 -
490 2853 610 2931 Quodsi
630 2853 717 2918 Titia
740 2853 943 2936 concepisset
966 2875 987 2920 a
1010 2852 1137 2931 Carolo,
1162 2853 1228 2919 iam
1250 2874 1293 2919 ex
1316 2854 1380 2920 hac
1403 2855 1473 2920 sola

143 2964 242 3009 causa
265 2942 354 3009 Titia
377 2943 607 3027 potiusquam
631 2963 725 3008 soror
748 2943 895 3008 ducenda
918 2947 1023 3020 esset,
1054 2963 1160 3024 neque
1190 2943 1360 3011 suadenda
1385 2948 1473 3009 esset

143 3033 344 3116 dispensatio
382 3033 422 3098 ab
454 3032 618 3098 affinitate
650 3053 724 3097 curn
756 3053 868 3096 sorore
897 3032 1004 3097 Titiae
1037 3036 1217 3100 contracta.
1272 3031 1377 3099 Immo
1410 3033 1469 3099 etsi

143 3123 291 3200 CaroluS,
317 3126 495 3203 antequam
519 3142 591 3186 curn
615 3120 703 3187 Titia
725 3126 887 3203 peccaret,
912 3142 984 3186 cum
1008 3141 1120 3186 sorore
1143 3121 1310 3204 sponsalia
1334 3121 1471 3197 iniisset,

143 3233 246 3294 eaque
277 3213 403 3289 valida,
439 3210 548 3294 potius
578 3209 778 3275 suadendum
810 3213 899 3275 esset
936 3214 972 3276 ut
1001 3214 1171 3294 pateretur
1201 3211 1404 3295 dispensatio
1431 3212 1471 3277 ab

21 3376 25 3381 ¹
142 3301 372 3384 impedimento
396 3300 545 3384 publicae
567 3299 751 3365 honestatis
775 3299 860 3380 quod
884 3303 999 3365 contra
1020 3298 1264 3365 matrimonium
1287 3321 1361 3364 oum
1386 3299 1471 3365 Titia

143 3394 307 3467 exstaret,
338 3411 436 3473 quarn
464 3388 663 3473 dispensatio
696 3388 737 3453 ab
770 3388 934 3454 affinitate
966 3410 1040 3453 cnm
1069 3387 1177 3453 Titiae
1207 3409 1337 3464 sorore,
1372 3393 1471 3472 atqua

142 3479 224 3545 haec
247 3479 319 3561 ipsa
340 3479 523 3544 inducenda
538 3482 627 3544 esset
650 3481 687 3543 ut
709 3477 770 3543 iuri
787 3499 856 3551 suo,
881 3477 908 3541 si
925 3478 1010 3559 quod
1026 3477 1178 3561 supersit,
1202 3478 1312 3562 potius
1328 3479 1468 3545 cederet.

142 3568 191 3633 Cf.
216 3568 372 3634 Rosset
396 3568 417 3634 l.
442 3589 469 3633 c.
495 3591 525 3634 n.
554 3570 648 3634 1030.

342 3774 622 3841 SPONSALIUM
646 3773 795 3839 VALOR
818 3773 1008 3852 EIUSQUE
1033 3775 1193 3841 VITIUM
1217 3773 1269 3856 ().

702 3924 812 3990 Casus.
832 3930 909 4000 (242)

225 4069 249 4124 1.
271 4065 440 4136 Pancratia‚
463 4067 562 4142 puella
584 4065 750 4134 catholica,
772 4066 831 4124 iam
853 4066 890 4123 25
913 4085 1007 4124 annos
1029 4070 1101 4124 nata
1123 4071 1184 4133 est,
1213 4084 1308 4141 neque
1329 4086 1468 4143 umquam

142 4146 329 4205 acatholico
357 4146 464 4205 invene
492 4146 519 4204 ei
547 4147 665 4205 oblatae
694 4153 764 4204 sunt
784 4147 915 4222 nuptiae.
956 4145 1058 4220 Nuper
1085 4145 1112 4204 ei
1133 4144 1275 4205 Camillus
1295 4151 1469 4224 protestans

142 4227 262 4303 nuptias
284 4227 398 4285 obtulit.
441 4225 524 4294 Quod
546 4227 645 4303 puella
673 4232 812 4303 acceptat
839 4231 928 4302 atque
955 4225 1135 4302 repromittit
1157 4225 1294 4295 Camillo,
1326 4226 1353 4287 si
1384 4229 1468 4288 modo

143 4307 331 4366 condiciones
353 4310 390 4365 ab
411 4307 548 4365 Ecclesia
570 4307 717 4366 catholica
737 4307 892 4383 impositas
914 4306 986 4364 velit
1006 4306 1137 4382 implere.
1178 4305 1249 4365 Cum
1272 4306 1415 4367 Camillus
1437 4328 1468 4368 sa

142 4386 179 4445 iis
201 4387 390 4462 acquiescere
412 4387 623 4462 respondisset,
646 4387 807 4446 Pancratia
828 4387 999 4464 impetravit
1020 4387 1271 4463 dispensationem
1293 4389 1467 4447 canonicam

141 4468 179 4524 ad
200 4463 360 4526 ineundum
387 4467 604 4526 matrimonium
634 4467 766 4526 mixtum.
808 4466 1041 4541 Praeparatione
1068 4467 1104 4524 ad
1134 4467 1254 4543 nuptias
1282 4468 1347 4527 fare
1375 4469 1466 4539 finita,

141 4546 295 4622 inopinato
321 4548 481 4606 infortunio
504 4547 643 4606 Camillus
664 4546 786 4607 interiit.
829 4547 886 4606 Sed
908 4548 1097 4615 Rembertus,
1126 4546 1189 4604 eius
1209 4547 1320 4615 frater,
1349 4549 1398 4624 qui
1420 4569 1466 4626 op·

140 4625 229 4684 timos
249 4649 347 4688 mores
368 4628 544 4686 Pancratiao
565 4633 768 4704 perspexerat,
791 4647 823 4686 sa
844 4629 910 4686 loco
932 4627 1034 4685 fratris
1057 4626 1093 4685 ad
1115 4626 1234 4703 nuptias
1256 4629 1351 4687 offert.
