3044 5174
430 296 549 350 Ministri
567 295 688 366 probitas
707 312 756 350 sen
774 299 865 350 status
883 297 997 365 gratiae.
1331 301 1373 365 19

122 472 167 538 R.
196 474 228 538 2.
263 470 297 537 si
321 475 435 536 tamen
464 468 571 535 tristis
601 470 713 552 lapsus
744 470 914 548 acciderit,
946 493 1041 556 quam
1069 475 1209 557 primum
1239 474 1373 540 studeat

76 583 105 627 re
138 582 206 645 per
239 559 483 626 confessionem
513 558 584 623 sive
614 580 674 642 per
705 560 888 643 perfectam
921 559 1148 626 contritionem
1182 562 1216 625 in
1247 567 1372 628 statum

76 652 169 718 stiae
195 650 306 715 redire
331 669 437 731 neque
459 669 520 731 per
543 669 640 713 uuam
665 648 780 714 horam
803 649 891 714 sinat
914 669 950 714 se
972 649 1006 714 in
1028 654 1120 714 statu
1144 651 1272 734 peccati
1294 652 1373 718 hae·

76 762 119 807 re.
171 739 361 807 Secundum
385 737 518 804 Rituale
541 736 635 803 Rom.
670 737 874 815 „meminisse
899 738 995 806 debet
1025 760 1061 804 se
1085 740 1171 804 omni
1196 741 1265 806 fere
1288 744 1373 807 tem·

76 831 125 896 ris
161 832 334 894 momento
367 828 410 893 ad
442 830 512 892 tam
545 831 681 893 sanctae
715 827 1009 894 administrationis
1043 828 1186 894 officium
1219 834 1374 913 paratum

76 942 108 987 se
132 920 329 1003 oportere“.

126 1025 169 1092 R.
190 1028 222 1092 3.
255 1024 290 1090 si
313 1027 391 1108 post
414 1023 542 1106 lapsum
565 1022 730 1087 infelicem
750 1028 828 1089 ante
844 1026 1073 1107 recuperatum
1096 1028 1220 1089 statum
1244 1025 1374 1108 gratiae

76 1174 78 1180 .
100 1115 281 1199 inopinato
306 1113 348 1179 ad
364 1115 574 1178 sacramenta
590 1113 788 1177 conferenda
804 1117 950 1190 vocetur,
975 1117 1133 1195 quantum
1155 1113 1221 1180 fert
1244 1119 1374 1199 tempus

92 1204 296 1280 necessitas,
322 1206 458 1268 conetur
481 1200 600 1266 saltem
623 1201 656 1265 in
673 1201 728 1267 via
751 1205 860 1268 actum
882 1202 1088 1268 contritionis
1111 1202 1229 1269 elicere
1252 1204 1374 1270 Deum-

76 1313 99 1359 ιο
123 1294 170 1359 ad
196 1293 231 1358 id
255 1292 385 1375 gratiae
408 1289 566 1357 auxilium
590 1311 633 1354 ex
656 1290 754 1356 corde
776 1311 911 1373 rogare:
937 1291 1023 1374 quod
1045 1291 1074 1356 si
1096 1291 1209 1369 faciat,
1232 1314 1298 1358 non
1322 1300 1375 1360 est

76 1382 225 1449 nendum
258 1402 302 1447 ne
332 1401 368 1446 se
391 1400 477 1445 novo
500 1383 637 1462 peccato
661 1379 864 1462 coinquinet;
898 1402 972 1445 nam
997 1381 1175 1446 secundum
1198 1381 1231 1448 S.
1255 1382 1373 1466 Alph.

81 1495 109 1539 c.
142 1495 178 1538 n.
213 1473 257 1536 34
289 1470 373 1536 satis
403 1473 455 1535 est
489 1468 580 1544 ,elici
612 1469 841 1535 contritionem
872 1470 1086 1553 probabiliter
1116 1471 1372 1546 existimatam“‚

76 1562 122 1628 od
147 1560 279 1626 homini
304 1562 426 1625 sincere
450 1559 495 1622 ad
518 1558 623 1623 Deum
650 1560 760 1625 redire
781 1561 894 1625 volenti
923 1557 1123 1642 impossibile
1147 1582 1211 1625 uon
1236 1565 1303 1639 est,
1335 1582 1373 1626 eo

76 1652 120 1717 od
135 1652 233 1716 Deus
245 1648 370 1714 homini
386 1646 513 1731 petenti
530 1651 564 1713 et
576 1647 711 1714 facienti
728 1648 814 1730 quod
831 1652 884 1713 est
899 1647 933 1712 in
946 1669 981 1712 se
998 1647 1108 1730 gratia
1124 1670 1184 1714 sua
1200 1671 1265 1714 nou
1278 1650 1372 1717 desit.

124 1741 184 1806 Ex
208 1739 251 1804 iis
277 1759 361 1821 quae
377 1736 474 1802 modo
491 1735 595 1801 fusius
612 1736 700 1802 dicta
715 1740 793 1801 suut
807 1736 905 1802 facile
921 1738 1031 1802 solves
1046 1760 1156 1804 casum
1172 1742 1372 1822 sequentem.

245 1937 461 2005 MINISTER
484 1938 532 2003 IN
556 1934 699 2003 STATU
722 1937 904 2002 PECCATI
928 1937 1179 2007 EXSISTENS.

626 2095 736 2161 Gasus.
757 2103 797 2171 (9)

129 2239 231 2300 Carus
254 2237 405 2314 parochus
426 2233 586 2294 infeliciter
606 2235 709 2311 lapsus
730 2254 784 2311 per
804 2240 867 2294 tres
889 2255 983 2295 annos
997 2236 1095 2296 haesit
1115 2236 1147 2295 iu
1167 2242 1291 2314 peccato
1312 2257 1375 2298 suo.

76 2321 166 2381 terim
190 2325 295 2379 tamen
317 2316 417 2377 omnia
437 2334 560 2374 munera
581 2314 765 2392 parochialia
786 2321 817 2374 et
838 2317 1035 2375 sacerdotalia
1066 2316 1161 2376 obivit
1188 2318 1374 2389 celebrando,

76 2405 237 2460 eramenta
263 2395 477 2466 ministrando,
508 2395 721 2467 contionando,
751 2396 895 2455 exercitia
916 2396 1081 2456 devotionis
1103 2398 1305 2474 pomeridiana
1325 2399 1375 2457 ha-

76 2481 136 2541 udo
158 2479 254 2540 stiam
276 2477 414 2555 exposito
435 2496 475 2536 ss.
498 2481 703 2547 sacramento,
725 2476 922 2535 matrimoniis
943 2477 1130 2547 assistendo,
1152 2478 1375 2538 benedictiones

76 2561 142 2622 rias
164 2559 296 2636 agendo.

128 2649 220 2709 Nunc
243 2648 370 2716 demum,
392 2645 490 2722 gratia
503 2649 613 2715 tactus,
636 2663 702 2703 sese
724 2663 789 2702 cum
804 2645 869 2703 Deo
890 2644 1083 2705 reconciliare
1098 2647 1196 2723 cupit;
1217 2648 1269 2706 sed
1290 2668 1374 2725 quoe-

76 2740 119 2791 tar
140 2728 293 2807 quomodo
325 2726 476 2802 explicare
504 2731 534 2784 et
555 2744 727 2784 enumerare
749 2726 856 2783 debeat
876 2726 1033 2802 sacrilegia
1055 2746 1125 2799 sua,
1154 2733 1187 2787 ut
1215 2733 1373 2805 praecepto

76 2809 247 2872 ufessionis
269 2806 460 2867 satisfaciat?

646 2955 780 3022 Salutio.

130 3104 188 3169 Ar>
212 3119 407 3176 ouassrruu
423 3098 462 3163 R.
483 3100 511 3163 1.
543 3097 621 3162 Cum
646 3096 773 3160 dicatur
788 3096 890 3160 Carus
913 3095 1071 3161 mansisse
1093 3095 1126 3160 in
1149 3100 1418 3181 peccatosuaar

76 3193 206 3259 utiliter
231 3189 402 3271 quaeritur
425 3208 502 3251 uum
527 3191 605 3251 ante
620 3191 899 3250 sacramentorum
917 3184 1232 3251 administrationem
1257 3186 1376 3252 saltem

76 3305 97 3349 u
121 3278 359 3348 contritionem
383 3277 564 3360 perfectam
587 3296 660 3339 sese
684 3296 756 3339 cum
780 3275 849 3339 Deo
872 3274 1144 3341 reconciliaverit.
1189 3275 1280 3352 Quod
1304 3276 1375 3358 qui·

76 3395 114 3438 un
130 3373 166 3436 in
184 3369 296 3450 rigore
313 3365 444 3441 sufficit,
462 3365 490 3428 si
506 3363 669 3446 excipitur
684 3386 727 3428 ss.
745 3364 864 3428 missae
880 3363 1073 3428 sacrificium
1093 3364 1375 3447 eucharistiaeque

77 3461 198 3546 mptio.
235 3458 299 3522 Sed
324 3477 397 3520 cum
421 3455 523 3520 Carus
547 3453 646 3519 etiam
671 3453 836 3517 celebrare
860 3452 930 3518 sine
954 3453 1159 3518 confessione
1181 3454 1374 3537 perrexerit,

95 3550 183 3617 satis
208 3545 355 3613 ostendit
392 3563 498 3625 neque
531 3542 735 3608 contritionis
766 3545 917 3607 conatum
950 3541 1094 3607 adfuisse
1123 3564 1230 3625 neque
1262 3565 1375 3609 veram

96 3640 266 3706 sinceram
298 3633 544 3708 contritionem,
576 3635 690 3714 utpote
713 3650 798 3712 quae
820 3630 863 3696 sit
886 3631 1095 3712 impossibilis
1119 3632 1189 3697 sine
1213 3654 1293 3697 vera
1316 3654 1375 3697 vo-

76 3735 172 3797 utate
207 3723 348 3791 cavendi
380 3723 412 3787 in
445 3725 611 3805 posterum
646 3741 666 3784 a
698 3719 814 3801 quovis
846 3724 981 3802 peccato
1013 3720 1126 3802 gravi:
1163 3742 1240 3786 nam
1272 3743 1375 3803 grave

76 3822 219 3885 acetum
244 3819 297 3879 est
320 3833 379 3897 per
402 3833 438 3876 se
462 3811 628 3876 celebrare
652 3814 727 3892 pest
750 3813 920 3891 peccatum
944 3830 1047 3891 grave
1073 3811 1277 3875 commissum
1298 3817 1375 3877 ante

76 3913 213 3993 ceptam
237 3900 512 3968 sacramentalem
535 3899 783 3964 absolutionem.

131 4023 174 4088 R.
196 4023 227 4084 2.
260 4018 313 4083 Ex
337 4021 437 4082 antea
460 4016 557 4081 dictis
581 4014 663 4080 satis
679 4013 845 4097 probabile
871 4016 922 4077 est
945 4014 1084 4079 mortale
1101 4014 1309 4096 sacrilegium
1333 4016 1374 4080 ab

76 4137 83 4177 r
107 4113 166 4197 qui
193 4110 228 4174 in
245 4112 338 4173 statu
353 4106 482 4189 peccati
506 4105 670 4170 exsistens
693 4124 804 4168 sacras
828 4102 1012 4167 functiones
1035 4108 1175 4185 peragat
1197 4126 1261 4168 non
1287 4126 1374 4168 corn-

76 4204 138 4282 itti,
165 4199 230 4266 nisi
255 4201 377 4278 agatur
400 4195 440 4260 de
464 4195 668 4260 confectione
691 4197 972 4258 sacramentorum
997 4213 1016 4256 a
1037 4192 1186 4257 ministro
1210 4217 1273 4278 qua
1297 4213 1374 4256 cen-

77 4298 175 4361 crato
194 4287 344 4354 oriunda.
377 4284 499 4349 Hinca
523 4283 654 4348 mortali
677 4280 850 4362 sacrilegio
873 4280 1087 4364 probabiliter
1106 4283 1264 4346 immunes
1280 4285 1373 4346 sunt:

131 4392 167 4470 a)
193 4383 341 4466 liturgici
365 4386 459 4448 actus
483 4382 648 4446 variarum
672 4378 949 4454 benedictionum;

130 4482 166 4560 b)
192 4473 356 4542 exercitia
378 4471 513 4554 pietatis
536 4470 675 4554 publica,
700 4469 801 4533 etiam
825 4489 895 4531 cum
914 4467 1064 4549 exposito
1088 4489 1130 4535 ss.
1149 4471 1372 4543 sacramento;

129 4592 147 4635 c
187 4568 290 4632 immo
315 4561 389 4645 ipsa
411 4582 527 4625 sacrae
551 4558 784 4624 communionis
809 4556 1008 4631 distributim

127 4573 162 4742 di
187 4653 365 4722 contiones
387 4671 545 4715 sacraene
569 4648 819 4721 instructionem

1132 4746 1168 4800 2*
