3044 5174
428 271 579 339 Denegatio
597 275 829 327 sacramentorum
847 274 1009 327 necessaria.
1337 277 1379 340 23

26 521 28 527 ¹
53 450 212 533 parochus
235 471 272 515 se
295 451 344 517 ita
367 450 521 516 exhibere
548 450 646 516 debet
669 455 706 516 ut
735 451 847 515 fideles
870 450 939 515 sine
963 449 1129 527 molestia,
1161 451 1258 515 immo
1282 450 1379 516 facile

23 532 29 591 -'
53 543 82 604 et
104 539 249 605 libenter
271 540 313 605 ad
336 544 543 605 sacramenta
562 539 737 615 accedant,
762 540 864 606 multo
881 540 986 621 magis
1010 540 1164 607 iteratam
1181 540 1378 606 sacramenti

21 598 27 708 l
53 629 273 711 receptionem
290 632 388 711 atque
403 628 609 694 sacordotale
634 628 790 693 auxilium
815 629 959 708 aegrotis
985 633 1020 694 et
1042 629 1242 693 moribundis
1263 629 1378 711 facilia

53 717 188 782 reddere
222 717 328 784 debet.
384 718 508 784 Saltem
540 717 642 800 igitur
674 723 811 783 vocatus
845 717 985 784 libenter
1020 718 1117 783 debet
1150 718 1190 782 ad
1224 722 1378 798 aegrotos

21 806 25 825 '
52 806 206 871 accedere
237 806 265 871 si
294 812 420 890 potest,
449 808 548 872 immo
579 828 637 890 pro
662 806 916 873 circumstantiis
947 806 1046 873 etiam
1071 829 1134 872 non
1159 811 1312 883 vocatus;
1345 814 1379 874 et

52 895 77 959 si
99 895 283 979 periculum
299 900 350 961 est
373 896 543 978 quominus
558 895 628 979 ipse
645 895 792 960 omnibus
815 900 948 979 praesto
965 917 1037 960 esse
1060 896 1174 979 possit,
1198 918 1257 981 pro
1281 918 1378 979 posse

15 980 25 1057 ,¹
51 985 213 1050 instruere
244 985 341 1050 debet
370 986 452 1050 alios
475 985 574 1050 etiam
603 985 721 1062 laicos,
753 985 807 1066 qui
838 989 973 1067 aegroto
998 985 1173 1062 assistant,
1205 990 1242 1052 ut
1271 987 1379 1053 sciant

13 1068 23 1163 Ι
52 1094 121 1137 cum
146 1078 286 1156 aegroto
315 1079 409 1140 actus
439 1073 657 1151 necessarios,
689 1074 882 1157 praesertim
914 1073 1086 1140 caritatem
1112 1095 1192 1156 erga
1215 1077 1320 1140 Deum
1344 1082 1377 1141 et

11 1184 21 1301 p
52 1162 282 1228 contritionem
298 1183 435 1245 eamque
458 1163 638 1246 perfectam
663 1162 789 1228 elicere.
826 1163 897 1229 Hoc
913 1168 965 1229 est
987 1163 1220 1246 gravissimum
1244 1164 1377 1248 parochi

52 1252 204 1328 officium,
221 1251 312 1317 cuius
324 1251 477 1319 notabilis
490 1254 660 1336 neglectus
672 1273 736 1317 non
753 1255 863 1336 potest
878 1274 941 1317 non
955 1273 1027 1318 esse
1040 1253 1179 1320 mortale
1195 1258 1375 1336 peccatum.

11 1325 17 1429 ζ
52 1340 156 1417 Quare
181 1341 244 1406 hac
266 1341 300 1405 in
322 1362 358 1406 ro
381 1341 487 1408 Titius
510 1363 531 1407 a
554 1341 649 1425 gravi
672 1346 809 1424 peccato
832 1362 897 1406 non
920 1341 1051 1407 videtur
1074 1363 1146 1407 esse
1170 1342 1331 1410 immunis.

10 1436 17 1503 l
137 1429 178 1496 R.
209 1433 239 1495 4.
286 1429 391 1496 Titius
420 1434 567 1514 tempore
598 1430 780 1513 contagiosi
809 1430 912 1495 morbi
942 1430 1072 1513 fugiens
1103 1431 1251 1514 graviter
1279 1431 1377 1498 laesit

10 1520 14 1539 ²
52 1518 192 1583 officium
217 1540 327 1594 suum;
356 1519 413 1584 sod
437 1541 510 1584 cnm
533 1519 675 1586 monitus
698 1519 810 1597 rediit,
835 1519 866 1583 in
892 1541 930 1584 eo
954 1526 1132 1586 excusatur
1155 1521 1240 1603 quod
1264 1542 1376 1587 curam

10 1638 15 1677 e
52 1629 205 1673 sanorum
236 1607 297 1673 sibi
326 1613 492 1686 reservat,
523 1609 549 1673 si
574 1608 715 1675 vicarius
745 1613 955 1689 aegrotorum
978 1630 1105 1686 curam,
1138 1614 1294 1692 quantum
1319 1631 1376 1675 ne-

10 1732 15 1771 ,
53 1697 195 1763 cessaria
218 1701 278 1776 est,
303 1697 398 1779 gerit.

10 1854 12 1895 ἶ
99 1899 160 1964 ΒΕ
186 1897 485 1964 OBLIGATIONE
509 1897 773 1965 DENEGANDI
798 1898 1093 1965 SAGRAMENTA
1118 1899 1328 1967 INDIGNIS.

618 2064 729 2130 Casus.
748 2072 806 2141 (11)

139 2205 313 2264 Infirmatur
333 2205 467 2281 graviter
486 2205 599 2264 bertha
621 2205 698 2281 apud
714 2204 816 2264 Gaium
837 2205 932 2264 virum
955 2206 1076 2265 divitem
1098 2212 1128 2265 et
1149 2206 1300 2276 caelibem,
1323 2208 1373 2282 qui

51 2305 204 2345 eamcam
232 2305 340 2360 magno
367 2286 494 2344 viciniae
523 2285 663 2345 scandalo
684 2305 744 2345 non
765 2291 826 2344 tam
854 2292 888 2345 ut
915 2287 1071 2356 famulam,
1099 2291 1187 2363 prout
1208 2289 1372 2359 asserebat,

51 2367 105 2425 sed
125 2366 226 2442 potius
247 2371 396 2442 tamquam
418 2367 612 2426 concubinam
634 2366 712 2425 domi
732 2366 849 2426 retinet.
879 2367 1011 2426 Vocatur
1026 2365 1122 2425 Titius
1143 2366 1301 2444 parochus,
1323 2368 1372 2444 qui

49 2446 162 2522 pluries
183 2465 235 2505 eos
257 2448 294 2504 ab
315 2447 442 2505 invicem
464 2464 604 2522 separare
632 2446 744 2505 frustra
776 2453 950 2518 curaverat,
979 2453 1013 2507 ut
1040 2448 1141 2506 statim
1169 2447 1206 2505 ad
1227 2447 1373 2506 infirmam

49 2526 192 2585 viaticum
221 2527 344 2587 deferat.
385 2526 514 2603 Stupens
542 2527 657 2586 domum
679 2527 810 2586 Bertbae
837 2527 913 2604 petit
941 2547 1063 2604 eamque
1090 2527 1183 2604 primo
1204 2527 1372 2604 interrogat

49 2627 119 2666 num
139 2606 199 2666 iam
215 2607 354 2666 confessa
369 2607 416 2667 sit.
445 2607 609 2666 Exhibetur
624 2609 660 2666 ab
675 2607 740 2684 ipso
761 2607 835 2679 viro,
858 2607 906 2683 qui
928 2627 1019 2684 prope
1039 2608 1149 2666 lectum
1171 2608 1207 2665 ad
1229 2608 1308 2667 latus
1329 2607 1371 2666 in-

50 2688 154 2746 finnac
174 2687 330 2759 adstabat,
359 2687 500 2746 schedula
521 2687 717 2747 confessionis
738 2692 878 2764 peractae
900 2688 977 2764 apud
1007 2689 1213 2765 presbyterum
1242 2688 1371 2763 quinon

50 2767 163 2846 optima
190 2787 282 2845 penes
309 2767 477 2845 superiores
504 2768 653 2843 gaudebat
680 2770 768 2826 lama.
809 2768 908 2843 Rogat
933 2767 1029 2827 Titius
1058 2770 1213 2827 adstantes
1242 2774 1275 2827 ut
1301 2788 1371 2845 pau·

49 2849 142 2925 lispor
162 2848 312 2907 recedant.
342 2848 452 2907 Renuit
472 2848 561 2906 herus
584 2854 614 2906 et
634 2847 721 2906 simul
743 2849 902 2925 respondet
915 2847 1032 2906 infirma
1053 2868 1087 2908 se
1109 2848 1166 2908 hoc
1180 2867 1270 2907 unum
1285 2868 1370 2925 quae·

49 2947 116 2987 rere
145 2934 180 2987 ut
206 2928 349 2987 viaticum
379 2927 481 2987 statim
512 2928 644 3004 recipiat.
696 2929 780 2986 Tunc
808 2929 956 3004 parochus
984 2929 1070 3003 gravi
1099 2946 1235 2987 sermone
1266 2930 1303 2986 ab
1334 2929 1370 2988 iis

48 3007 222 3068 sciscitatur
242 3028 311 3067 num
340 3008 541 3067 confessarius
563 3009 672 3084 aliquid
694 3009 731 3067 ad
754 3008 866 3085 publici
889 3008 1023 3067 scandali
1046 3009 1264 3085 reparationem
1287 3028 1370 3085 prae·

49 3088 211 3165 scripserit.
240 3088 289 3148 Nil
310 3089 490 3165 respondent
511 3089 600 3147 herus
625 3095 654 3147 et
668 3088 773 3147 mulier
794 3089 989 3148 subridentes.
1018 3088 1155 3148 Postulat
1168 3088 1316 3165 parochus
1338 3094 1370 3146 ut

48 3168 148 3237 Gaius,
170 3168 296 3227 durante
317 3170 422 3228 saltem
437 3170 541 3227 mortis
556 3169 696 3246 pericula,
720 3169 805 3227 domo
821 3169 968 3238 discedat;
992 3169 1044 3227 sed
1059 3170 1178 3228 frustra.
1208 3168 1281 3226 Inde
1302 3189 1369 3227 con-

47 3268 155 3308 versus
176 3249 212 3307 ad
235 3249 376 3307 Bertham
408 3267 473 3307 eam
502 3255 680 3325 apprecatur
710 3253 742 3306 ut
764 3249 799 3306 ad
830 3249 856 3306 id
879 3249 996 3308 consilii
1016 3249 1112 3309 virum
1133 3249 1269 3308 adducat.
1311 3248 1368 3308 Sed

46 3329 113 3388 illa:
146 3328 210 3402 ,Ex
237 3328 294 3388 hoc
314 3328 423 3388 iudicia
444 3329 527 3404 vulgi
555 3330 831 3388 confirmabuntur.“
876 3328 1034 3405 Subiungit
1061 3330 1208 3407 parochus
1235 3328 1368 3404 indigna·

45 3410 180 3469 bundas:
205 3408 261 3480 ,Et
282 3428 337 3485 ego
358 3409 499 3468 viaticum
521 3429 580 3468 non
603 3410 768 3480 deieram“;
792 3413 822 3468 et
842 3409 890 3468 his
911 3409 998 3469 dictis
1021 3410 1153 3470 discedit.

125 3489 200 3549 Post
221 3489 334 3565 aliquot
354 3490 444 3549 horas
465 3489 594 3548 accurrit
622 3490 659 3548 ad
688 3490 847 3565 parochunr
874 3490 1000 3549 famulus
1028 3511 1138 3566 rogans
1166 3497 1199 3548 ut
1230 3490 1367 3550 celeriter

45 3569 81 3628 ad
103 3570 263 3642 Bertham,
291 3570 410 3629 iamiam
437 3570 625 3639 morientem,
655 3569 795 3629 viaticum
824 3570 947 3630 deferat.
989 3571 1064 3629 Dum
1087 3571 1182 3629 Titius
1213 3571 1243 3628 in
1265 3590 1299 3628 eo
1321 3577 1367 3631 est

45 3657 76 3708 ut
98 3649 229 3709 Ber-thas
261 3650 376 3709 domum
403 3650 601 3724 ingrediatur,
630 3650 803 3708 admonetur
831 3670 895 3709 eam
924 3650 982 3709 iam
1010 3656 1155 3710 mortuam
1184 3670 1259 3710 esse.
1302 3651 1365 3721 Quo

45 3730 147 3790 audito
168 3731 206 3790 ad
227 3730 384 3790 ecclesiam
408 3750 473 3789 cum
495 3750 534 3789 ss.
557 3736 744 3789 sacramento
765 3731 933 3790 revertitur.

44 3845 223 3916 Quamne
246 3849 275 3904 1⁰
296 3847 371 3983 quii
382 3847 417 3904 de
432 3846 599 3922 obligatione
613 3848 771 3923 derrepandi
784 3855 965 3905 sacramenta
978 3848 1107 3922 indicatis
1115 3847 1277 3923 petentibus
1290 3848 1367 3904 iadi-

297 3945 350 3983 ccn
371 3946 420 3983 cam
441 3930 486 3985 sit.

240 4025 270 4081 2⁰
292 4044 362 4082 num
394 4025 459 4082 bene
486 4044 515 4082 ae
545 4028 663 4100 praeerit
687 4027 832 4100 parochus
862 4028 991 4101 crepando
1018 4028 1102 4100 prius
1131 4041 1155 4082 cc
1179 4032 1278 4101 pastea
1309 4027 1366 4082 aaa·

293 4108 380 4161 ticum
401 4106 560 4177 deferendo.

238 4202 269 4260 3⁰
290 4204 361 4279 quid
382 4205 407 4260 ci
427 4221 503 4258 nunc
522 4204 671 4277 upenctnm.

637 4393 770 4459 Salutio.

125 4547 180 4612 Au
212 4563 404 4620 ouansmuu
437 4547 474 4607 lm
505 4544 542 4608 R.
597 4544 708 4621 Quoad
742 4544 933 4625 deneganda
964 4548 1171 4608 sacramenta
1201 4541 1364 4622 generalis
1374 4558 1408 4610 33

36 4636 150 4719 regula
180 4639 235 4700 est
264 4632 429 4715 peccatori
459 4633 587 4699 occulto
618 4634 746 4715 quidem
777 4634 968 4714 deneganda
999 4653 1070 4697 esse
1100 4636 1306 4697 sacramenta
1336 4631 1364 4694 si
