3044 5174
142 326 207 391 348
595 321 800 377 Sacramentum
819 321 1011 392 paenitentiae.

141 499 306 565 Candidus
329 498 418 564 dicit.
465 497 530 564 Sed
553 502 628 582 post
651 498 752 564 breve
774 502 905 582 tempus
927 497 992 564 dici
1014 498 1113 564 debet
1135 496 1263 565 occasio
1285 497 1402 576 libera,
1426 497 1473 564 si·

141 589 271 671 quidem
305 586 440 654 Candidi
459 591 521 664 est,
545 590 659 670 utpote
682 586 762 666 heri,
787 587 953 653 dimittere
976 587 1128 654 ancillam
1151 591 1186 653 et
1208 607 1368 670 quaerere
1391 608 1471 652 cau·

141 697 213 743 sam
235 698 333 759 quam
362 677 579 761 praetendere
601 676 723 760 possit,
753 697 794 742 ne
818 677 904 761 apud
927 698 1080 755 uxorem,
1111 676 1139 741 si
1169 676 1311 753 haheat,
1342 676 1472 742 aliosve

141 765 359 850 suspicionem
382 765 539 832 incurrat.
585 765 688 831 lmrno
718 765 746 831 si
778 765 985 833 matrimonio
1014 766 1145 832 iunctus
1174 771 1331 844 nonest,
1362 764 1472 850 suspi-

142 855 266 921 cionem
300 854 387 939 apud
419 855 501 920 alios
533 854 705 920 fundatam
739 875 804 920 non
839 855 997 923 excitabit
1032 855 1170 921 ancillae
1205 853 1371 933 dimissio,
1407 854 1471 920 nisi

140 945 229 1010 forte
253 943 445 1009 brevissimo
460 948 609 1026 tempore
631 948 708 1028 post
722 947 857 1028 recepta
872 944 1000 1028 publice
1014 948 1223 1010 sacramenta
1244 944 1327 1010 haec
1342 944 1470 1021 fecerit,

141 1034 231 1099 nulla
246 1032 313 1099 alia
328 1054 429 1098 causa
444 1033 636 1099 exsistente.
651 1033 655 1041 ’
668 1032 875 1117 Quapropter
895 1033 1078 1099 rectissime
1098 1033 1221 1100 institit
1236 1033 1470 1110 confessarius,

142 1127 179 1189 ut
201 1121 321 1188 ancilla
344 1127 420 1206 post
442 1121 573 1204 aliquod
596 1125 727 1205 tempus
750 1121 979 1189 dimitteretur.

231 1229 269 1297 R.
295 1232 325 1295 2.
357 1229 392 1294 Si
415 1228 543 1312 quando
567 1228 632 1293 iam
656 1228 798 1295 exsistet
813 1248 924 1293 rumor
940 1227 1199 1295 conversationis
1222 1249 1287 1293 non
1310 1227 1471 1294 honestae

141 1318 227 1385 iuter
244 1318 422 1383 Candidum
446 1321 481 1385 et
504 1317 667 1395 ancillam,
692 1318 812 1383 ancilla
827 1338 908 1383 sane
931 1317 1052 1385 dimitti
1069 1317 1168 1382 debet
1182 1317 1279 1399 idque
1302 1316 1470 1395 continuo,

141 1412 319 1489 antequam
342 1406 505 1473 Candidus
528 1406 721 1473 absolvatur
744 1407 843 1472 etad
866 1428 910 1472 ss.
935 1405 1166 1472 eucharistiam
1190 1405 1397 1473 admittatur.
1435 1406 1472 1473 Si

141 1501 253 1563 autem
276 1495 418 1579 suspicio
439 1499 571 1563 tantum
587 1495 727 1562 exsistat
744 1501 881 1562 externe
896 1516 962 1561 non
983 1495 1133 1572 fundata,
1157 1495 1266 1579 potius
1281 1516 1342 1578 pro
1359 1495 1470 1579 aliquo

141 1590 290 1670 tempore
314 1585 441 1651 occasio
472 1584 659 1650 necessaria
681 1588 749 1662 est,
780 1604 885 1666 neque
916 1584 1055 1667 obligari
1086 1589 1198 1668 potest
1220 1583 1385 1649 Candidus
1415 1585 1470 1650 ab

140 1675 249 1741 solute
271 1677 309 1740 ut
331 1677 437 1740 stetim
461 1673 613 1740 ancillam
630 1673 786 1748 dimittat,
810 1674 868 1739 sed
883 1675 989 1739 solum
1013 1679 1050 1740 ut
1073 1675 1171 1757 paulo
1192 1677 1268 1758 post
1290 1678 1325 1740 et
1340 1672 1473 1740 interea

141 1784 214 1829 sese
238 1763 353 1829 mediis
376 1762 464 1847 aptis
486 1762 695 1847 praemuniat
718 1767 836 1829 contra
857 1764 1033 1847 relapsum.

230 1870 269 1936 R.
295 1872 325 1935 3.
357 1869 499 1952 Tempus
524 1871 610 1934 2-3
634 1869 793 1933 mensium
817 1890 877 1952 per
899 1890 935 1934 se
958 1869 1041 1935 satis
1064 1868 1252 1935 diuturnum
1276 1872 1338 1946 est,
1363 1890 1472 1951 neque

140 1959 238 2025 facile
261 1963 392 2025 tantum
415 1958 558 2042 spatium
581 1962 633 2024 est
655 1959 906 2024 concedendum.
947 1957 1037 2035 Quod
1061 1958 1090 2022 si
1113 1957 1334 2023 necessarium
1357 1958 1471 2037 fuerit,

140 2070 179 2115 eo
201 2047 308 2131 magis
331 2047 551 2113 confessarius
573 2048 760 2131 prospicere
783 2047 896 2113 debuit
911 2047 1063 2112 remediis
1086 2046 1173 2131 aptis
1196 2046 1473 2131 praescribendis,

139 2138 173 2203 id
204 2136 290 2220 quod
319 2157 497 2219 numquam
527 2135 625 2202 debet
654 2136 817 2202 omittere.
864 2136 1021 2219 Adeoque
1044 2136 1232 2221 praecipere
1263 2135 1393 2213 debuit,
1429 2159 1471 2203 ne

140 2248 295 2309 umquam
318 2226 407 2290 solus
431 2245 504 2290 cum
528 2226 600 2290 sola
622 2232 821 2302 versaretur,
847 2229 884 2290 ut
908 2226 1031 2291 orendo
1055 2225 1212 2291 auxilium
1237 2224 1383 2290 divinum
1408 2226 1471 2291 im·

139 2317 303 2401 ploraret,
334 2318 368 2380 et
391 2350 435 2358 —
458 2315 545 2397 quod
572 2335 637 2378 non
667 2315 763 2399 parvi
786 2314 943 2380 momenti
966 2319 1018 2381 est
1041 2350 1085 2359 -
1108 2320 1146 2381 ut
1176 2314 1294 2382 saltem
1317 2318 1472 2400 tempore

138 2404 195 2470 illo
218 2403 325 2469 medio
348 2402 479 2486 saepius
501 2402 628 2469 rediret
648 2403 689 2468 ad
713 2403 960 2481 confessionem,
984 2425 1017 2471 v.
1040 2424 1072 2485 g.
1097 2404 1234 2469 alternis
1256 2402 1472 2470 hebdomadis

139 2493 193 2559 vel
217 2493 362 2575 quolibet
377 2512 488 2557 mense
505 2492 559 2557 vel
582 2493 722 2576 saepius,
746 2496 846 2577 prout
868 2493 1002 2576 gravior
1016 2493 1070 2557 vel
1086 2492 1191 2558 levior
1213 2497 1266 2559 est
1288 2493 1470 2559 difficultas

138 2602 211 2647 sese
235 2581 388 2647 servandi
412 2602 432 2647 a
455 2582 550 2665 lapsu
572 2581 758 2648 immunem.
805 2581 897 2659 Quod
920 2582 948 2646 si
971 2581 1106 2649 fecisset
1128 2581 1358 2660 confessarius,
1383 2583 1469 2648 Can·

138 2671 234 2737 didus
257 2669 418 2736 rationem
442 2671 520 2736 dare
544 2670 710 2737 debuisset
726 2671 766 2736 de
788 2671 920 2753 incepta
941 2670 1165 2754 promissionis
1181 2670 1403 2750 exsecutione,
1429 2673 1470 2738 de

138 2761 246 2826 soluto
270 2763 443 2825 contractu
467 2758 690 2825 conductionis
720 2781 793 2824 cum
817 2760 952 2838 ancilla,
983 2780 1089 2842 neque
1118 2780 1173 2824 res
1195 2759 1358 2845 potuisset
1380 2765 1469 2827 tam-

137 2849 192 2915 diu
215 2848 374 2933 protrahi,

76 2987 129 3042 612
226 2972 280 3037 An
304 2992 496 3048 annsrrnu
515 2973 554 3035 2¹²²
570 2970 608 3036 R.
636 2974 664 3037 1.
698 2970 777 3035 Cum
793 2971 956 3036 Candidus
979 2971 1175 3056 compluries
1197 2970 1296 3036 fidem
1317 2971 1468 3055 fregerit,

138 3061 208 3126 eius
232 3061 310 3126 solis
333 3060 502 3145 promissis
525 3059 581 3124 fidi
604 3059 732 3142 nequit,
764 3059 867 3143 ipsius
890 3060 991 3143 igitur
1021 3061 1119 3144 culpa
1148 3066 1199 3126 est
1229 3060 1466 3127 confessarium

136 3151 255 3216 debere
278 3150 425 3216 severius
454 3169 565 3230 agere.
611 3149 733 3214 Verum
763 3150 893 3232 quidem
917 3154 969 3215 est
991 3171 1065 3216 eum
1089 3149 1189 3215 etiam
1213 3171 1298 3215 nunc
1328 3171 1371 3215 ex
1400 3173 1468 3217 una

136 3245 233 3323 parte
257 3260 329 3304 esse
352 3239 385 3304 in
408 3238 526 3303 morali
549 3237 811 3322 impossibilitate
834 3241 905 3303 ilico
928 3239 1080 3304 ancillam
1105 3237 1299 3315 dimittendi,
1323 3239 1468 3305 maxime

137 3350 209 3394 cum
234 3350 319 3393 nunc
342 3348 480 3412 peregre
504 3327 660 3406 exsistat,
686 3332 785 3394 etex
809 3328 916 3393 altera
937 3332 1033 3412 parte
1057 3327 1087 3392 ei
1110 3349 1214 3411 grave
1238 3348 1319 3392 onus
1342 3327 1467 3413 imponi

136 3439 196 3501 per
219 3418 355 3483 dilatam
379 3417 634 3494 absolutionem,
668 3416 794 3482 scilicet
824 3438 905 3481 onus
928 3416 1143 3482 confessionis
1173 3439 1259 3482 nunc
1282 3416 1393 3483 factae
1417 3419 1468 3483 in·

136 3511 232 3588 tegre
255 3505 470 3590 repetendae,
501 3506 563 3570 nisi
588 3506 684 3571 facile
713 3506 820 3571 redire
843 3505 948 3590 possit
978 3505 1019 3571 ad
1050 3506 1187 3572 eundem
1218 3506 1466 3585 confessarium,

137 3594 249 3678 quiin
279 3595 350 3660 loco
374 3594 648 3678 peregrinationis
678 3616 762 3659 nunc
793 3615 926 3660 munere
958 3594 1116 3677 fungitur.
1163 3595 1270 3671 Quare
1301 3596 1328 3660 si
1359 3595 1467 3681 prima

136 3685 210 3749 vice
233 3683 402 3769 promissis
425 3706 490 3749 non
514 3683 680 3750 stetisset:
705 3683 857 3750 existimo
881 3684 1060 3749 Candidum
1084 3684 1211 3749 absolvi
1235 3685 1381 3769 potuisse
1405 3687 1467 3751 sub

137 3774 226 3838 hisce
250 3773 500 3853 condicionibus,
529 3774 561 3857 1)
585 3778 622 3841 ut
645 3794 729 3838 nunc
752 3774 839 3838 seria
855 3773 985 3838 omnino
1002 3777 1162 3856 appareat
1177 3774 1331 3839 voluntas
1354 3774 1466 3841 dimit-

65 3903 71 3910 ·
136 3863 257 3928 tendae
280 3863 419 3928 ancillae
443 3868 477 3930 et
500 3862 631 3928 interim
655 3862 909 3928 adhibendorum
933 3863 1151 3927 remediorum
1176 3883 1260 3944 quae
1283 3885 1383 3947 supra
1405 3886 1467 3931 no-

135 3956 210 4018 tata
233 3957 325 4029 sunt;
357 3951 391 4033 2)
415 3955 453 4017 ut
476 3951 668 4016 absolvatur
691 3951 836 4033 quidem,
867 3952 925 4017 sed
948 3973 1012 4017 non
1035 3951 1174 4017 accedat
1204 3951 1246 4016 ad
1269 3973 1295 4020 s.
1320 3973 1466 4020 commu-

136 4041 266 4106 nionem
289 4040 351 4105 nisi
375 4041 471 4118 domi,
496 4045 670 4124 postquam
695 4044 898 4106 contractum
924 4063 997 4105 cum
1013 4040 1133 4107 ancilla
1155 4061 1192 4105 re
1215 4040 1288 4124 ipsa
1311 4042 1467 4109 solvisset

136 4135 170 4197 et
193 4136 323 4214 tempus
346 4150 410 4211 quo
432 4130 565 4194 brevius
588 4130 732 4212 potuerit
755 4150 814 4213 pro
838 4129 919 4194 reali
943 4129 1129 4195 dimissione
1158 4130 1296 4196 fixisset.
1344 4131 1466 4208 Quodsi

136 4218 169 4283 in
193 4241 252 4284 suo
276 4221 347 4284 loco
372 4221 593 4295 confiteretur,
619 4219 771 4284 existimo
788 4219 817 4284 ei
841 4240 881 4283 nc
905 4220 1142 4285 absolutionem
1167 4219 1297 4301 quidem
1321 4222 1465 4287 secunda

136 4307 208 4373 vice
232 4308 370 4374 dandam
397 4329 479 4386 esse,
504 4307 565 4373 nisi
589 4312 665 4390 post
689 4311 894 4374 contractum
919 4329 990 4372 cum
1015 4308 1134 4373 ancilla
1157 4309 1343 4375 rescissum.

224 4416 263 4480 R.
289 4419 319 4480 2.
367 4415 431 4480 Sed
461 4414 613 4496 quoniam
644 4435 708 4478 non
739 4414 856 4493 semel,
888 4414 946 4479 sed
977 4413 1172 4497 compluries
1195 4414 1360 4481 Candidus
1389 4438 1466 4501 pro·

136 4504 244 4568 missis
267 4525 331 4568 non
355 4504 465 4580 stetit,
491 4525 530 4567 ne
554 4503 587 4567 in
611 4503 717 4568 alieno
742 4504 872 4585 quidem
895 4505 965 4568 loco
989 4503 1210 4568 absolvendus
1233 4508 1301 4582 est,
1333 4505 1392 4569 sed
1415 4505 1466 4569 in-

136 4591 340 4657 commodum
364 4592 562 4676 repetendae
586 4592 799 4658 confessionis
823 4593 932 4676 potius
954 4592 1078 4656 sentire
1095 4592 1201 4658 debet.
1232 4593 1355 4658 Debuit
1379 4592 1465 4658 enim

135 4679 299 4746 Candidus
322 4681 406 4747 scire
429 4681 491 4746 sihi
513 4702 652 4763 gravem
674 4681 759 4748 hanc
782 4682 968 4747 incumbere
992 4680 1226 4762 obligationem
1253 4682 1393 4749 ancillae
1418 4684 1467 4749 di·
