3044 5174
147 296 212 360 258
598 293 803 349 Sacramentum
821 296 1013 367 paenitentiae.

146 468 266 534 seriam
290 468 404 535 habuit
427 490 560 535 causam
585 468 752 537 dubitandi
767 490 873 552 neque
889 475 962 537 erat
976 470 1076 538 timor
1090 471 1221 553 quidam
1236 471 1356 539 inanis.
1395 472 1474 538 Cum

146 579 226 623 vero
257 557 478 624 confessiones
507 557 659 642 excipere
690 563 860 643 pergeret,
892 560 1129 626 absolutionem
1162 581 1226 626 non
1258 559 1351 627 dedit
1381 565 1475 628 certo

146 648 306 725 validam;
331 669 436 730 neque
459 652 548 713 certo
573 648 683 713 valida
704 647 796 714 faeta
819 653 870 714 est
888 649 1049 714 absolutio
1067 671 1108 714 ex
1123 651 1297 734 supplente
1314 649 1473 727 Ecclesia,

147 758 185 802 eo
210 737 312 819 quod,
340 737 366 802 si
391 736 584 821 approbatio
607 737 739 821 reipsa
762 738 919 817 desierat,
944 760 1036 803 error
1058 737 1187 821 quidem
1210 739 1393 805 communis
1417 761 1475 804 ex-

147 826 296 903 sistebat,
321 831 357 892 at
378 826 510 892 videtur
532 826 701 892 exstitisse
724 826 793 892 sinc
816 827 913 894 titulo
937 828 1093 895 colorato.

83 952 138 1006 450
237 942 275 1007 R.
302 945 332 1008 2.
365 941 484 1008 Utrum
509 942 542 1006 in
562 945 736 1027 poster-iore
758 963 836 1008 casu
860 942 1021 1008 absolutio
1045 942 1237 1008 aDurando
1261 943 1341 1010 data
1363 943 1476 1010 valida

147 1031 247 1096 fuerit
276 1051 394 1109 necne,
425 1031 521 1113 idque
551 1052 614 1095 non
639 1031 743 1096 solum
774 1037 908 1116 propter
931 1053 1075 1097 errorem
1098 1053 1300 1098 communem
1325 1033 1475 1099 Ecclesia

147 1120 330 1204 supplente,
354 1121 474 1204 pendet
499 1140 612 1199 exeo,
636 1142 712 1185 num
737 1121 913 1204 probabilis
936 1120 980 1187 sit
1001 1121 1232 1205 interpretatio
1255 1123 1476 1188 concessionis

147 1209 258 1275 factae
287 1211 385 1287 haee,
416 1213 454 1275 ut
481 1209 596 1288 ,venia
625 1208 819 1293 superioris“
848 1210 887 1274 de
915 1210 1035 1291 quain
1058 1211 1267 1277 concessione
1290 1231 1400 1277 sermo
1424 1217 1476 1278 est

148 1298 346 1364 extendatur
375 1298 416 1365 ad
446 1298 551 1383 ipsam
575 1298 704 1363 veniam
735 1302 989 1383 praesumptam.
1037 1299 1129 1376 Quod
1153 1299 1182 1364 si
1205 1299 1348 1378 obtinet,
1381 1301 1476 1367 adest

146 1387 326 1453 iurisdictio
350 1388 583 1453 antecedenter
606 1389 724 1453 saltem
748 1387 925 1472 probabilis
947 1387 1179 1472 probabilitate
1209 1388 1305 1468 iuris,
1337 1410 1475 1472 eamque

148 1477 297 1542 Ecclesia
326 1476 368 1542 ad
399 1477 560 1543 cautelam
591 1478 672 1542 satis
703 1482 793 1543 certo
823 1477 969 1561 supplet,
1002 1481 1039 1543 ut
1071 1477 1194 1543 dictum
1225 1483 1276 1545 est
1308 1500 1410 1563 supra
1433 1478 1474 1544 ad

148 1567 337 1644 Quaesitum
364 1569 411 1632 1¹¹².
458 1567 502 1632 Et
531 1587 671 1631 revera
700 1587 772 1631 eam
805 1587 878 1631 esse
909 1567 1214 1650 interpretationem
1245 1567 1474 1634 rationabilem

148 1661 248 1738 atqua
278 1655 480 1739 probabilem
506 1655 666 1720 formulae
690 1654 906 1720 concessionis
930 1656 1059 1720 omnino
1083 1660 1173 1741 puto.
1219 1655 1306 1722 Nam
1333 1660 1366 1740 l)
1390 1659 1475 1741 quod

148 1745 295 1811 clausula
324 1744 381 1810 illa
414 1766 508 1822 ,cum
538 1743 633 1809 venia
663 1749 774 1810 tamen
803 1744 852 1810 tui
881 1744 1058 1827 superioris
1090 1749 1164 1830 post
1193 1743 1388 1813 facultatem
1417 1768 1474 1813 ex-

146 1855 295 1919 pressam
325 1834 472 1899 additur“
501 1833 632 1898 videtur
661 1834 795 1899 innuere
823 1833 1018 1917 ,superioris
1047 1833 1195 1899 veniam⁴¹
1222 1834 1264 1899 ad
1294 1835 1474 1904 liceitatem

146 1924 256 2008 potius
286 1944 383 2004 quam
415 1923 457 1988 ad
480 1923 625 1988 valorem
657 1922 787 2005 requiri.
834 1923 869 2004 2)
893 1922 997 1988 Venia
1027 1945 1120 1989 sensu
1150 1926 1212 1988 luto
1242 1925 1303 1990 sub
1326 1945 1363 1990 se
1388 1947 1475 1991 com·

147 2013 320 2098 prehendit
342 2013 473 2078 veniam
503 2015 749 2096 praesumptam
777 2012 1042 2096 praesumptione
1072 2012 1112 2077 de
1135 2014 1318 2096 praesenti,
1350 2016 1477 2081 scilicet

146 2102 175 2167 si
198 2102 286 2168 iusta
309 2105 361 2167 est
383 2101 552 2184 persuasio
576 2101 775 2184 superiorem
799 2103 850 2166 bic
874 2111 900 2166 et
923 2125 1008 2168 cucrrc
1037 2101 1085 2167 ita
1115 2101 1307 2186 dispositum
1338 2125 1414 2169 esse
1440 2109 1476 2170 ut

147 2196 284 2274 rogatus
308 2190 437 2256 veniam
461 2192 598 2257 daturus
621 2190 682 2267 sit;
707 2193 742 2255 at
766 2211 807 2254 ex
832 2190 993 2255 communi
1017 2190 1131 2273 regula
1152 2191 1330 2274 singularis
1345 2193 1474 2274 quidem

148 2279 348 2364 dispensatio
380 2281 433 2344 vel
466 2279 637 2362 personale
670 2283 785 2345 contra
817 2279 923 2361 legem
955 2279 1068 2345 datum
1099 2279 1307 2364 privilegium
1339 2282 1476 2349 strictae

147 2368 429 2453 interpretationis
462 2375 529 2444 est;
563 2368 620 2433 sed
651 2369 791 2450 facultas
824 2368 957 2450 agendi,
991 2368 1089 2434 immo
1122 2369 1221 2436 etiam
1254 2368 1475 2454 dispensandi,

147 2460 250 2524 multo
274 2458 381 2541 magis
401 2457 684 2523 sacramentaliter
705 2457 904 2535 absolvendi,
929 2461 1027 2522 lotum
1042 2457 1142 2524 habet
1158 2459 1475 2542 interpretationem.

148 2549 196 2615 Cf.
222 2549 253 2614 S.
279 2547 414 2631 alpia,
443 2547 492 2612 De
523 2546 630 2631 privil.
654 2568 685 2614 n.
712 2548 814 2623 o-8;
840 2547 1119 2626 D'Aunibale,
1145 2549 1312 2614 Surmnula
1336 2549 1369 2629 I,
1402 2552 1475 2617 228.

480 2757 744 2823 IURISDIOTIO
768 2757 817 2821 IN
841 2756 1141 2824 MORIBUNDOS.

705 2920 815 2988 Casus.
835 2928 910 2997 (rao)

239 3071 453 3131 Constantinus
475 3070 614 3130 sacerdos
635 3070 809 3148 peregrinus
831 3070 1012 3130 solummodo
1033 3070 1143 3130 missae
1168 3071 1366 3134 celebrandae
1388 3093 1479 3133 cauea

150 3151 196 3211 die
218 3153 316 3226 aliquo
344 3152 421 3210 festo
450 3151 614 3210 accersitus
642 3156 689 3210 est
715 3170 810 3226 neque
837 3151 980 3210 facultate
1007 3151 1220 3211 iurisdictionis
1248 3159 1296 3211 est
1317 3155 1477 3231 praeditus.

149 3234 242 3291 Audit
263 3239 361 3290 tamen
384 3251 451 3290 esse
472 3232 585 3307 aliquos
607 3237 746 3306 aegrotos
767 3231 932 3307 periculose
948 3232 1165 3300 decumbentes,
1188 3232 1310 3291 nonita
1330 3240 1432 3294 tamen
1446 3242 1478 3293 ut

149 3313 260 3371 viatico
282 3312 340 3370 iam
361 3312 421 3370 sint
442 3312 560 3380 muniti,
582 3311 724 3388 siquidem
745 3312 903 3388 periculum
922 3312 1052 3370 nondum
1073 3318 1119 3370 est
1140 3311 1213 3371 adeo
1236 3318 1350 3373 certum
1368 3316 1417 3374 vel
1436 3315 1477 3373 in·

150 3397 243 3452 stans.
286 3392 356 3451 Cum
379 3392 455 3450 sciat
476 3393 611 3450 accidere
632 3411 720 3469 posse
740 3397 775 3450 ut
795 3391 825 3449 hi
846 3399 1006 3450 vereantur
1024 3391 1182 3472 ¹proprium
1208 3393 1386 3468 parochum,
1418 3414 1476 3466 eos,

149 3472 244 3530 inscio
265 3473 404 3548 parocho,
426 3472 538 3538 invisit,
560 3472 598 3530 ad
619 3472 833 3531 confessionam
856 3472 985 3548 disponit
1000 3477 1030 3529 et
1044 3472 1182 3544 absolvit,
1204 3492 1329 3532 monens
1353 3479 1388 3534 ut
1401 3495 1476 3533 nune

149 3553 237 3628 plane
267 3552 328 3610 sint
355 3552 466 3622 aecuri3
497 3557 748 3611 sacramentorum
769 3551 955 3611 morientium
984 3571 1075 3611 causa
1101 3553 1338 3629 recipiendorum
1367 3575 1402 3614 se
1421 3575 1475 3614 non

152 3632 279 3705 obligari
299 3632 338 3689 ud
358 3633 549 3709 repetendam
572 3632 803 3702 confessionem,
826 3651 915 3708 posse
935 3637 1036 3690 tamen
1057 3632 1155 3708 aliqua
1176 3639 1302 3710 peccata
1323 3654 1400 3710 quae
1421 3656 1476 3694 ma·

150 3713 261 3771 luerint
282 3713 425 3781 confiteri,
447 3712 565 3771 reticita
587 3711 774 3771 consessione
796 3714 873 3789 apud
895 3731 928 3771 se
949 3714 1039 3772 facta.

152 3834 329 3904 Quaaarrun
351 3836 380 3893 1⁰
401 3835 468 3910 quid
490 3840 633 3894 statutum
656 3836 697 3893 sit
717 3835 797 3894 eirca
818 3835 1050 3894 iurisdictionem
1071 3836 1102 3894 in
1123 3827 1322 3898 moribundos.

352 3934 382 3991 2⁰
402 3933 548 4073 possitget
563 3934 704 3992 sacerdos
732 3936 987 4010 non-approbatus
1016 3934 1172 3993 absolvere
1200 3934 1289 3993 etiam
1322 3943 1475 4014 praesente

404 4034 495 4091 appro
517 4035 575 4074 ao.

353 4113 382 4170 3⁰
403 4113 471 4189 quid
493 4113 528 4170 dc
550 4112 657 4186 agendi
678 4111 793 4170 ratione
815 4111 1010 4171 Constantini.

745 4312 882 4378 Salutio.

88 4486 140 4541 451
243 4466 294 4528 An
318 4485 508 4540 ouaasrrun
536 4466 572 4528 1¹¹¹
597 4464 634 4528 R.
662 4468 687 4528 1.
729 4463 820 4528 Circa
845 4462 1016 4529 articulum
1041 4464 1156 4529 mortis
1179 4465 1318 4531 celebris
1343 4473 1396 4535 est
1419 4465 1472 4532 dis·
1513 4434 1518 4601 ⁴

153 4553 271 4637 positio
302 4577 383 4618 coac.
413 4555 503 4619 Trid.
528 4575 607 4618 sesa.
637 4557 692 4629 14,
725 4575 751 4618 c.
779 4556 795 4617 7
822 4556 860 4618 dc
883 4558 1021 4638 poenit:
1055 4555 1310 4632 ,Verumtamen
1341 4557 1394 4641 pic
1423 4554 1470 4621 ad·

153 4644 299 4720 modum,
324 4664 365 4707 ne
386 4643 450 4708 hac
473 4643 545 4726 ipsa
569 4643 738 4707 occasione
762 4643 879 4725 aliquis
902 4648 1026 4727 pereat,
1050 4643 1083 4708 in
1108 4645 1221 4709 eadem
1245 4645 1398 4712 Ecclesia
1419 4639 1470 4710 Dei
1512 4648 1518 4757 Ι

1510 4816 1518 5067 l
