3044 5174
150 283 192 347 48
615 276 656 332 De
674 281 846 332 sacramento
864 276 1000 348 baptismi.

150 458 267 522 exorta
297 474 380 521 esse.
426 454 548 520 Verum
578 454 612 519 id
642 458 732 520 recte
755 475 820 518 non
843 453 1041 531 sustinetur,
1073 475 1145 519 cum
1170 453 1347 522 efficientia
1370 459 1476 534 actus,

150 567 212 628 quo
229 543 301 627 quis
317 543 466 627 patrinus
481 544 529 622 fit,
545 542 618 626 ipsa
633 541 762 609 actione
778 542 919 609 finiatur.
953 543 1138 609 Sanchez
1160 543 1182 610 l.
1199 564 1244 620 c.;
1270 542 1477 610 Schmalz-

150 634 329 718 grueher
351 632 373 698 l.
398 636 429 711 4,
452 633 504 699 tit.
532 635 583 710 11,
608 653 638 698 n.
665 634 811 708 62-65;
838 632 1187 715 dury-Ballerini
1211 632 1251 712 Π,
1276 654 1307 699 n.
1333 634 1409 699 805.

574 832 755 899 PATRINI
778 832 1050 899 ACATHOLICI.

721 999 901 1076 cusnani)

241 1140 311 1201 Gaio
333 1141 463 1218 parocho
485 1141 609 1200 affertur
629 1140 825 1217 baptizandus
845 1160 919 1216 puer
933 1160 971 1198 ex
985 1139 1171 1198 matrimonio
1189 1139 1283 1198 mixto
1305 1144 1390 1199 ortus
1413 1159 1478 1200 cum

151 1221 269 1299 patrino
290 1221 506 1298 protestantioo
527 1226 558 1281 et
578 1221 727 1281 catholica
747 1221 811 1278 eius
840 1239 933 1279 uxore
954 1226 986 1278 ut
1006 1219 1143 1279 matrina.
1185 1219 1317 1280 Priorem
1339 1239 1406 1279 cum
1428 1221 1478 1279 im-

152 1302 251 1379 pedire
274 1301 346 1361 velit
366 1301 514 1378 parochus
532 1321 569 1360 ne
590 1302 669 1360 inter
683 1300 860 1377 baptismum
874 1301 1018 1359 infantem
1039 1305 1151 1374 tangat,
1173 1299 1240 1376 ipsa
1254 1300 1369 1376 pueroli
1384 1307 1480 1360 mater

153 1382 299 1441 assistens
319 1387 504 1459 protestatur
524 1386 629 1441 contra
650 1381 743 1452 hano,
766 1388 799 1439 ut
820 1380 877 1450 ait,
899 1379 1022 1457 parochi
1042 1379 1278 1451 intolerantiam
1307 1380 1380 1439 alibi
1401 1381 1479 1440 simi·

152 1463 220 1522 liter
241 1462 322 1532 fieri;
344 1463 448 1538 quodsi
468 1461 615 1540 parochus
636 1461 711 1520 nolit
731 1460 928 1536 acquiescere,
951 1480 983 1518 se
1005 1466 1189 1537 sumpturam
1208 1480 1275 1520 esse
1288 1461 1435 1519 infantem
1450 1467 1480 1520 et

153 1562 219 1601 eum
239 1543 353 1620 pastori
374 1541 589 1619 protestantico
610 1540 819 1618 baptizandum
834 1541 1000 1600 oblaturam
1015 1560 1090 1600 esse.
1120 1539 1183 1609 Quo
1207 1541 1308 1600 andito
1329 1542 1479 1618 parochus

153 1623 323 1698 acquiescit.

154 1738 331 1808 Quanarrua
354 1740 382 1796 1ο
403 1756 478 1813 quae
500 1737 560 1796 sint
580 1737 663 1812 leges
683 1736 838 1795 Ecclesiae
860 1734 939 1794 circa
961 1735 1150 1795 condiciones
1171 1736 1364 1812 patrinorum.

351 1835 381 1892 2ο
403 1834 471 1910 quid
492 1834 527 1892 de
548 1834 656 1909 agendi
677 1832 792 1892 ratione
814 1832 878 1892 Gaii
899 1832 1077 1892 censendum
1099 1832 1146 1892 sit.

748 2015 885 2082 Solutio.

111 2174 146 2229 80
244 2160 297 2225 An
321 2180 513 2235 ouanslrun
540 2161 576 2223 l'l
599 2159 638 2225 R.
667 2161 694 2226 1.
734 2159 840 2240 Leges
863 2159 1031 2224 Ecclesiae
1056 2158 1265 2224 continentur
1287 2157 1327 2223 iis
1351 2179 1480 2241 quasa

155 2249 280 2316 Rituali
302 2247 341 2314 R.
366 2252 524 2314 notantur
546 2247 598 2314 tit.
623 2247 671 2325 Π,
700 2268 731 2313 n.
758 2250 905 2312 23—26:
942 2248 1114 2325 „Petrinus
1137 2269 1221 2313 unus
1244 2251 1386 2327 tantum,
1412 2249 1480 2314 sive

156 2340 206 2403 vir
229 2337 300 2402 sive
323 2337 448 2415 mulier,
473 2336 526 2402 vel
550 2335 592 2402 ad
608 2357 770 2401 summum
787 2357 870 2400 unus
893 2340 928 2403 et
951 2358 1015 2402 una
1035 2336 1262 2415 adhibeantur,
1287 2357 1329 2402 ex
1346 2336 1479 2404 decreto

157 2426 289 2493 Consilii
306 2426 405 2503 Trio„
430 2426 487 2491 sed
511 2425 607 2490 simul
630 2446 694 2491 non
716 2424 935 2491 admittantur
959 2426 1021 2491 duo
1040 2425 1102 2490 viri
1126 2431 1184 2492 aut
1208 2426 1291 2491 duae
1314 2426 1478 2505 mulieres,

156 2537 261 2599 neque
285 2514 472 2598 baptizandi
495 2518 591 2597 pater
614 2516 673 2580 aut
695 2519 811 2581 meter.

245 2604 315 2669 Hos
338 2608 450 2670 autem
476 2602 625 2686 patrinos
654 2602 772 2668 saltem
795 2603 829 2667 in
859 2608 970 2670 aetate
993 2604 1177 2688 pubertatis
1207 2625 1247 2669 ac
1269 2611 1477 2672 sacramento

157 2692 411 2760 confirmationis
435 2691 644 2774 consignatos
668 2713 739 2757 esse
763 2692 926 2760 convenit.

246 2783 358 2850 Sciant
387 2785 560 2866 praeterea
591 2781 723 2864 parochi
754 2781 796 2846 ad
826 2781 887 2846 hoc
917 2803 1033 2846 munus
1063 2803 1128 2846 non
1153 2802 1226 2846 esse
1255 2781 1478 2849 admittendos

155 2872 301 2937 infideles
330 2876 390 2937 aut
418 2869 602 2936 haereticos
631 2874 689 2935 aut
719 2869 847 2954 publice
870 2870 1169 2936 excommunicatos
1192 2873 1251 2935 aut
1273 2870 1477 2949 interdictos,

155 2983 220 3026 non
241 2960 370 3044 publice
400 2959 590 3025 criminosos
620 2964 678 3024 aut
707 2958 864 3037 infamer,
899 2980 959 3024 nec
988 2964 1161 3043 praeterea
1184 2960 1240 3041 qui
1262 2981 1345 3026 sana
1368 2965 1477 3026 mente

155 3071 220 3115 non
243 3052 336 3128 sunt,
367 3069 472 3131 neque
502 3048 558 3131 qni
586 3048 741 3130 ignorant
772 3047 957 3115 rudimenta
986 3048 1070 3114 fidei.
1119 3048 1210 3114 Haec
1240 3048 1326 3113 enim
1356 3050 1477 3133 patrini

156 3139 343 3223 spirituales
366 3137 449 3203 filios
472 3157 549 3202 suos
581 3158 662 3219 quos
692 3136 732 3202 de
762 3136 916 3221 baptismi
940 3137 1031 3204 fonte
1054 3142 1287 3221 susceperunt,
1318 3138 1372 3204 ubi
1398 3160 1478 3224 opus

155 3228 264 3303 fuerit,
289 3230 472 3311 opportune
495 3227 612 3291 docere
635 3231 798 3293 tenentur.

245 3317 424 3382 Praeterea
447 3315 489 3381 ad
512 3315 573 3381 hoc
597 3315 698 3381 etiarn
721 3314 851 3382 admitti
874 3336 940 3380 non
963 3314 1082 3381 debent
1105 3316 1254 3380 monachi
1278 3316 1331 3380 vel
1355 3317 1477 3383 sancti-

155 3405 314 3472 moniales
337 3425 443 3488 neque
466 3404 522 3470 alii
554 3404 698 3470 cuiusvis
728 3404 849 3470 ordinis
880 3405 1050 3488 regulares
1079 3406 1253 3471 asaeculo
1277 3405 1473 3487 segregati‘

244 3511 283 3578 R.
309 3514 339 3578 2.
382 3511 604 3577 Nihilominus
628 3511 734 3594 quoad
764 3511 891 3576 notorie
915 3512 1045 3594 quidem
1076 3511 1221 3576 censuris
1248 3513 1478 3580 ecclesiasticis

156 3601 331 3668 obstrictos
354 3601 412 3666 sed
435 3622 498 3666 non
530 3600 683 3666 vitandos
710 3601 894 3682 generatim
918 3622 982 3665 non
1005 3600 1053 3666 ita
1069 3606 1206 3683 urgetur
1222 3600 1276 3666 lex
1293 3623 1349 3667 eos
1372 3605 1479 3688 repel-

156 3691 259 3768 lendi,
292 3695 330 3756 ut
360 3711 425 3756 non
458 3693 525 3755 stet
557 3690 643 3774 apud
674 3691 861 3774 episcopum
893 3689 1038 3755 iudicare
1069 3711 1146 3754 num
1179 3690 1220 3755 ad
1243 3691 1370 3757 maiora
1393 3694 1479 3758 mala

156 3779 360 3863 impedienda
393 3779 508 3845 melius
539 3779 584 3844 sit
614 3800 670 3844 eos
702 3779 876 3846 admittere
912 3800 1009 3861 quam
1041 3779 1181 3843 reicere:
1213 3779 1262 3846 ita
1294 3782 1327 3847 S.
1353 3782 1479 3849 Poenit.

162 3872 202 3935 10
225 3868 304 3935 Dec.
332 3870 427 3934 1860.

246 3974 285 4040 R.
311 3977 340 4040 3.
376 3974 479 4052 Quam
496 3975 752 4041 declarationem
775 3996 839 4040 non
863 3996 936 4040 esse
959 3974 1199 4040 extendendam
1218 3975 1261 4040 ad
1284 3976 1478 4056 haereticos

157 4065 214 4130 sed
249 4068 419 4148 praestare
453 4063 486 4128 in
522 4064 651 4130 casibus
687 4063 872 4129 difficilibus
912 4064 1109 4147 baptismum
1147 4064 1216 4129 sine
1256 4066 1387 4147 patrino
1424 4069 1480 4134 ad-

157 4153 353 4230 ministrare,
378 4174 474 4235 quam
498 4175 571 4218 curn
595 4153 724 4236 patrino
748 4152 926 4219 haeretico:
952 4156 985 4220 S.
1012 4154 1102 4236 Offic.
1127 4174 1212 4236 resp.
1237 4156 1256 4218 3
1280 4155 1357 4220 Maii
1383 4158 1479 4234 1893,

157 4246 194 4308 ut
216 4243 358 4309 habetur
380 4245 448 4309 Act.
474 4245 508 4309 S.
533 4243 627 4310 Sedis
650 4243 769 4313 XXVI.
795 4245 870 4308 448.

113 4394 145 4448 81
245 4366 298 4432 An
315 4388 506 4443 ouanmrun
523 4370 562 4431 2¹²
577 4367 615 4433 R.
637 4372 663 4433 1.
695 4367 797 4431 Recte
814 4371 950 4431 conatus
974 4371 1025 4430 est
1041 4367 1201 4448 parochus
1224 4370 1390 4450 patrinum
1407 4393 1480 4455 pro·

157 4459 370 4524 testanticum
394 4456 550 4539 impedire
567 4456 738 4538 quominus
754 4461 908 4536 tangeret
927 4455 1103 4522 infantem:
1128 4459 1214 4539 quod
1231 4458 1258 4522 si
1275 4459 1479 4536 obtinuisset,

157 4546 381 4630 impedivisset
397 4545 568 4627 quominus
583 4544 638 4608 ille
654 4547 748 4609 fieret
765 4551 800 4610 et
815 4549 903 4609 esset
915 4545 1072 4627 patrinus.
1102 4548 1211 4629 Atque
1227 4548 1274 4613 ita
1291 4549 1416 4632 reipsa
1432 4552 1479 4616 fa-

158 4657 231 4702 cere
258 4635 399 4719 expedit,
425 4655 442 4699 e
481 4634 552 4699 fieri
576 4634 645 4699 sine
662 4655 782 4716 magna
800 4633 994 4700 difficultate
1017 4656 1113 4717 posse
1137 4636 1221 4701 solet
1244 4638 1388 4704 maxime
1412 4645 1478 4706 tum
