3044 5174
460 257 580 325 Quando,
599 259 705 329 quoties
723 257 853 313 celebrari
872 257 961 313 liceat
1309 265 1372 329 143

40 439 154 518 dendi,
178 438 208 505 si
231 439 328 505 modo
352 442 429 504 ante
452 435 619 503 meridiem
643 458 721 520 pars
744 435 801 502 illa
824 436 972 521 legitima
994 437 1147 503 breviarii
1171 439 1372 519 absolvatur,

41 533 220 614 peccatum
243 529 307 595 hac
328 528 362 592 in
385 547 422 593 re
444 548 509 593 non
533 525 733 610 agnoverim.

153 739 332 806 TEMPUS
355 735 705 804 CELEBRATIONIS
729 735 777 801 IN
800 736 1074 803 NATIVITATE
1098 739 1268 806 DOMINI.

615 900 725 966 Casus.
745 906 803 976 (71)
884 995 887 1001 1

137 1044 349 1114 Homobonus,
376 1041 507 1103 vicarius
535 1042 643 1101 ruralis
672 1041 749 1119 apud
777 1040 924 1118 publicum
953 1043 1128 1116 oratorium,
1159 1064 1224 1104 cum
1244 1044 1275 1103 in
1297 1045 1374 1104 festo

47 1122 218 1184 nativitatis
238 1122 358 1183 Domini
385 1141 485 1182 secum
512 1122 637 1181 baberet
657 1122 802 1200 hospitem
832 1123 1031 1195 sacerdotem,
1061 1125 1198 1184 ruricolis
1229 1125 1290 1185 suis
1311 1126 1376 1185 vult

48 1206 158 1265 festum
180 1203 418 1263 ecclesiasticum
438 1203 590 1262 insolitum
617 1222 805 1281 praeparare.
849 1202 935 1281 Ipse,
964 1223 1030 1265 cunr
1051 1205 1081 1264 in
1103 1205 1161 1265 alio
1181 1205 1248 1266 rico
1271 1205 1374 1265 diebus

48 1283 252 1362 praeceptivis
272 1302 361 1342 unam
382 1282 505 1342 missam
526 1284 678 1343 celebrare
699 1285 820 1358 debeat,
847 1285 879 1345 in
906 1304 960 1344 suo
980 1284 1048 1345 vico
1077 1305 1115 1344 ex
1141 1305 1223 1345 more
1245 1287 1376 1346 celebrat

49 1366 122 1425 hora
145 1368 248 1442 quinto
270 1369 301 1422 et
321 1372 421 1440 actm
441 1364 495 1423 sed
515 1354 664 1424 sacerdoti
678 1364 790 1441 hospiti
804 1364 965 1444 persuadet
978 1371 1011 1425 ut
1025 1365 1121 1424 media
1135 1371 1224 1426 nocte
1246 1368 1376 1426 celebret

49 1452 110 1505 tres
132 1464 205 1504 suae
225 1443 351 1516 missas,
380 1463 454 1520 qnae
475 1463 542 1503 oum
563 1445 722 1505 sollemnes
742 1447 773 1505 in
795 1445 924 1507 oratorio
946 1446 1096 1505 celebrare
1123 1453 1266 1522 nequeat,
1296 1447 1376 1506 dicat

49 1527 154 1596 lectas,
176 1524 339 1584 comitante
361 1531 450 1584 cantu
471 1524 581 1602 populi.
618 1524 745 1585 Insolito
766 1527 933 1587 festivitate
954 1526 1054 1586 allecti
1075 1547 1134 1586 non
1156 1527 1243 1604 pauci
1264 1527 1375 1586 inillis

49 1607 151 1666 missis
172 1626 196 1665 s.
219 1605 454 1664 communionem
474 1604 650 1683 percipiunt.

51 1729 231 1800 Quasmrun
254 1729 283 1787 1ο
303 1727 430 1787 liceatne
445 1727 591 1868 linbnocte
604 1728 772 1789 nativitatis
788 1728 886 1788 dicere
900 1728 1008 1788 missas
1029 1729 1164 1807 privatas
1179 1749 1288 1807 eaeque
1309 1750 1376 1790 oon·

305 1808 389 1868 tinuo
410 1827 473 1867 oee
494 1828 569 1869 rare.

255 1917 286 1974 2ο
306 1915 375 2054 guid
397 1915 433 1974 de
454 1936 478 1976 e.
500 1916 702 1977 communione
729 1917 760 1975 in
789 1922 876 1977 nocte
903 1916 1071 1977 nativitatis
1102 1917 1259 1977 distributa
1280 1917 1376 1977 dicen·

326 2015 373 2054 um
394 1997 443 2056 sit.

648 2153 783 2221 Solatia.

140 2294 195 2360 An
225 2314 417 2370 ouaasmun
448 2297 486 2359 1m
508 2295 547 2360 R.
574 2297 603 2360 1.
650 2295 682 2361 S.
707 2296 745 2362 R.
771 2294 803 2362 Ο.
835 2293 966 2377 saepius
996 2293 1142 2361 decrevit
1176 2298 1269 2379 ,post
1299 2310 1438 2365 can-248

51 2387 158 2450 talam
182 2383 320 2468 primam
344 2383 477 2448 missam
500 2405 564 2449 non
588 2382 687 2449 licere
718 2382 800 2450 alias
832 2382 913 2448 duas
936 2382 1123 2449 immediate
1154 2384 1320 2449 celebrare
1343 2389 1377 2450 et

51 2473 166 2540 fideles
191 2471 467 2538 communicare“:
492 2472 540 2538 ita
563 2494 648 2538 nunc
672 2472 705 2537 in
731 2474 823 2538 Decr.
849 2474 934 2538 autb.
961 2494 991 2538 n.
1018 2474 1100 2547 752;
1131 2472 1228 2555 idque
1256 2472 1377 2556 ,ligare

51 2583 165 2628 omnes
189 2582 253 2627 non
276 2561 436 2627 habentes
459 2561 666 2645 privilegium
689 2561 722 2626 in
745 2560 962 2629 contrarium“
983 2563 1136 2639 n.1761;
1160 2561 1208 2628 ita
1231 2567 1269 2629 ut
1295 2584 1377 2641 ,non

51 2651 152 2718 liceat
175 2650 293 2716 missas
315 2651 465 2735 privatas
488 2650 654 2716 celebrare
677 2656 755 2716 ante
778 2653 948 2717 auroram“
976 2671 1007 2716 n.
1034 2653 1130 2717 2520.

142 2767 182 2834 R.
215 2770 245 2834 2.
291 2767 377 2832 Loco
410 2766 530 2832 missae
561 2770 716 2833 cantatae
748 2766 891 2834 tolerare
923 2770 1034 2831 tamen
1066 2769 1177 2850 potest
1208 2766 1379 2850 episcopus

54 2860 89 2923 ut
124 2856 310 2923 celebretur
343 2855 377 2921 in
410 2855 538 2940 publico
574 2855 717 2922 oratorio
753 2877 864 2921 coram
898 2855 1017 2939 populo
1050 2874 1116 2920 una
1148 2853 1248 2920 missa
1279 2856 1377 2932 lecta,

10 2996 17 3032 ,
54 2948 89 3012 ut
119 2967 163 3012 ex
193 2966 349 3030 responso
381 2945 413 3012 S.
445 2945 485 3012 R.
511 2945 544 3012 (i.
576 2945 607 3011 d.
636 2945 666 3012 d.
699 2947 717 3010 7
748 2945 838 3029 Sept.
872 2945 958 3009 1850
989 2942 1143 3026 colligere
1172 2943 1249 3011 licet
1279 2943 1378 3027 (quod

55 3035 185 3118 quidem
220 3055 412 3118 responsum
447 3033 481 3100 in
513 3034 707 3100 collectione
740 3034 830 3101 auth.
863 3054 929 3098 non
954 3031 1170 3116 continetur):
1202 3055 1233 3100 ν.
1268 3033 1378 3100 Marc

55 3148 85 3191 n.
113 3125 210 3190 1625.

143 3211 240 3279 Unde
269 3216 363 3296 patet
385 3212 611 3278 Homobonum
642 3216 732 3279 recte
762 3232 826 3277 non
857 3209 980 3294 egisse,
1011 3210 1088 3293 quia
1113 3214 1144 3275 1⁰
1167 3213 1292 3276 cinicino
1316 3234 1379 3278 non

54 3302 146 3369 licuit
169 3322 283 3367 omnes
305 3306 374 3368 tres
397 3301 515 3366 missas
538 3324 558 3367 a
580 3301 688 3367 media
710 3306 806 3366 nocte
831 3300 1010 3376 celebrare;
1036 3302 1068 3363 2ο
1090 3305 1127 3367 ut
1142 3298 1258 3372 liceret
1280 3322 1378 3367 unam

55 3391 191 3458 missam
215 3390 334 3455 lectam
358 3390 525 3456 celebrare
549 3390 689 3457 debebat
712 3394 811 3457 antea
835 3390 877 3454 ad
900 3389 1088 3473 episcopum
1112 3409 1292 3457 recurrere.

144 3507 185 3573 R.
204 3509 234 3572 3.
266 3506 370 3572 Immo
393 3506 480 3589 quod
503 3506 714 3572 Homobonus
737 3507 819 3572 hora
843 3508 953 3592 puirrto
970 3505 1076 3571 soleat
1091 3504 1230 3589 primam
1246 3505 1379 3571 missam

10 3590 16 3617 ³
56 3597 181 3674 dicere,
212 3595 246 3660 in
269 3616 308 3662 eo
332 3595 428 3661 facile
451 3595 516 3662 iam
539 3596 697 3673 habetur,
722 3617 781 3679 pro
804 3595 938 3677 regione
960 3594 993 3659 in
1019 3614 1083 3675 qua
1106 3595 1159 3671 fit,
1184 3594 1294 3676 aliqua
1317 3594 1380 3660 illi·

57 3686 122 3753 cita
147 3683 350 3768 anticipatio,
375 3706 448 3750 cum
471 3685 504 3750 in
528 3683 714 3766 regionibus
730 3683 914 3751 latitudinis
930 3681 1060 3749 circiter
1084 3685 1126 3748 50
1142 3685 1233 3766 grad.
1251 3689 1380 3767 tempus

56 3773 259 3842 ordinarium
281 3773 416 3858 incipiat
439 3773 526 3840 circa
548 3774 662 3840 horam
687 3783 815 3841 semum.
853 3773 916 3840 Pro
939 3777 1037 3838 nocte
1060 3772 1246 3838 nativitatis
1270 3778 1380 3839 tamen

55 3886 157 3932 ausus
181 3885 246 3929 non
276 3863 336 3929 sim
367 3884 441 3928 eum
470 3863 554 3946 legis
583 3866 722 3950 prouder
751 3862 896 3929 violatae
925 3882 1095 3940 accusare,
1127 3882 1200 3927 cum
1231 3861 1381 3928 videatur

55 3955 209 4020 sufficere
240 3956 277 4019 ut
306 3953 447 4018 secundo
476 3953 577 4018 missa
606 3951 705 4034 (quae
735 3974 777 4016 ex
807 3950 945 4017 rubricis
968 3951 1087 4017 dicitur
1115 3950 1148 4016 in
1171 3952 1322 4033 aurora),
1353 3953 1380 4016 si

55 4042 212 4116 continuo
236 4048 311 4126 post
333 4041 471 4126 primam
494 4041 628 4107 missam
652 4041 787 4119 dicatur,
812 4042 945 4108 finiatur
968 4040 1000 4105 in
1026 4061 1154 4106 aurora.

147 4169 201 4234 An
232 4187 422 4242 eucnemon
452 4170 491 4230 2¹²
519 4168 558 4233 R.
605 4166 658 4231 Ex
687 4166 831 4232 laudatis
861 4166 1001 4232 decretis
1030 4188 1084 4232 res
1107 4166 1172 4231 iam
1205 4165 1381 4231 diiudicata

56 4264 117 4326 est.
166 4257 254 4323 Male
278 4255 476 4323 estfactum
499 4263 537 4322 ut
559 4255 806 4339 permitteretur
828 4255 976 4320 fidelibus
999 4255 1032 4321 in
1056 4260 1152 4322 nocte
1176 4255 1218 4320 ad
1241 4277 1266 4320 s.
1292 4276 1379 4319 com-

56 4346 244 4414 munionem
268 4345 440 4419 accedere;
471 4345 529 4410 sed
559 4343 744 4428 exspectari
775 4344 916 4410 debebat
938 4349 1067 4428 tempus
1097 4345 1285 4418 missarum,
1317 4365 1379 4425 quo

56 4440 158 4505 liceat
181 4436 252 4501 sive
275 4435 346 4501 iure
370 4433 534 4499 ordinario
557 4435 627 4500 sive
651 4455 693 4498 ex
716 4433 889 4517 privilegio
906 4434 1022 4499 missas
1038 4434 1187 4518 privatas
1204 4433 1378 4497 celebrare.

56 4566 101 4577 —
125 4523 312 4607 Aliquando
336 4523 623 4590 communitatibus
646 4524 698 4588 vel
723 4523 867 4606 collegiis
898 4523 995 4589 datur
1018 4525 1151 4608 speciale
1173 4521 1380 4605 privilegium

56 4640 83 4685 s.
108 4613 346 4683 communionis
370 4614 547 4680 sumendae
570 4613 603 4679 in
626 4613 698 4698 ipso
721 4611 822 4677 missa
845 4615 1015 4679 nocturna.
