<?xml version="1.0" encoding="UTF-8"?>
<!DOCTYPE html PUBLIC "-//W3C//DTD XHTML 1.0 Transitional//EN"
    "http://www.w3.org/TR/xhtml1/DTD/xhtml1-transitional.dtd">
<html xmlns="http://www.w3.org/1999/xhtml" xml:lang="en" lang="en">
 <head>
  <title>
</title>
<meta http-equiv="Content-Type" content="text/html;charset=utf-8" />
  <meta name='ocr-system' content='tesseract 3.04.00' />
  <meta name='ocr-capabilities' content='ocr_page ocr_carea ocr_par ocr_line ocrx_word'/>
</head>
<body>
  <div class='ocr_page' id='page_1' title='image "./casusconscienti00lehmgoog_0357.png"; bbox 0 0 3044 5174; ppageno 0'>
   <div class='ocr_carea' id='block_1_1' title="bbox 347 225 1410 300">
    <p class='ocr_par' dir='ltr' id='par_1_1' title="bbox 347 225 1410 300">
     <span class='ocr_line' id='line_1_1' title="bbox 347 225 1410 300; baseline -0.004 -18"><span class='ocrx_word' id='word_1_1' title='bbox 347 227 474 282; x_wconf 80' lang='lat' dir='ltr'><strong>Minister</strong></span> <span class='ocrx_word' id='word_1_2' title='bbox 492 227 591 300; x_wconf 85' lang='lat' dir='ltr'>paeuit</span> <span class='ocrx_word' id='word_1_3' title='bbox 612 257 645 266; x_wconf 84' lang='lat'>—</span> <span class='ocrx_word' id='word_1_4' title='bbox 664 227 763 297; x_wconf 87' lang='lat' dir='ltr'>agendi</span> <span class='ocrx_word' id='word_1_5' title='bbox 780 225 851 281; x_wconf 75' lang='lat' dir='ltr'>ratio</span> <span class='ocrx_word' id='word_1_6' title='bbox 869 242 931 281; x_wconf 89' lang='lat' dir='ltr'>cnm</span> <span class='ocrx_word' id='word_1_7' title='bbox 950 225 1148 281; x_wconf 84' lang='lat' dir='ltr'>occasionariis.</span> <span class='ocrx_word' id='word_1_8' title='bbox 1345 229 1410 293; x_wconf 86' lang='lat'>339</span> 
     </span>
    </p>
   </div>
   <div class='ocr_carea' id='block_1_2' title="bbox 678 455 813 524">
    <p class='ocr_par' dir='ltr' id='par_1_2' title="bbox 678 455 813 524">
     <span class='ocr_line' id='line_1_2' title="bbox 678 455 813 524; baseline -0.03 0"><span class='ocrx_word' id='word_1_9' title='bbox 678 455 813 524; x_wconf 85' lang='lat' dir='ltr'>Salutio.</span> 
     </span>
    </p>
   </div>
   <div class='ocr_carea' id='block_1_3' title="bbox 75 588 1473 942">
    <p class='ocr_par' dir='ltr' id='par_1_3' title="bbox 75 588 1473 942">
     <span class='ocr_line' id='line_1_3' title="bbox 172 588 1473 674; baseline -0.002 -20"><span class='ocrx_word' id='word_1_10' title='bbox 172 590 227 655; x_wconf 81' lang='lat' dir='ltr'>An</span> <span class='ocrx_word' id='word_1_11' title='bbox 251 610 444 666; x_wconf 66' lang='lat' dir='ltr'>oumsrrurr</span> <span class='ocrx_word' id='word_1_12' title='bbox 470 594 508 656; x_wconf 71' lang='lat'>1²</span> <span class='ocrx_word' id='word_1_13' title='bbox 530 591 568 657; x_wconf 87' lang='lat' dir='ltr'>R.</span> <span class='ocrx_word' id='word_1_14' title='bbox 594 594 623 656; x_wconf 93' lang='grc'>1.</span> <span class='ocrx_word' id='word_1_15' title='bbox 656 590 793 657; x_wconf 81' lang='lat' dir='ltr'><strong>Occasio</strong></span> <span class='ocrx_word' id='word_1_16' title='bbox 816 589 973 674; x_wconf 90' lang='lat' dir='ltr'>peccandi</span> <span class='ocrx_word' id='word_1_17' title='bbox 996 589 1029 655; x_wconf 92' lang='lat' dir='ltr'>in</span> <span class='ocrx_word' id='word_1_18' title='bbox 1052 607 1174 672; x_wconf 87' lang='lat' dir='ltr'>genere</span> <span class='ocrx_word' id='word_1_19' title='bbox 1198 592 1250 654; x_wconf 88' lang='lat' dir='ltr'>est</span> <span class='ocrx_word' id='word_1_20' title='bbox 1273 588 1473 654; x_wconf 85' lang='lat' dir='ltr'>circum-595</span> 
     </span>
     <span class='ocr_line' id='line_1_4' title="bbox 76 676 1410 762; baseline 0 -18"><span class='ocrx_word' id='word_1_21' title='bbox 76 679 206 746; x_wconf 76' lang='lat' dir='ltr'><strong>stantia</strong></span> <span class='ocrx_word' id='word_1_22' title='bbox 229 678 340 761; x_wconf 86' lang='lat' dir='ltr'>aliqua</span> <span class='ocrx_word' id='word_1_23' title='bbox 364 684 503 746; x_wconf 86' lang='lat' dir='ltr'>externa</span> <span class='ocrx_word' id='word_1_24' title='bbox 525 700 610 762; x_wconf 92' lang='lat' dir='ltr'>quae</span> <span class='ocrx_word' id='word_1_25' title='bbox 632 678 796 744; x_wconf 89' lang='lat' dir='ltr'>homiuem</span> <span class='ocrx_word' id='word_1_26' title='bbox 820 678 862 745; x_wconf 91' lang='lat' dir='ltr'>ad</span> <span class='ocrx_word' id='word_1_27' title='bbox 885 676 1085 762; x_wconf 90' lang='lat' dir='ltr'>peccandum</span> <span class='ocrx_word' id='word_1_28' title='bbox 1101 676 1259 744; x_wconf 92' lang='lat' dir='ltr'>sollicitat</span> <span class='ocrx_word' id='word_1_29' title='bbox 1274 682 1410 744; x_wconf 91' lang='lat' dir='ltr'>natura-</span> 
     </span>
     <span class='ocr_line' id='line_1_5' title="bbox 76 765 1410 852; baseline 0.001 -20"><span class='ocrx_word' id='word_1_30' title='bbox 76 769 188 833; x_wconf 89' lang='lat' dir='ltr'>lemve</span> <span class='ocrx_word' id='word_1_31' title='bbox 211 767 455 834; x_wconf 75' lang='lat' dir='ltr'>inclinationem</span> <span class='ocrx_word' id='word_1_32' title='bbox 478 769 522 834; x_wconf 90' lang='lat' dir='ltr'>ad</span> <span class='ocrx_word' id='word_1_33' title='bbox 544 768 625 834; x_wconf 91' lang='lat' dir='ltr'>illud</span> <span class='ocrx_word' id='word_1_34' title='bbox 649 768 775 836; x_wconf 85' lang='lat' dir='ltr'>excitat</span> <span class='ocrx_word' id='word_1_35' title='bbox 790 769 844 834; x_wconf 91' lang='lat' dir='ltr'>vel</span> <span class='ocrx_word' id='word_1_36' title='bbox 867 771 979 851; x_wconf 88' lang='lat' dir='ltr'>auget,</span> <span class='ocrx_word' id='word_1_37' title='bbox 1003 788 1042 833; x_wconf 89' lang='lat' dir='ltr'>ac</span> <span class='ocrx_word' id='word_1_38' title='bbox 1065 765 1159 852; x_wconf 90' lang='lat' dir='ltr'>proin</span> <span class='ocrx_word' id='word_1_39' title='bbox 1182 766 1216 832; x_wconf 91' lang='lat' dir='ltr'>in</span> <span class='ocrx_word' id='word_1_40' title='bbox 1237 771 1410 852; x_wconf 89' lang='lat' dir='ltr'>peccatum</span> 
     </span>
     <span class='ocr_line' id='line_1_6' title="bbox 75 855 1410 942; baseline 0.001 -20"><span class='ocrx_word' id='word_1_41' title='bbox 75 857 214 923; x_wconf 82' lang='lat' dir='ltr'>inducit.</span> <span class='ocrx_word' id='word_1_42' title='bbox 246 857 310 923; x_wconf 84' lang='lat' dir='ltr'>Est</span> <span class='ocrx_word' id='word_1_43' title='bbox 332 862 443 924; x_wconf 91' lang='lat' dir='ltr'>autem</span> <span class='ocrx_word' id='word_1_44' title='bbox 467 857 593 922; x_wconf 79' lang='lat' dir='ltr'>occasio</span> <span class='ocrx_word' id='word_1_45' title='bbox 618 866 747 942; x_wconf 79' lang='lat' dir='ltr'>remota,</span> <span class='ocrx_word' id='word_1_46' title='bbox 772 857 799 923; x_wconf 91' lang='lat' dir='ltr'>si</span> <span class='ocrx_word' id='word_1_47' title='bbox 822 857 1012 924; x_wconf 76' lang='lat' dir='ltr'>sollicitatio</span> <span class='ocrx_word' id='word_1_48' title='bbox 1035 856 1119 922; x_wconf 90' lang='lat' dir='ltr'>levis</span> <span class='ocrx_word' id='word_1_49' title='bbox 1142 859 1203 934; x_wconf 90' lang='lat' dir='ltr'>est,</span> <span class='ocrx_word' id='word_1_50' title='bbox 1228 855 1281 921; x_wconf 89' lang='lat' dir='ltr'>vel</span> <span class='ocrx_word' id='word_1_51' title='bbox 1296 857 1410 939; x_wconf 86' lang='lat' dir='ltr'>gravis</span> 
     </span>
    </p>
   </div>
   <div class='ocr_carea' id='block_1_4' title="bbox 76 944 1411 1280">
    <p class='ocr_par' dir='ltr' id='par_1_4' title="bbox 76 944 1411 1280">
     <span class='ocr_line' id='line_1_7' title="bbox 76 944 1411 1030; baseline 0.001 -19"><span class='ocrx_word' id='word_1_52' title='bbox 76 945 271 1012; x_wconf 72' lang='lat' dir='ltr'>sollicitatio</span> <span class='ocrx_word' id='word_1_53' title='bbox 294 945 459 1030; x_wconf 89' lang='lat' dir='ltr'>possibilie</span> <span class='ocrx_word' id='word_1_54' title='bbox 489 946 619 1029; x_wconf 90' lang='lat' dir='ltr'>quidem</span> <span class='ocrx_word' id='word_1_55' title='bbox 650 951 687 1013; x_wconf 87' lang='lat' dir='ltr'>at</span> <span class='ocrx_word' id='word_1_56' title='bbox 716 967 781 1012; x_wconf 90' lang='lat' dir='ltr'>nou</span> <span class='ocrx_word' id='word_1_57' title='bbox 804 945 1007 1024; x_wconf 88' lang='lat' dir='ltr'>verisimilis,</span> <span class='ocrx_word' id='word_1_58' title='bbox 1040 948 1140 1028; x_wconf 90' lang='lat' dir='ltr'>atque</span> <span class='ocrx_word' id='word_1_59' title='bbox 1169 944 1350 1030; x_wconf 90' lang='lat' dir='ltr'>periculum</span> <span class='ocrx_word' id='word_1_60' title='bbox 1373 967 1411 1012; x_wconf 91' lang='lat' dir='ltr'>re</span> 
     </span>
     <span class='ocr_line' id='line_1_8' title="bbox 76 1034 1410 1121; baseline 0.001 -22"><span class='ocrx_word' id='word_1_61' title='bbox 76 1035 151 1119; x_wconf 91' lang='lat' dir='ltr'>ipsa</span> <span class='ocrx_word' id='word_1_62' title='bbox 182 1035 340 1119; x_wconf 91' lang='lat' dir='ltr'>peccandi</span> <span class='ocrx_word' id='word_1_63' title='bbox 370 1056 435 1100; x_wconf 91' lang='lat' dir='ltr'>nou</span> <span class='ocrx_word' id='word_1_64' title='bbox 465 1056 577 1118; x_wconf 89' lang='lat' dir='ltr'>grave.</span> <span class='ocrx_word' id='word_1_65' title='bbox 625 1036 653 1100; x_wconf 84' lang='grc' dir='ltr'><strong>Ε</strong></span> <span class='ocrx_word' id='word_1_66' title='bbox 683 1034 848 1102; x_wconf 90' lang='lat' dir='ltr'>contrario</span> <span class='ocrx_word' id='word_1_67' title='bbox 873 1037 1025 1121; x_wconf 81' lang='lat' dir='ltr'>procirnc</span> <span class='ocrx_word' id='word_1_68' title='bbox 1056 1034 1175 1100; x_wconf 87' lang='lat' dir='ltr'>dicitur</span> <span class='ocrx_word' id='word_1_69' title='bbox 1204 1034 1350 1115; x_wconf 89' lang='lat' dir='ltr'>occasio,</span> <span class='ocrx_word' id='word_1_70' title='bbox 1381 1036 1410 1101; x_wconf 90' lang='lat' dir='ltr'>si</span> 
     </span>
     <span class='ocr_line' id='line_1_9' title="bbox 76 1123 1411 1280; baseline 0.001 -91"><span class='ocrx_word' id='word_1_71' title='bbox 76 1124 259 1280; x_wconf 53' lang='lat' dir='ltr'>pppppllppsr</span> <span class='ocrx_word' id='word_1_72' title='bbox 282 1125 413 1190; x_wconf 88' lang='lat' dir='ltr'>labendi</span> <span class='ocrx_word' id='word_1_73' title='bbox 443 1128 496 1190; x_wconf 88' lang='lat' dir='ltr'>est</span> <span class='ocrx_word' id='word_1_74' title='bbox 518 1145 622 1208; x_wconf 89' lang='lat' dir='ltr'>grave</span> <span class='ocrx_word' id='word_1_75' title='bbox 651 1145 711 1190; x_wconf 90' lang='lat' dir='ltr'>seu</span> <span class='ocrx_word' id='word_1_76' title='bbox 732 1123 924 1191; x_wconf 81' lang='lat' dir='ltr'>sollicitatio</span> <span class='ocrx_word' id='word_1_77' title='bbox 954 1123 996 1189; x_wconf 90' lang='lat' dir='ltr'>ad</span> <span class='ocrx_word' id='word_1_78' title='bbox 1024 1128 1196 1209; x_wconf 89' lang='lat' dir='ltr'>paccatum</span> <span class='ocrx_word' id='word_1_79' title='bbox 1227 1125 1313 1192; x_wconf 90' lang='lat' dir='ltr'>solet</span> <span class='ocrx_word' id='word_1_80' title='bbox 1336 1145 1411 1191; x_wconf 91' lang='lat' dir='ltr'>esse</span> 
     </span>
    </p>
   </div>
   <div class='ocr_carea' id='block_1_5' title="bbox 77 1318 1410 1849">
    <p class='ocr_par' dir='ltr' id='par_1_5' title="bbox 77 1318 1410 1849">
     <span class='ocr_line' id='line_1_10' title="bbox 168 1318 1409 1404; baseline 0.002 -20"><span class='ocrx_word' id='word_1_81' title='bbox 168 1319 208 1384; x_wconf 93' lang='lat' dir='ltr'>R.</span> <span class='ocrx_word' id='word_1_82' title='bbox 233 1322 263 1385; x_wconf 84' lang='lat'>2.</span> <span class='ocrx_word' id='word_1_83' title='bbox 297 1318 463 1402; x_wconf 81' lang='lat' dir='ltr'>Distingui</span> <span class='ocrx_word' id='word_1_84' title='bbox 486 1319 616 1402; x_wconf 90' lang='lat' dir='ltr'>quidem</span> <span class='ocrx_word' id='word_1_85' title='bbox 638 1323 750 1404; x_wconf 90' lang='lat' dir='ltr'>potest</span> <span class='ocrx_word' id='word_1_86' title='bbox 773 1319 902 1385; x_wconf 80' lang='lat' dir='ltr'>occasio</span> <span class='ocrx_word' id='word_1_87' title='bbox 925 1319 1076 1385; x_wconf 86' lang='lat' dir='ltr'>absolute</span> <span class='ocrx_word' id='word_1_88' title='bbox 1090 1319 1242 1403; x_wconf 88' lang='lat' dir='ltr'>proxima</span> <span class='ocrx_word' id='word_1_89' title='bbox 1265 1323 1300 1386; x_wconf 90' lang='lat' dir='ltr'>et</span> <span class='ocrx_word' id='word_1_90' title='bbox 1322 1321 1409 1387; x_wconf 92' lang='lat' dir='ltr'>rela-</span> 
     </span>
     <span class='ocr_line' id='line_1_11' title="bbox 77 1408 1409 1494; baseline 0.001 -20"><span class='ocrx_word' id='word_1_91' title='bbox 77 1408 147 1474; x_wconf 83' lang='lat' dir='ltr'>tive</span> <span class='ocrx_word' id='word_1_92' title='bbox 172 1408 338 1492; x_wconf 83' lang='lat' dir='ltr'>proxima:</span> <span class='ocrx_word' id='word_1_93' title='bbox 370 1408 459 1492; x_wconf 91' lang='lat' dir='ltr'>prior</span> <span class='ocrx_word' id='word_1_94' title='bbox 481 1429 566 1491; x_wconf 89' lang='lat' dir='ltr'>quae</span> <span class='ocrx_word' id='word_1_95' title='bbox 589 1409 738 1474; x_wconf 90' lang='lat' dir='ltr'>omnibus</span> <span class='ocrx_word' id='word_1_96' title='bbox 760 1408 944 1474; x_wconf 90' lang='lat' dir='ltr'>hominibus</span> <span class='ocrx_word' id='word_1_97' title='bbox 967 1408 1183 1475; x_wconf 89' lang='lat' dir='ltr'>communiter</span> <span class='ocrx_word' id='word_1_98' title='bbox 1203 1429 1309 1492; x_wconf 88' lang='lat' dir='ltr'>grave</span> <span class='ocrx_word' id='word_1_99' title='bbox 1331 1430 1409 1494; x_wconf 91' lang='lat' dir='ltr'>pec·</span> 
     </span>
     <span class='ocr_line' id='line_1_12' title="bbox 78 1496 1409 1582; baseline 0.002 -19"><span class='ocrx_word' id='word_1_100' title='bbox 78 1497 177 1563; x_wconf 86' lang='lat' dir='ltr'>cnudi</span> <span class='ocrx_word' id='word_1_101' title='bbox 199 1496 379 1580; x_wconf 86' lang='lat' dir='ltr'>periculum</span> <span class='ocrx_word' id='word_1_102' title='bbox 403 1502 511 1570; x_wconf 74' lang='lat' dir='ltr'>creat:</span> <span class='ocrx_word' id='word_1_103' title='bbox 536 1499 654 1576; x_wconf 83' lang='lat' dir='ltr'>altera,</span> <span class='ocrx_word' id='word_1_104' title='bbox 678 1518 762 1581; x_wconf 91' lang='lat' dir='ltr'>quae</span> <span class='ocrx_word' id='word_1_105' title='bbox 778 1501 913 1582; x_wconf 88' lang='lat' dir='ltr'>propter</span> <span class='ocrx_word' id='word_1_106' title='bbox 927 1497 1152 1564; x_wconf 88' lang='lat' dir='ltr'>infirmitatem</span> <span class='ocrx_word' id='word_1_107' title='bbox 1167 1498 1409 1582; x_wconf 89' lang='lat' dir='ltr'>peculiaremve</span> 
     </span>
     <span class='ocr_line' id='line_1_13' title="bbox 77 1585 1409 1672; baseline 0.002 -21"><span class='ocrx_word' id='word_1_108' title='bbox 77 1585 327 1670; x_wconf 78' lang='lat' dir='ltr'>dispositionem</span> <span class='ocrx_word' id='word_1_109' title='bbox 351 1589 441 1652; x_wconf 89' lang='lat' dir='ltr'>certo</span> <span class='ocrx_word' id='word_1_110' title='bbox 465 1585 587 1652; x_wconf 89' lang='lat' dir='ltr'>homini</span> <span class='ocrx_word' id='word_1_111' title='bbox 610 1587 705 1669; x_wconf 87' lang='lat' dir='ltr'>gravi</span> <span class='ocrx_word' id='word_1_112' title='bbox 729 1587 875 1672; x_wconf 88' lang='lat' dir='ltr'>periculo</span> <span class='ocrx_word' id='word_1_113' title='bbox 899 1590 960 1653; x_wconf 87' lang='lat' dir='ltr'>est.</span> <span class='ocrx_word' id='word_1_114' title='bbox 1002 1587 1154 1653; x_wconf 83' lang='lat' dir='ltr'>Ceterum</span> <span class='ocrx_word' id='word_1_115' title='bbox 1178 1587 1409 1666; x_wconf 66' lang='lat' dir='ltr'>conlocandus,</span> 
     </span>
     <span class='ocr_line' id='line_1_14' title="bbox 78 1675 1410 1760; baseline 0.004 -21"><span class='ocrx_word' id='word_1_116' title='bbox 78 1675 133 1758; x_wconf 90' lang='lat' dir='ltr'>qui</span> <span class='ocrx_word' id='word_1_117' title='bbox 158 1696 232 1740; x_wconf 90' lang='lat' dir='ltr'>cum</span> <span class='ocrx_word' id='word_1_118' title='bbox 255 1675 393 1757; x_wconf 82' lang='lat' dir='ltr'>singulis</span> <span class='ocrx_word' id='word_1_119' title='bbox 417 1696 517 1758; x_wconf 87' lang='lat' dir='ltr'>agere</span> <span class='ocrx_word' id='word_1_120' title='bbox 541 1675 668 1753; x_wconf 88' lang='lat' dir='ltr'>debeat,</span> <span class='ocrx_word' id='word_1_121' title='bbox 693 1696 822 1760; x_wconf 88' lang='lat' dir='ltr'>semper</span> <span class='ocrx_word' id='word_1_122' title='bbox 844 1675 957 1741; x_wconf 90' lang='lat' dir='ltr'>videre</span> <span class='ocrx_word' id='word_1_123' title='bbox 981 1675 1088 1754; x_wconf 90' lang='lat' dir='ltr'>debet,</span> <span class='ocrx_word' id='word_1_124' title='bbox 1112 1696 1189 1741; x_wconf 92' lang='lat' dir='ltr'>num</span> <span class='ocrx_word' id='word_1_125' title='bbox 1212 1677 1341 1742; x_wconf 86' lang='lat' dir='ltr'>occasio</span> <span class='ocrx_word' id='word_1_126' title='bbox 1364 1677 1410 1744; x_wconf 90' lang='lat' dir='ltr'>sit</span> 
     </span>
     <span class='ocr_line' id='line_1_15' title="bbox 79 1764 683 1849; baseline 0.005 -20"><span class='ocrx_word' id='word_1_127' title='bbox 79 1764 187 1830; x_wconf 89' lang='lat' dir='ltr'>relate</span> <span class='ocrx_word' id='word_1_128' title='bbox 210 1765 253 1830; x_wconf 93' lang='lat' dir='ltr'>ad</span> <span class='ocrx_word' id='word_1_129' title='bbox 276 1764 498 1848; x_wconf 90' lang='lat' dir='ltr'>paenitentem</span> <span class='ocrx_word' id='word_1_130' title='bbox 522 1765 683 1849; x_wconf 82' lang='lat' dir='ltr'>proxima</span> 
     </span>
    </p>
   </div>
   <div class='ocr_carea' id='block_1_6' title="bbox 76 1869 1408 2310">
    <p class='ocr_par' dir='ltr' id='par_1_6' title="bbox 76 1869 1408 2310">
     <span class='ocr_line' id='line_1_16' title="bbox 167 1869 1408 1953; baseline 0.002 -18"><span class='ocrx_word' id='word_1_131' title='bbox 167 1870 208 1936; x_wconf 90' lang='lat' dir='ltr'>R.</span> <span class='ocrx_word' id='word_1_132' title='bbox 233 1873 263 1935; x_wconf 84' lang='grc'>3.</span> <span class='ocrx_word' id='word_1_133' title='bbox 302 1869 525 1953; x_wconf 83' lang='lat' dir='ltr'>Distinguitur</span> <span class='ocrx_word' id='word_1_134' title='bbox 548 1871 675 1937; x_wconf 87' lang='lat' dir='ltr'>occasio</span> <span class='ocrx_word' id='word_1_135' title='bbox 700 1872 850 1937; x_wconf 78' lang='lat' dir='ltr'>continuo</span> <span class='ocrx_word' id='word_1_136' title='bbox 874 1874 909 1935; x_wconf 88' lang='lat' dir='ltr'>et</span> <span class='ocrx_word' id='word_1_137' title='bbox 932 1873 1173 1953; x_wconf 73' lang='lat' dir='ltr'>non-caninus,</span> <span class='ocrx_word' id='word_1_138' title='bbox 1197 1891 1255 1936; x_wconf 88' lang='lat' dir='ltr'>seu</span> <span class='ocrx_word' id='word_1_139' title='bbox 1278 1872 1408 1938; x_wconf 86' lang='lat' dir='ltr'>occasio</span> 
     </span>
     <span class='ocr_line' id='line_1_17' title="bbox 77 1959 1408 2042; baseline 0.002 -18"><span class='ocrx_word' id='word_1_140' title='bbox 77 1963 114 2025; x_wconf 76' lang='lat' dir='ltr'>in</span> <span class='ocrx_word' id='word_1_141' title='bbox 140 1982 205 2025; x_wconf 76' lang='lat' dir='ltr'>esec</span> <span class='ocrx_word' id='word_1_142' title='bbox 228 1964 263 2026; x_wconf 91' lang='lat' dir='ltr'>et</span> <span class='ocrx_word' id='word_1_143' title='bbox 285 1959 414 2025; x_wconf 88' lang='lat' dir='ltr'>occasio</span> <span class='ocrx_word' id='word_1_144' title='bbox 437 1982 501 2026; x_wconf 82' lang='lat' dir='ltr'>non</span> <span class='ocrx_word' id='word_1_145' title='bbox 533 1964 569 2026; x_wconf 83' lang='lat' dir='ltr'>ic</span> <span class='ocrx_word' id='word_1_146' title='bbox 592 1983 667 2028; x_wconf 79' lang='lat' dir='ltr'>erae.</span> <span class='ocrx_word' id='word_1_147' title='bbox 713 1959 809 2025; x_wconf 90' lang='lat' dir='ltr'>Prior</span> <span class='ocrx_word' id='word_1_148' title='bbox 838 1964 907 2037; x_wconf 89' lang='lat' dir='ltr'>est,</span> <span class='ocrx_word' id='word_1_149' title='bbox 938 1979 1022 2042; x_wconf 89' lang='lat' dir='ltr'>quae</span> <span class='ocrx_word' id='word_1_150' title='bbox 1045 1959 1258 2026; x_wconf 88' lang='lat' dir='ltr'>habitualiter</span> <span class='ocrx_word' id='word_1_151' title='bbox 1281 1965 1408 2026; x_wconf 89' lang='lat' dir='ltr'>certum</span> 
     </span>
     <span class='ocr_line' id='line_1_18' title="bbox 76 2048 1407 2133; baseline 0.002 -19"><span class='ocrx_word' id='word_1_152' title='bbox 76 2048 242 2114; x_wconf 87' lang='lat' dir='ltr'>hominem</span> <span class='ocrx_word' id='word_1_153' title='bbox 266 2048 476 2127; x_wconf 84' lang='lat' dir='ltr'>circumstat,</span> <span class='ocrx_word' id='word_1_154' title='bbox 507 2071 539 2115; x_wconf 88' lang='lat' dir='ltr'>v.</span> <span class='ocrx_word' id='word_1_155' title='bbox 563 2070 595 2131; x_wconf 89' lang='lat' dir='ltr'>g.</span> <span class='ocrx_word' id='word_1_156' title='bbox 620 2069 762 2133; x_wconf 89' lang='lat' dir='ltr'>persona</span> <span class='ocrx_word' id='word_1_157' title='bbox 784 2049 818 2114; x_wconf 92' lang='lat' dir='ltr'>in</span> <span class='ocrx_word' id='word_1_158' title='bbox 840 2050 956 2114; x_wconf 87' lang='lat' dir='ltr'>eadem</span> <span class='ocrx_word' id='word_1_159' title='bbox 979 2048 1075 2114; x_wconf 90' lang='lat' dir='ltr'>domo</span> <span class='ocrx_word' id='word_1_160' title='bbox 1097 2048 1267 2127; x_wconf 87' lang='lat' dir='ltr'>habitans,</span> <span class='ocrx_word' id='word_1_161' title='bbox 1297 2048 1407 2132; x_wconf 83' lang='lat' dir='ltr'>imago</span> 
     </span>
     <span class='ocr_line' id='line_1_19' title="bbox 76 2137 1408 2223; baseline 0.002 -20"><span class='ocrx_word' id='word_1_162' title='bbox 76 2142 227 2211; x_wconf 87' lang='lat' dir='ltr'>retenta;</span> <span class='ocrx_word' id='word_1_163' title='bbox 252 2137 416 2221; x_wconf 89' lang='lat' dir='ltr'>posterior</span> <span class='ocrx_word' id='word_1_164' title='bbox 439 2158 479 2203; x_wconf 89' lang='lat' dir='ltr'>ea</span> <span class='ocrx_word' id='word_1_165' title='bbox 502 2142 564 2216; x_wconf 90' lang='lat' dir='ltr'>ast,</span> <span class='ocrx_word' id='word_1_166' title='bbox 588 2159 689 2221; x_wconf 91' lang='lat' dir='ltr'>quae,</span> <span class='ocrx_word' id='word_1_167' title='bbox 714 2144 751 2205; x_wconf 93' lang='lat' dir='ltr'>ut</span> <span class='ocrx_word' id='word_1_168' title='bbox 775 2139 897 2204; x_wconf 87' lang='lat' dir='ltr'>evadat</span> <span class='ocrx_word' id='word_1_169' title='bbox 919 2137 1071 2223; x_wconf 86' lang='lat' dir='ltr'>proxima</span> <span class='ocrx_word' id='word_1_170' title='bbox 1094 2139 1239 2217; x_wconf 88' lang='lat' dir='ltr'>occasio,</span> <span class='ocrx_word' id='word_1_171' title='bbox 1269 2138 1408 2222; x_wconf 86' lang='lat' dir='ltr'>singulis</span> 
     </span>
     <span class='ocr_line' id='line_1_20' title="bbox 76 2226 969 2310; baseline 0.001 -18"><span class='ocrx_word' id='word_1_172' title='bbox 76 2227 205 2292; x_wconf 88' lang='lat' dir='ltr'>vicibus</span> <span class='ocrx_word' id='word_1_173' title='bbox 229 2227 270 2293; x_wconf 92' lang='lat' dir='ltr'>ab</span> <span class='ocrx_word' id='word_1_174' title='bbox 294 2226 434 2303; x_wconf 91' lang='lat' dir='ltr'>homine,</span> <span class='ocrx_word' id='word_1_175' title='bbox 459 2227 499 2291; x_wconf 90' lang='lat' dir='ltr'>de</span> <span class='ocrx_word' id='word_1_176' title='bbox 523 2249 586 2310; x_wconf 93' lang='lat' dir='ltr'>quo</span> <span class='ocrx_word' id='word_1_177' title='bbox 610 2227 730 2310; x_wconf 85' lang='lat' dir='ltr'>agitur,</span> <span class='ocrx_word' id='word_1_178' title='bbox 755 2227 854 2293; x_wconf 87' lang='lat' dir='ltr'>debet</span> <span class='ocrx_word' id='word_1_179' title='bbox 876 2227 969 2294; x_wconf 87' lang='lat' dir='ltr'>adiri.</span> 
     </span>
    </p>
   </div>
   <div class='ocr_carea' id='block_1_7' title="bbox 76 2342 1407 2693">
    <p class='ocr_par' dir='ltr' id='par_1_7' title="bbox 76 2342 1407 2693">
     <span class='ocr_line' id='line_1_21' title="bbox 168 2342 1405 2424; baseline 0.003 -18"><span class='ocrx_word' id='word_1_180' title='bbox 168 2343 208 2408; x_wconf 89' lang='lat' dir='ltr'>R.</span> <span class='ocrx_word' id='word_1_181' title='bbox 233 2345 264 2407; x_wconf 77' lang='lat'>4.</span> <span class='ocrx_word' id='word_1_182' title='bbox 311 2343 450 2407; x_wconf 90' lang='lat' dir='ltr'>Demum</span> <span class='ocrx_word' id='word_1_183' title='bbox 475 2342 689 2424; x_wconf 83' lang='lat' dir='ltr'>distinguitur</span> <span class='ocrx_word' id='word_1_184' title='bbox 719 2342 846 2409; x_wconf 86' lang='lat' dir='ltr'>occasio</span> <span class='ocrx_word' id='word_1_185' title='bbox 877 2345 979 2408; x_wconf 82' lang='lat' dir='ltr'>libera</span> <span class='ocrx_word' id='word_1_186' title='bbox 1010 2347 1044 2409; x_wconf 89' lang='lat' dir='ltr'>et</span> <span class='ocrx_word' id='word_1_187' title='bbox 1065 2347 1257 2410; x_wconf 79' lang='lat' dir='ltr'>necessaria.</span> <span class='ocrx_word' id='word_1_188' title='bbox 1303 2344 1405 2423; x_wconf 89' lang='lat' dir='ltr'>Haec,</span> 
     </span>
     <span class='ocr_line' id='line_1_22' title="bbox 77 2431 1407 2517; baseline 0.002 -21"><span class='ocrx_word' id='word_1_189' title='bbox 77 2452 163 2514; x_wconf 87' lang='lat' dir='ltr'>quae</span> <span class='ocrx_word' id='word_1_190' title='bbox 187 2431 307 2497; x_wconf 84' lang='lat' dir='ltr'>evitari</span> <span class='ocrx_word' id='word_1_191' title='bbox 330 2431 519 2498; x_wconf 86' lang='lat' dir='ltr'>nullatenus</span> <span class='ocrx_word' id='word_1_192' title='bbox 542 2431 596 2497; x_wconf 88' lang='lat' dir='ltr'>vel</span> <span class='ocrx_word' id='word_1_193' title='bbox 625 2454 691 2497; x_wconf 90' lang='lat' dir='ltr'>non</span> <span class='ocrx_word' id='word_1_194' title='bbox 721 2433 791 2497; x_wconf 91' lang='lat' dir='ltr'>sine</span> <span class='ocrx_word' id='word_1_195' title='bbox 814 2452 934 2515; x_wconf 89' lang='lat' dir='ltr'>magno</span> <span class='ocrx_word' id='word_1_196' title='bbox 963 2431 1167 2498; x_wconf 88' lang='lat' dir='ltr'>incommodo</span> <span class='ocrx_word' id='word_1_197' title='bbox 1197 2431 1317 2517; x_wconf 87' lang='lat' dir='ltr'>possit,</span> <span class='ocrx_word' id='word_1_198' title='bbox 1349 2439 1407 2500; x_wconf 89' lang='lat' dir='ltr'>aut</span> 
     </span>
     <span class='ocr_line' id='line_1_23' title="bbox 76 2519 1405 2604; baseline 0.002 -18"><span class='ocrx_word' id='word_1_199' title='bbox 76 2521 119 2586; x_wconf 95' lang='lat' dir='ltr'>ad</span> <span class='ocrx_word' id='word_1_200' title='bbox 143 2541 242 2602; x_wconf 89' lang='lat' dir='ltr'>quam</span> <span class='ocrx_word' id='word_1_201' title='bbox 264 2519 468 2586; x_wconf 89' lang='lat' dir='ltr'>subeundam</span> <span class='ocrx_word' id='word_1_202' title='bbox 491 2520 603 2603; x_wconf 86' lang='lat' dir='ltr'>gravis</span> <span class='ocrx_word' id='word_1_203' title='bbox 626 2520 712 2586; x_wconf 90' lang='lat' dir='ltr'>ratio</span> <span class='ocrx_word' id='word_1_204' title='bbox 735 2521 901 2604; x_wconf 75' lang='lat' dir='ltr'>impellat,</span> <span class='ocrx_word' id='word_1_205' title='bbox 870 2521 993 2599; x_wconf 86' lang='lat' dir='ltr'>tilla,</span> <span class='ocrx_word' id='word_1_206' title='bbox 1017 2541 1113 2604; x_wconf 89' lang='lat' dir='ltr'>quam</span> <span class='ocrx_word' id='word_1_207' title='bbox 1140 2521 1323 2589; x_wconf 89' lang='lat' dir='ltr'>evitarem</span> <span class='ocrx_word' id='word_1_208' title='bbox 1347 2544 1405 2589; x_wconf 87' lang='lat' dir='ltr'>ex·</span> 
     </span>
     <span class='ocr_line' id='line_1_24' title="bbox 77 2609 623 2693; baseline 0 -18"><span class='ocrx_word' id='word_1_209' title='bbox 77 2609 193 2693; x_wconf 74' lang='lat' dir='ltr'>pedite</span> <span class='ocrx_word' id='word_1_210' title='bbox 215 2610 376 2676; x_wconf 82' lang='lat' dir='ltr'>facultate</span> <span class='ocrx_word' id='word_1_211' title='bbox 400 2609 539 2675; x_wconf 89' lang='lat' dir='ltr'>hominis</span> <span class='ocrx_word' id='word_1_212' title='bbox 562 2613 623 2676; x_wconf 88' lang='lat' dir='ltr'>eet.</span> 
     </span>
    </p>
   </div>
   <div class='ocr_carea' id='block_1_8' title="bbox 76 2715 1513 3514">
    <p class='ocr_par' dir='ltr' id='par_1_8' title="bbox 165 2715 1513 2801">
     <span class='ocr_line' id='line_1_25' title="bbox 165 2715 1513 2801; baseline 0.003 -21"><span class='ocrx_word' id='word_1_213' title='bbox 165 2715 280 2791; x_wconf 84' lang='lat' dir='ltr'>Quoad</span> <span class='ocrx_word' id='word_1_214' title='bbox 303 2715 536 2798; x_wconf 88' lang='lat' dir='ltr'>obligationem</span> <span class='ocrx_word' id='word_1_215' title='bbox 560 2718 713 2781; x_wconf 77' lang='lat' dir='ltr'>vitandae</span> <span class='ocrx_word' id='word_1_216' title='bbox 743 2716 1034 2783; x_wconf 65' lang='lat' dir='ltr'>commoneat.</span> <span class='ocrx_word' id='word_1_217' title='bbox 1082 2715 1219 2782; x_wconf 88' lang='lat' dir='ltr'>Occasio</span> <span class='ocrx_word' id='word_1_218' title='bbox 1248 2718 1406 2801; x_wconf 75' lang='lat' dir='ltr'>peccandi</span> <span class='ocrx_word' id='word_1_219' title='bbox 1414 2726 1513 2784; x_wconf 84' lang='grc'>596</span> 
     </span>
    </p>

    <p class='ocr_par' dir='ltr' id='par_1_9' title="bbox 76 2803 1405 3514">
     <span class='ocr_line' id='line_1_26' title="bbox 77 2803 1405 2907; baseline 0.005 -39"><span class='ocrx_word' id='word_1_220' title='bbox 77 2804 228 2886; x_wconf 88' lang='lat' dir='ltr'>graviter</span> <span class='ocrx_word' id='word_1_221' title='bbox 250 2805 402 2907; x_wconf 82' lang='lat' dir='ltr'>proxima</span> <span class='ocrx_word' id='word_1_222' title='bbox 425 2809 459 2872; x_wconf 89' lang='lat' dir='ltr'>et</span> <span class='ocrx_word' id='word_1_223' title='bbox 481 2805 585 2870; x_wconf 90' lang='lat' dir='ltr'>libera</span> <span class='ocrx_word' id='word_1_224' title='bbox 608 2805 708 2871; x_wconf 91' lang='lat' dir='ltr'>vitari</span> <span class='ocrx_word' id='word_1_225' title='bbox 731 2805 830 2872; x_wconf 91' lang='lat' dir='ltr'>debet</span> <span class='ocrx_word' id='word_1_226' title='bbox 857 2806 919 2871; x_wconf 86' lang='lat' dir='ltr'>sub</span> <span class='ocrx_word' id='word_1_227' title='bbox 942 2803 1054 2888; x_wconf 84' lang='lat' dir='ltr'>gravi,</span> <span class='ocrx_word' id='word_1_228' title='bbox 1064 2804 1182 2906; x_wconf 30' lang='lat' dir='ltr'>‘idque</span> <span class='ocrx_word' id='word_1_229' title='bbox 1205 2806 1405 2907; x_wconf 82' lang='lat' dir='ltr'>abscissione</span> 
     </span>
     <span class='ocr_line' id='line_1_27' title="bbox 76 2893 1405 2979; baseline 0.002 -19"><span class='ocrx_word' id='word_1_230' title='bbox 76 2899 110 2960; x_wconf 90' lang='lat' dir='ltr'>et</span> <span class='ocrx_word' id='word_1_231' title='bbox 133 2894 345 2976; x_wconf 86' lang='lat' dir='ltr'>separatione</span> <span class='ocrx_word' id='word_1_232' title='bbox 374 2894 403 2959; x_wconf 89' lang='lat' dir='ltr'>si</span> <span class='ocrx_word' id='word_1_233' title='bbox 432 2898 485 2960; x_wconf 90' lang='lat' dir='ltr'>est</span> <span class='ocrx_word' id='word_1_234' title='bbox 507 2894 679 2972; x_wconf 89' lang='lat' dir='ltr'>continua,</span> <span class='ocrx_word' id='word_1_235' title='bbox 710 2894 879 2979; x_wconf 88' lang='lat' dir='ltr'>proposito</span> <span class='ocrx_word' id='word_1_236' title='bbox 910 2897 944 2960; x_wconf 89' lang='lat' dir='ltr'>et</span> <span class='ocrx_word' id='word_1_237' title='bbox 968 2893 1184 2977; x_wconf 88' lang='lat' dir='ltr'>promissione</span> <span class='ocrx_word' id='word_1_238' title='bbox 1212 2894 1242 2959; x_wconf 87' lang='lat' dir='ltr'>ei</span> <span class='ocrx_word' id='word_1_239' title='bbox 1264 2900 1317 2962; x_wconf 90' lang='lat' dir='ltr'>est</span> <span class='ocrx_word' id='word_1_240' title='bbox 1340 2917 1405 2963; x_wconf 88' lang='lat' dir='ltr'>nou</span> 
     </span>
     <span class='ocr_line' id='line_1_28' title="bbox 76 2982 1404 3068; baseline 0.002 -20"><span class='ocrx_word' id='word_1_241' title='bbox 76 2983 242 3050; x_wconf 85' lang='lat' dir='ltr'>continua.</span> <span class='ocrx_word' id='word_1_242' title='bbox 289 2983 386 3048; x_wconf 84' lang='lat' dir='ltr'>Ratio</span> <span class='ocrx_word' id='word_1_243' title='bbox 410 2988 478 3061; x_wconf 85' lang='lat' dir='ltr'>est,</span> <span class='ocrx_word' id='word_1_244' title='bbox 509 2983 587 3066; x_wconf 91' lang='lat' dir='ltr'>quia</span> <span class='ocrx_word' id='word_1_245' title='bbox 616 3004 721 3068; x_wconf 89' lang='lat' dir='ltr'>grave</span> <span class='ocrx_word' id='word_1_246' title='bbox 751 2983 907 3068; x_wconf 88' lang='lat' dir='ltr'>peccandi</span> <span class='ocrx_word' id='word_1_247' title='bbox 936 2982 1116 3068; x_wconf 89' lang='lat' dir='ltr'>periculum</span> <span class='ocrx_word' id='word_1_248' title='bbox 1143 2983 1253 3048; x_wconf 90' lang='lat' dir='ltr'>subire</span> <span class='ocrx_word' id='word_1_249' title='bbox 1283 3005 1341 3051; x_wconf 88' lang='lat' dir='ltr'>seu</span> <span class='ocrx_word' id='word_1_250' title='bbox 1371 2985 1404 3051; x_wconf 90' lang='lat' dir='ltr'>in</span> 
     </span>
     <span class='ocr_line' id='line_1_29' title="bbox 76 3072 1404 3158; baseline 0.002 -20"><span class='ocrx_word' id='word_1_251' title='bbox 76 3092 214 3155; x_wconf 88' lang='lat' dir='ltr'>gravem</span> <span class='ocrx_word' id='word_1_252' title='bbox 237 3072 455 3139; x_wconf 88' lang='lat' dir='ltr'>tentationem</span> <span class='ocrx_word' id='word_1_253' title='bbox 479 3092 515 3137; x_wconf 91' lang='lat' dir='ltr'>se</span> <span class='ocrx_word' id='word_1_254' title='bbox 538 3073 687 3138; x_wconf 86' lang='lat' dir='ltr'>conicere</span> <span class='ocrx_word' id='word_1_255' title='bbox 711 3078 762 3140; x_wconf 90' lang='lat' dir='ltr'>est</span> <span class='ocrx_word' id='word_1_256' title='bbox 785 3073 944 3138; x_wconf 90' lang='lat' dir='ltr'>indirecte</span> <span class='ocrx_word' id='word_1_257' title='bbox 968 3072 1055 3137; x_wconf 88' lang='lat' dir='ltr'>velle</span> <span class='ocrx_word' id='word_1_258' title='bbox 1079 3076 1264 3156; x_wconf 88' lang='lat' dir='ltr'>peceatum,</span> <span class='ocrx_word' id='word_1_259' title='bbox 1290 3079 1404 3158; x_wconf 88' lang='lat' dir='ltr'>utpote</span> 
     </span>
     <span class='ocr_line' id='line_1_30' title="bbox 76 3160 1402 3244; baseline 0.002 -17"><span class='ocrx_word' id='word_1_260' title='bbox 76 3163 162 3244; x_wconf 92' lang='lat' dir='ltr'>quod</span> <span class='ocrx_word' id='word_1_261' title='bbox 187 3182 229 3227; x_wconf 86' lang='lat' dir='ltr'>ex</span> <span class='ocrx_word' id='word_1_262' title='bbox 253 3181 292 3226; x_wconf 93' lang='lat' dir='ltr'>eo</span> <span class='ocrx_word' id='word_1_263' title='bbox 307 3165 465 3243; x_wconf 88' lang='lat' dir='ltr'>sequatur</span> <span class='ocrx_word' id='word_1_264' title='bbox 480 3165 649 3244; x_wconf 86' lang='lat' dir='ltr'>tamquam</span> <span class='ocrx_word' id='word_1_265' title='bbox 666 3163 811 3229; x_wconf 83' lang='lat' dir='ltr'>effectus.</span> <span class='ocrx_word' id='word_1_266' title='bbox 843 3162 930 3227; x_wconf 89' lang='lat' dir='ltr'>Nam</span> <span class='ocrx_word' id='word_1_267' title='bbox 947 3160 1113 3243; x_wconf 90' lang='lat' dir='ltr'>theologia</span> <span class='ocrx_word' id='word_1_268' title='bbox 1129 3161 1225 3227; x_wconf 89' lang='lat' dir='ltr'>docet</span> <span class='ocrx_word' id='word_1_269' title='bbox 1240 3161 1402 3229; x_wconf 89' lang='lat' dir='ltr'>hominem</span> 
     </span>
     <span class='ocr_line' id='line_1_31' title="bbox 78 3250 1404 3334; baseline 0.002 -18"><span class='ocrx_word' id='word_1_270' title='bbox 78 3251 250 3317; x_wconf 85' lang='lat' dir='ltr'>moraliter</span> <span class='ocrx_word' id='word_1_271' title='bbox 274 3271 338 3314; x_wconf 90' lang='lat' dir='ltr'>non</span> <span class='ocrx_word' id='word_1_272' title='bbox 361 3272 458 3334; x_wconf 87' lang='lat' dir='ltr'>posse</span> <span class='ocrx_word' id='word_1_273' title='bbox 481 3251 550 3316; x_wconf 89' lang='lat' dir='ltr'>suis</span> <span class='ocrx_word' id='word_1_274' title='bbox 572 3251 698 3317; x_wconf 88' lang='lat' dir='ltr'>viribus</span> <span class='ocrx_word' id='word_1_275' title='bbox 721 3272 857 3334; x_wconf 87' lang='lat' dir='ltr'>gravem</span> <span class='ocrx_word' id='word_1_276' title='bbox 874 3250 1091 3317; x_wconf 88' lang='lat' dir='ltr'>tentationem</span> <span class='ocrx_word' id='word_1_277' title='bbox 1108 3250 1248 3329; x_wconf 89' lang='lat' dir='ltr'>vincere,</span> <span class='ocrx_word' id='word_1_278' title='bbox 1273 3253 1331 3318; x_wconf 91' lang='lat' dir='ltr'>sed</span> <span class='ocrx_word' id='word_1_279' title='bbox 1353 3253 1404 3319; x_wconf 90' lang='lat' dir='ltr'>in-</span> 
     </span>
     <span class='ocr_line' id='line_1_32' title="bbox 77 3338 1404 3424; baseline 0.003 -19"><span class='ocrx_word' id='word_1_280' title='bbox 77 3340 193 3423; x_wconf 88' lang='lat' dir='ltr'>digere</span> <span class='ocrx_word' id='word_1_281' title='bbox 215 3340 258 3405; x_wconf 90' lang='lat' dir='ltr'>ad</span> <span class='ocrx_word' id='word_1_282' title='bbox 282 3338 315 3403; x_wconf 92' lang='lat' dir='ltr'>id</span> <span class='ocrx_word' id='word_1_283' title='bbox 340 3340 462 3405; x_wconf 83' lang='lat' dir='ltr'>auxilio</span> <span class='ocrx_word' id='word_1_284' title='bbox 486 3340 617 3407; x_wconf 89' lang='lat' dir='ltr'>divinae</span> <span class='ocrx_word' id='word_1_285' title='bbox 640 3341 779 3424; x_wconf 88' lang='lat' dir='ltr'>gratiae,</span> <span class='ocrx_word' id='word_1_286' title='bbox 804 3361 901 3423; x_wconf 90' lang='lat' dir='ltr'>quam</span> <span class='ocrx_word' id='word_1_287' title='bbox 918 3340 952 3404; x_wconf 88' lang='lat' dir='ltr'>in</span> <span class='ocrx_word' id='word_1_288' title='bbox 968 3339 1125 3405; x_wconf 91' lang='lat' dir='ltr'>eiusmodi</span> <span class='ocrx_word' id='word_1_289' title='bbox 1149 3339 1404 3409; x_wconf 87' lang='lat' dir='ltr'>circumstantiis</span> 
     </span>
     <span class='ocr_line' id='line_1_33' title="bbox 77 3428 533 3514; baseline 0.002 -20"><span class='ocrx_word' id='word_1_290' title='bbox 77 3449 214 3514; x_wconf 85' lang='lat' dir='ltr'>sperare</span> <span class='ocrx_word' id='word_1_291' title='bbox 237 3428 448 3494; x_wconf 89' lang='lat' dir='ltr'>temerarium</span> <span class='ocrx_word' id='word_1_292' title='bbox 471 3433 533 3496; x_wconf 91' lang='lat' dir='ltr'>est.</span> 
     </span>
    </p>
   </div>
   <div class='ocr_carea' id='block_1_9' title="bbox 76 3542 1402 3895">
    <p class='ocr_par' dir='ltr' id='par_1_10' title="bbox 76 3542 1402 3895">
     <span class='ocr_line' id='line_1_34' title="bbox 165 3542 1402 3628; baseline 0.005 -20"><span class='ocrx_word' id='word_1_293' title='bbox 165 3545 204 3613; x_wconf 87' lang='lat' dir='ltr'>R.</span> <span class='ocrx_word' id='word_1_294' title='bbox 236 3547 265 3610; x_wconf 89' lang='lat'>6.</span> <span class='ocrx_word' id='word_1_295' title='bbox 314 3543 451 3609; x_wconf 89' lang='lat' dir='ltr'>Occasio</span> <span class='ocrx_word' id='word_1_296' title='bbox 481 3542 630 3626; x_wconf 88' lang='lat' dir='ltr'>graviter</span> <span class='ocrx_word' id='word_1_297' title='bbox 658 3544 816 3628; x_wconf 90' lang='lat' dir='ltr'>peccandi</span> <span class='ocrx_word' id='word_1_298' title='bbox 845 3544 996 3627; x_wconf 84' lang='lat' dir='ltr'>proxima</span> <span class='ocrx_word' id='word_1_299' title='bbox 1025 3548 1060 3610; x_wconf 90' lang='lat' dir='ltr'>at</span> <span class='ocrx_word' id='word_1_300' title='bbox 1088 3546 1275 3612; x_wconf 87' lang='lat' dir='ltr'>necessaria</span> <span class='ocrx_word' id='word_1_301' title='bbox 1304 3548 1402 3614; x_wconf 91' lang='lat' dir='ltr'>debet</span> 
     </span>
     <span class='ocr_line' id='line_1_35' title="bbox 76 3632 1401 3717; baseline 0.003 -18"><span class='ocrx_word' id='word_1_302' title='bbox 76 3633 231 3699; x_wconf 89' lang='lat' dir='ltr'>adhibitis</span> <span class='ocrx_word' id='word_1_303' title='bbox 253 3632 405 3698; x_wconf 88' lang='lat' dir='ltr'>remediis</span> <span class='ocrx_word' id='word_1_304' title='bbox 429 3633 620 3717; x_wconf 86' lang='lat' dir='ltr'>opportunis</span> <span class='ocrx_word' id='word_1_305' title='bbox 651 3640 685 3700; x_wconf 87' lang='lat' dir='ltr'>et</span> <span class='ocrx_word' id='word_1_306' title='bbox 714 3633 889 3717; x_wconf 90' lang='lat' dir='ltr'>implorato</span> <span class='ocrx_word' id='word_1_307' title='bbox 912 3633 973 3698; x_wconf 94' lang='lat' dir='ltr'>Dei</span> <span class='ocrx_word' id='word_1_308' title='bbox 1004 3632 1126 3698; x_wconf 84' lang='lat' dir='ltr'>auxilio</span> <span class='ocrx_word' id='word_1_309' title='bbox 1149 3634 1241 3699; x_wconf 89' lang='lat' dir='ltr'>reddi</span> <span class='ocrx_word' id='word_1_310' title='bbox 1263 3641 1401 3703; x_wconf 89' lang='lat' dir='ltr'>remota.</span> 
     </span>
     <span class='ocr_line' id='line_1_36' title="bbox 76 3721 1401 3809; baseline 0.002 -21"><span class='ocrx_word' id='word_1_311' title='bbox 76 3724 146 3788; x_wconf 90' lang='lat' dir='ltr'>Hoc</span> <span class='ocrx_word' id='word_1_312' title='bbox 171 3722 320 3805; x_wconf 90' lang='lat' dir='ltr'>sequitur</span> <span class='ocrx_word' id='word_1_313' title='bbox 342 3741 384 3786; x_wconf 84' lang='lat' dir='ltr'>ex</span> <span class='ocrx_word' id='word_1_314' title='bbox 408 3721 608 3803; x_wconf 85' lang='lat' dir='ltr'>obligatione</span> <span class='ocrx_word' id='word_1_315' title='bbox 627 3743 692 3805; x_wconf 92' lang='lat' dir='ltr'>qua</span> <span class='ocrx_word' id='word_1_316' title='bbox 714 3727 865 3788; x_wconf 89' lang='lat' dir='ltr'>tenemur</span> <span class='ocrx_word' id='word_1_317' title='bbox 880 3722 988 3789; x_wconf 89' lang='lat' dir='ltr'>vitare</span> <span class='ocrx_word' id='word_1_318' title='bbox 1004 3721 1110 3805; x_wconf 90' lang='lat' dir='ltr'>ipsum</span> <span class='ocrx_word' id='word_1_319' title='bbox 1133 3723 1261 3807; x_wconf 88' lang='lat' dir='ltr'>lapsum</span> <span class='ocrx_word' id='word_1_320' title='bbox 1277 3746 1401 3809; x_wconf 89' lang='lat' dir='ltr'>nosque</span> 
     </span>
     <span class='ocr_line' id='line_1_37' title="bbox 76 3811 540 3895; baseline -0.004 -16"><span class='ocrx_word' id='word_1_321' title='bbox 76 3817 190 3879; x_wconf 75' lang='lat' dir='ltr'>matra</span> <span class='ocrx_word' id='word_1_322' title='bbox 211 3811 302 3876; x_wconf 89' lang='lat' dir='ltr'>illum</span> <span class='ocrx_word' id='word_1_323' title='bbox 325 3811 540 3895; x_wconf 90' lang='lat' dir='ltr'>praemunire.</span> 
     </span>
    </p>
   </div>
   <div class='ocr_carea' id='block_1_10' title="bbox 75 3924 1400 4454">
    <p class='ocr_par' dir='ltr' id='par_1_11' title="bbox 75 3924 1400 4454">
     <span class='ocr_line' id='line_1_38' title="bbox 163 3924 1400 4004; baseline 0.003 -12"><span class='ocrx_word' id='word_1_324' title='bbox 163 3929 193 3992; x_wconf 92' lang='lat' dir='ltr'><strong>R</strong></span> <span class='ocrx_word' id='word_1_325' title='bbox 218 3928 247 3994; x_wconf 87' lang='grc'>7.</span> <span class='ocrx_word' id='word_1_326' title='bbox 278 3926 438 4004; x_wconf 86' lang='lat' dir='ltr'>Quoniam</span> <span class='ocrx_word' id='word_1_327' title='bbox 461 3931 572 3992; x_wconf 87' lang='lat' dir='ltr'>autem</span> <span class='ocrx_word' id='word_1_328' title='bbox 596 3925 800 3991; x_wconf 89' lang='lat' dir='ltr'>occasionem</span> <span class='ocrx_word' id='word_1_329' title='bbox 824 3926 1042 3992; x_wconf 88' lang='lat' dir='ltr'>necessariam</span> <span class='ocrx_word' id='word_1_330' title='bbox 1059 3924 1159 3992; x_wconf 90' lang='lat' dir='ltr'>etiarn</span> <span class='ocrx_word' id='word_1_331' title='bbox 1184 3949 1255 3994; x_wconf 91' lang='lat' dir='ltr'>eam</span> <span class='ocrx_word' id='word_1_332' title='bbox 1280 3930 1400 3996; x_wconf 82' lang='lat' dir='ltr'>dixeri·</span> 
     </span>
     <span class='ocr_line' id='line_1_39' title="bbox 76 4014 1400 4102; baseline 0.002 -19"><span class='ocrx_word' id='word_1_333' title='bbox 76 4040 146 4083; x_wconf 92' lang='lat' dir='ltr'>mus</span> <span class='ocrx_word' id='word_1_334' title='bbox 170 4037 255 4099; x_wconf 90' lang='lat' dir='ltr'>quae</span> <span class='ocrx_word' id='word_1_335' title='bbox 278 4017 428 4082; x_wconf 85' lang='lat' dir='ltr'>absolute</span> <span class='ocrx_word' id='word_1_336' title='bbox 452 4014 581 4097; x_wconf 87' lang='lat' dir='ltr'>quidem</span> <span class='ocrx_word' id='word_1_337' title='bbox 605 4014 705 4080; x_wconf 90' lang='lat' dir='ltr'>vitari</span> <span class='ocrx_word' id='word_1_338' title='bbox 728 4015 849 4098; x_wconf 86' lang='lat' dir='ltr'>possit,</span> <span class='ocrx_word' id='word_1_339' title='bbox 883 4015 1027 4081; x_wconf 86' lang='lat' dir='ltr'>sednon</span> <span class='ocrx_word' id='word_1_340' title='bbox 1060 4016 1165 4098; x_wconf 89' lang='lat' dir='ltr'>possit</span> <span class='ocrx_word' id='word_1_341' title='bbox 1188 4018 1257 4083; x_wconf 91' lang='lat' dir='ltr'>sine</span> <span class='ocrx_word' id='word_1_342' title='bbox 1280 4040 1400 4102; x_wconf 84' lang='lat' dir='ltr'>magno</span> 
     </span>
     <span class='ocr_line' id='line_1_40' title="bbox 75 4103 1400 4190; baseline 0.002 -17"><span class='ocrx_word' id='word_1_343' title='bbox 75 4105 293 4183; x_wconf 85' lang='lat' dir='ltr'>incommodo,</span> <span class='ocrx_word' id='word_1_344' title='bbox 324 4105 378 4170; x_wconf 89' lang='lat' dir='ltr'>vel</span> <span class='ocrx_word' id='word_1_345' title='bbox 408 4103 571 4187; x_wconf 88' lang='lat' dir='ltr'>adquam</span> <span class='ocrx_word' id='word_1_346' title='bbox 602 4103 803 4169; x_wconf 89' lang='lat' dir='ltr'>subeundam</span> <span class='ocrx_word' id='word_1_347' title='bbox 827 4105 939 4186; x_wconf 84' lang='lat' dir='ltr'>gravis</span> <span class='ocrx_word' id='word_1_348' title='bbox 969 4105 1053 4171; x_wconf 90' lang='lat' dir='ltr'>ratio</span> <span class='ocrx_word' id='word_1_349' title='bbox 1084 4105 1155 4170; x_wconf 90' lang='lat' dir='ltr'>sive</span> <span class='ocrx_word' id='word_1_350' title='bbox 1184 4108 1305 4190; x_wconf 88' lang='lat' dir='ltr'>proprii</span> <span class='ocrx_word' id='word_1_351' title='bbox 1330 4109 1400 4175; x_wconf 90' lang='lat' dir='ltr'>sive</span> 
     </span>
     <span class='ocr_line' id='line_1_41' title="bbox 76 4192 1400 4278; baseline 0 -16"><span class='ocrx_word' id='word_1_352' title='bbox 76 4196 171 4262; x_wconf 89' lang='lat' dir='ltr'>alieni</span> <span class='ocrx_word' id='word_1_353' title='bbox 194 4194 271 4260; x_wconf 90' lang='lat' dir='ltr'>boni</span> <span class='ocrx_word' id='word_1_354' title='bbox 293 4194 458 4278; x_wconf 91' lang='lat' dir='ltr'>impellat:</span> <span class='ocrx_word' id='word_1_355' title='bbox 483 4193 511 4258; x_wconf 89' lang='lat' dir='ltr'>si</span> <span class='ocrx_word' id='word_1_356' title='bbox 534 4192 738 4276; x_wconf 88' lang='lat' dir='ltr'>experientia</span> <span class='ocrx_word' id='word_1_357' title='bbox 761 4192 946 4260; x_wconf 85' lang='lat' dir='ltr'>constiterit</span> <span class='ocrx_word' id='word_1_358' title='bbox 968 4193 1113 4260; x_wconf 88' lang='lat' dir='ltr'>remedia</span> <span class='ocrx_word' id='word_1_359' title='bbox 1135 4215 1269 4260; x_wconf 91' lang='lat' dir='ltr'>manere</span> <span class='ocrx_word' id='word_1_360' title='bbox 1293 4197 1400 4262; x_wconf 88' lang='lat' dir='ltr'>ineffi-</span> 
     </span>
     <span class='ocr_line' id='line_1_42' title="bbox 76 4282 1398 4368; baseline 0.001 -17"><span class='ocrx_word' id='word_1_361' title='bbox 76 4286 182 4361; x_wconf 90' lang='lat' dir='ltr'>cacia,</span> <span class='ocrx_word' id='word_1_362' title='bbox 208 4288 265 4350; x_wconf 92' lang='lat' dir='ltr'>aut</span> <span class='ocrx_word' id='word_1_363' title='bbox 290 4283 475 4349; x_wconf 86' lang='lat' dir='ltr'>efficaciora</span> <span class='ocrx_word' id='word_1_364' title='bbox 499 4282 646 4348; x_wconf 89' lang='lat' dir='ltr'>adhiberi</span> <span class='ocrx_word' id='word_1_365' title='bbox 670 4283 805 4361; x_wconf 89' lang='lat' dir='ltr'>debent,</span> <span class='ocrx_word' id='word_1_366' title='bbox 836 4289 910 4358; x_wconf 90' lang='lat' dir='ltr'>aut,</span> <span class='ocrx_word' id='word_1_367' title='bbox 941 4305 1005 4347; x_wconf 89' lang='lat' dir='ltr'>non</span> <span class='ocrx_word' id='word_1_368' title='bbox 1030 4284 1183 4349; x_wconf 88' lang='lat' dir='ltr'>obstante</span> <span class='ocrx_word' id='word_1_369' title='bbox 1206 4306 1326 4368; x_wconf 89' lang='lat' dir='ltr'>magno</span> <span class='ocrx_word' id='word_1_370' title='bbox 1349 4286 1398 4352; x_wconf 92' lang='lat' dir='ltr'>in-</span> 
     </span>
     <span class='ocr_line' id='line_1_43' title="bbox 76 4371 1155 4454; baseline -0.002 -14"><span class='ocrx_word' id='word_1_371' title='bbox 76 4374 252 4451; x_wconf 85' lang='lat' dir='ltr'>commodo,</span> <span class='ocrx_word' id='word_1_372' title='bbox 277 4372 405 4437; x_wconf 87' lang='lat' dir='ltr'>occasio</span> <span class='ocrx_word' id='word_1_373' title='bbox 429 4372 558 4437; x_wconf 90' lang='lat' dir='ltr'>demum</span> <span class='ocrx_word' id='word_1_374' title='bbox 582 4372 794 4454; x_wconf 90' lang='lat' dir='ltr'>relinquenda</span> <span class='ocrx_word' id='word_1_375' title='bbox 818 4377 853 4438; x_wconf 91' lang='lat' dir='ltr'>et</span> <span class='ocrx_word' id='word_1_376' title='bbox 875 4371 1071 4437; x_wconf 90' lang='lat' dir='ltr'>eliminanda</span> <span class='ocrx_word' id='word_1_377' title='bbox 1094 4377 1155 4439; x_wconf 88' lang='lat' dir='ltr'>est.</span> 
     </span>
    </p>
   </div>
   <div class='ocr_carea' id='block_1_11' title="bbox 76 4494 1459 4743">
    <p class='ocr_par' dir='ltr' id='par_1_12' title="bbox 76 4494 1459 4743">
     <span class='ocr_line' id='line_1_44' title="bbox 160 4494 1459 4579; baseline 0.006 -19"><span class='ocrx_word' id='word_1_378' title='bbox 160 4495 554 4571; x_wconf 66' lang='lat' dir='ltr'>securisumus.</span> <span class='ocrx_word' id='word_1_379' title='bbox 581 4498 608 4562; x_wconf 89' lang='lat'>1.</span> <span class='ocrx_word' id='word_1_380' title='bbox 657 4495 690 4562; x_wconf 88' lang='lat' dir='ltr'>Si</span> <span class='ocrx_word' id='word_1_381' title='bbox 713 4494 845 4561; x_wconf 83' lang='lat' dir='ltr'>Amalia</span> <span class='ocrx_word' id='word_1_382' title='bbox 875 4494 1158 4563; x_wconf 88' lang='lat' dir='ltr'>sollicitationibus</span> <span class='ocrx_word' id='word_1_383' title='bbox 1188 4495 1258 4561; x_wconf 87' lang='lat' dir='ltr'>heri</span> <span class='ocrx_word' id='word_1_384' title='bbox 1289 4499 1459 4579; x_wconf 81' lang='lat' dir='ltr'>cessit,597</span> 
     </span>
     <span class='ocr_line' id='line_1_45' title="bbox 76 4583 1397 4671; baseline 0.003 -19"><span class='ocrx_word' id='word_1_385' title='bbox 76 4590 223 4671; x_wconf 88' lang='lat' dir='ltr'>apertum</span> <span class='ocrx_word' id='word_1_386' title='bbox 248 4588 300 4650; x_wconf 89' lang='lat' dir='ltr'>est</span> <span class='ocrx_word' id='word_1_387' title='bbox 323 4605 396 4649; x_wconf 90' lang='lat' dir='ltr'>eam</span> <span class='ocrx_word' id='word_1_388' title='bbox 419 4583 546 4649; x_wconf 88' lang='lat' dir='ltr'>versari</span> <span class='ocrx_word' id='word_1_389' title='bbox 561 4584 595 4650; x_wconf 92' lang='lat' dir='ltr'>in</span> <span class='ocrx_word' id='word_1_390' title='bbox 611 4584 782 4651; x_wconf 90' lang='lat' dir='ltr'>occasione</span> <span class='ocrx_word' id='word_1_391' title='bbox 798 4585 964 4669; x_wconf 84' lang='lat' dir='ltr'>proxima;</span> <span class='ocrx_word' id='word_1_392' title='bbox 989 4589 1024 4651; x_wconf 89' lang='lat' dir='ltr'>et</span> <span class='ocrx_word' id='word_1_393' title='bbox 1039 4585 1190 4669; x_wconf 89' lang='lat' dir='ltr'>quoniam</span> <span class='ocrx_word' id='word_1_394' title='bbox 1209 4586 1313 4655; x_wconf 89' lang='lat' dir='ltr'>libera</span> <span class='ocrx_word' id='word_1_395' title='bbox 1336 4593 1397 4669; x_wconf 87' lang='lat' dir='ltr'>est,</span> 
     </span>
     <span class='ocr_line' id='line_1_46' title="bbox 1135 4688 1191 4743; baseline 0 0"><span class='ocrx_word' id='word_1_396' title='bbox 1135 4688 1191 4743; x_wconf 75' lang='lat'>22*</span> 
     </span>
    </p>
   </div>
   <div class='ocr_carea' id='block_1_12' title="bbox 0 0 1526 5174">
    <p class='ocr_par' dir='ltr' id='par_1_13' title="bbox 0 0 1526 5174">
     <span class='ocr_line' id='line_1_47' title="bbox 0 0 1526 5174; baseline 0 0"><span class='ocrx_word' id='word_1_397' title='bbox 0 0 1526 5174; x_wconf 95' lang='lat' dir='ltr'> </span> 
     </span>
    </p>
   </div>
  </div>
 </body>
</html>
