3044 5174
357 261 471 316 Materia
490 261 621 331 proxima.
641 289 675 298 -
694 258 819 313 contritio
839 262 867 312 et
885 258 1059 329 prepositum.
1308 260 1370 325 177

135 438 176 505 R..
202 440 232 504 3.
265 438 562 522 Reprehendendus
586 436 714 519 quidem
738 458 803 502 nen
827 441 877 503 est
894 436 1028 502 Carolus
1045 436 1129 519 quod
1153 435 1185 499 in
1205 435 1268 500 isto
1293 445 1435 501 casu303

68 526 229 606 rfortunii,
255 528 513 610 quamprimum
538 527 579 591 ad
604 527 709 591 locum
734 526 901 591 infortunii
925 525 1063 603 venerit,
1087 524 1120 589 in
1145 546 1265 601 omnes,
1291 546 1372 608 qua-

68 638 143 682 1111
169 637 307 700 capaces
331 616 412 691 sint,
438 615 663 682 condicionate
686 620 813 694 tamen,
838 613 1101 698 pronuntiaverit
1124 614 1371 692 absolutionem,

68 707 72 770 i
95 706 239 789 supponi
262 710 394 789 peterat
424 706 539 771 adesse
569 705 655 770 ferte
679 705 805 786 aliquos
830 725 965 786 quorum
997 704 1190 781 clamorem,
1224 703 1251 767 si
1275 703 1373 768 edere

68 799 201 872 essent,
232 795 392 861 valuisset
421 795 597 878 percipere.
646 794 708 859 Sed
739 794 771 858 in
801 795 862 859 hoc
890 793 1175 877 reprehendendus
1206 799 1257 858 est
1287 793 1371 874 quod

68 883 218 950 utaverit
241 905 277 948 se
309 883 369 948 hec
400 884 494 949 mode
518 884 551 948 in
574 882 767 948 necessariis
790 884 872 948 satis
896 882 1094 948 succurrisse
1125 882 1251 947 miseris
1274 882 1372 946 mori·

68 973 174 1039 undis.
207 972 294 1037 Nam
317 973 375 1037 illa
398 972 558 1038 absolutio
583 973 664 1037 adeo
689 973 829 1055 exiguae
845 971 1086 1057 probabilitatis
1102 976 1175 1037 erat
1198 976 1243 1047 ut,
1269 991 1372 1053 quan-

68 1083 113 1126 111
139 1061 205 1145 ipsi
228 1061 383 1145 possibile
407 1066 495 1139 erat,
530 1062 663 1127 deberet
694 1062 891 1127 descendere
921 1065 956 1127 et
986 1060 1128 1144 experiri
1159 1081 1235 1125 num
1266 1082 1372 1125 eorem

68 1151 207 1216 uxilium
231 1152 318 1217 ferre
341 1151 446 1235 possit
470 1150 566 1216 alicui
589 1149 791 1226 moribunde,
816 1171 879 1232 que
897 1149 1017 1215 certius
1036 1154 1278 1216 sacramentum
1302 1154 1372 1215 tum

68 1239 264 1306 bsolutionis
286 1246 355 1308 tum
381 1243 548 1305 extremae
571 1239 733 1306 unctionis
757 1239 1050 1306 administraretur.
1097 1239 1212 1321 Neque
1236 1258 1373 1321 exspec-

68 1329 109 1394 111
139 1329 273 1407 debuit,
307 1330 382 1394 dum
406 1329 462 1394 alii
484 1328 558 1394 illes
581 1328 718 1394 miseros
750 1329 792 1394 ad
817 1329 922 1394 lucem
946 1328 1151 1412 proferrent,
1184 1327 1212 1392 si
1245 1327 1375 1409 quidem

68 1431 175 1484 111111
199 1418 282 1484 mori
304 1422 459 1502 poterant
482 1418 537 1500 qui
560 1418 643 1483 alias
666 1418 735 1483 vivi
758 1417 878 1484 certius
901 1417 1106 1501 accepissent
1129 1417 1296 1482 Ecclesiae
1319 1437 1374 1482 sa-

68 1510 227 1574 ramenta.
1341 1545 1343 1550 -

88 1615 131 1681 R.
156 1618 189 1680 4.
229 1613 412 1680 Similitudo
436 1634 508 1679 cum
534 1613 738 1681 absolutione
762 1613 865 1680 tetius
888 1634 1004 1678 manus
1028 1613 1180 1678 militaris
1204 1613 1236 1677 in
1260 1616 1374 1679 nostro

68 1725 124 1768 asu
150 1703 284 1768 minime
306 1703 416 1784 urgeri
439 1708 557 1787 potest.
598 1702 685 1768 Nam
709 1702 760 1768 hic
784 1703 926 1769 fortasse
950 1708 1027 1769 sunt
1050 1701 1232 1767 moribundi
1254 1701 1375 1784 singuli

68 1792 197 1869 isiecti,
222 1792 270 1857 ita
292 1795 330 1857 ut
353 1792 447 1857 valor
470 1791 685 1857 absolutionis
708 1791 817 1858 metiri
841 1792 959 1859 debeat
983 1813 1024 1858 ex
1049 1791 1205 1857 distantia
1229 1790 1376 1872 singule·

68 1903 137 1960 um,
171 1903 236 1946 non
267 1902 308 1946 ex
333 1879 491 1946 distantia
514 1880 748 1956 multitudinis;
780 1902 818 1946 ae
849 1881 981 1965 insuper
1012 1880 1111 1946 etiam
1142 1881 1239 1962 lenge
1270 1880 1375 1945 maior

68 1976 120 2036 rat
146 1970 305 2036 distantia
328 1969 362 2034 in
385 1975 497 2036 nestro
529 1991 607 2035 casu
636 1969 809 2036 infortunii
832 1992 928 2053 quam
960 1969 1118 2036 distantia
1149 1989 1265 2035 manus
1288 1968 1374 2033 mili·

68 2060 129 2124 1111
154 2080 175 2125 1
199 2059 377 2143 capellano.

137 2157 230 2233 Quod
254 2178 332 2222 vero
356 2156 477 2222 attinet
500 2156 541 2222 ad
557 2157 704 2222 valerem
720 2157 945 2235 absolutionis,
970 2157 996 2221 si
1014 2161 1092 2223 ante
1108 2156 1266 2241 proelium
1282 2159 1374 2222 tetus

67 2245 216 2311 xercitus
239 2245 439 2311 absolvitur:
463 2266 577 2310 verum
602 2246 730 2328 quidem
755 2250 806 2311 est
828 2245 991 2328 integram
1009 2245 1249 2311 multitudinem
1265 2244 1375 2310 valide

68 2335 186 2412 bsolvi,
212 2334 357 2400 simodo
380 2334 462 2400 haec
484 2334 659 2400 multitude
683 2334 866 2400 absolventi
882 2356 1039 2418 praesens
1054 2334 1108 2412 sit,
1133 2334 1195 2400 etsi
1218 2333 1375 2418 postremi

68 2424 152 2490 rulto
176 2424 305 2505 longius
328 2445 425 2506 quam
446 2426 488 2489 20
504 2424 654 2508 passibus
678 2423 810 2490 distent.
842 2425 1000 2490 Attamen
1023 2423 1049 2488 si
1072 2428 1169 2490 tanta
1190 2427 1242 2488 est
1264 2423 1376 2488 11111-

68 2513 127 2578 ude
152 2518 191 2578 ut
213 2514 255 2578 ab
278 2512 389 2595 aliqua
413 2512 570 2579 distantia
593 2512 841 2579 communicatio
873 2518 907 2580 et
930 2513 1101 2578 collocutio
1127 2511 1244 2579 altiore
1274 2512 1374 2578 etiam

68 2622 133 2667 ‘ece
157 2602 248 2668 facta
277 2623 342 2667 nen
373 2602 512 2685 amplius
541 2601 584 2668 sit
608 2602 786 2685 possibilis,
818 2602 918 2669 etiam
948 2602 1110 2668 absolutio
1140 2622 1205 2666 non
1235 2602 1374 2685 amplius

68 2691 93 2756 d
118 2712 176 2756 eos
199 2691 329 2757 videtur
352 2692 548 2775 pertingere.
596 2690 801 2774 Quapropter
832 2692 930 2757 etiam
960 2691 994 2756 in
1017 2691 1075 2757 tali
1107 2712 1185 2757 casu
1209 2691 1374 2756 exereitus

68 2784 138 2846 sset
161 2780 195 2844 in
218 2781 329 2863 plures
351 2784 464 2865 partes
494 2779 735 2846 distribuendus
767 2785 802 2847 et
832 2780 959 2846 divisim
990 2780 1217 2846 absolvendus.
1264 2780 1374 2863 Atque

68 2889 96 2934 a
111 2869 213 2935 etiarn
229 2869 299 2934 fieri
315 2871 409 2946 solet,
426 2890 500 2935 cum
516 2869 663 2951 singulae
678 2873 791 2952 partes
807 2891 884 2936 suos
899 2870 1029 2936 soleant
1039 2870 1159 2935 habere
1175 2869 1373 2935 sacerdotes

139 2976 178 3043 R.
203 2978 232 3042 5.
264 2976 317 3041 Ex
340 2996 439 3059 supra
463 2974 558 3041 dictis
581 2976 866 3058 reprehendendus
882 2976 1017 3042 Carolus
1040 2997 1080 3040 ne
1104 2976 1137 3040 in
1160 2976 1221 3041 hoc
1244 2975 1374 3057 quidem

68 3085 128 3131 asu
153 3066 261 3131 estin
285 3086 349 3147 que
372 3086 431 3149 per
454 3063 676 3148 telephouium
700 3065 861 3142 absolvit3
886 3065 997 3131 debuit
1020 3067 1131 3130 tamen
1155 3065 1373 3142 nihilominus,

68 3175 147 3220 uam
172 3155 237 3220 cito
260 3154 383 3238 potuit,
417 3153 634 3238 personaliter
657 3154 697 3218 ad
722 3154 946 3220 moribundum
971 3175 1007 3219 se
1026 3154 1191 3232 conferre,
1216 3153 1292 3236 quia
1315 3153 1375 3218 ab·

68 3244 168 3310 elutie
192 3243 250 3308 illa
273 3243 362 3326 prier
384 3241 442 3307 vix
464 3264 529 3307 nen
552 3246 624 3308 erat
647 3243 802 3309 invalida.

248 3443 482 3510 CONTRITIO
507 3443 742 3509 PERFECTA.
767 3483 810 3491 —
833 3443 934 3511 EIUS
957 3444 1175 3512 MOTIVUM.

621 3600 730 3666 Casus.
750 3608 808 3676 (91)

138 3743 174 3801 In
197 3745 345 3801 conventu
366 3741 552 3800 sacerdotnm
574 3748 678 3800 exerta
693 3741 867 3817 quaestione
888 3742 923 3800 de
945 3740 1122 3801 contritione
1137 3742 1243 3802 Petrus
1266 3743 1374 3803 asserit

68 3822 256 3884 nutritionem
279 3842 316 3880 ex
338 3841 370 3880 ee
391 3821 600 3880 iustificantem
623 3822 729 3881 debere
751 3822 911 3899 precedere
932 3842 970 3880 ex
992 3842 1106 3881 summa
1121 3822 1176 3882 Dei
1191 3824 1374 3899 perfectione

68 3903 187 3964 bsoluta
208 3921 298 3978 super
319 3901 417 3960 omnia
439 3902 565 3972 dilecta,
595 3903 716 3962 excluse
739 3902 817 3961 omni
838 3908 977 3978 respectu
998 3903 1035 3961 ad
1056 3923 1112 3962 nos
1134 3904 1232 3980 ipses;
1261 3904 1373 3963 Paulus

68 4004 119 4044 111
142 3982 214 4041 dicit
234 3982 415 4059 impossibile
437 4001 502 4041 esse
524 4002 588 4041 eam
610 4003 668 4042 non
690 3983 744 4042 niti
766 3983 797 4041 in
819 3984 943 4042 caritate
959 3984 1015 4042 Dei
1037 4003 1108 4059 erga
1129 4004 1193 4054 nos,
1218 4005 1283 4043 cum
1306 4005 1373 4043 con-

68 4065 130 4124 1111
159 4063 267 4122 debeat
288 4063 359 4121 eriri
380 4082 417 4120 ex
439 4082 537 4121 amore
560 4063 706 4121 amicitiae
728 4083 803 4139 quae
831 4064 998 4122 necessario
1028 4065 1211 4141 concipiatur
1240 4071 1271 4123 ut
1293 4085 1374 4124 amer

68 4151 180 4217 luteus,
203 4143 341 4202 Andreas
362 4162 433 4201 vero
455 4143 570 4218 utrique
592 4143 678 4201 dicit:
708 4144 771 4203 Vos
799 4163 860 4202 rem
888 4163 991 4219 parum
1013 4144 1202 4218 intellegitis,
1236 4145 1373 4204 contritio

67 4225 215 4286 letificans
237 4243 296 4282 non
318 4243 355 4281 111
377 4223 440 4281 1111
462 4224 571 4281 motivo
594 4224 730 4282 caritatis
752 4224 859 4287 oritur,
891 4224 943 4282 sed
965 4225 1076 4282 suflicit
1097 4225 1184 4301 plane
1206 4231 1238 4283 ut
1261 4225 1373 4283 oriatur

68 4327 85 4365 11
107 4304 306 4363 detestatione
328 4302 559 4378 ingratitudinis,
583 4323 620 4362 ex
642 4305 752 4363 motivo
774 4303 934 4378 religionis,
958 4304 1143 4363 obedientiae
1158 4311 1188 4363 et
1209 4305 1371 4376 similibus;

68 4385 179 4460 liequin
200 4383 303 4443 Iudaei
324 4384 435 4442 veteris
457 4385 627 4443 testamenti
649 4384 917 4443 reconciliationem
940 4384 1001 4443 aS.
1017 4383 1170 4461 Scriptura
1195 4386 1292 4444 edocti
1314 4406 1371 4444 nen

68 4470 150 4525 ssent
172 4484 266 4541 neque
288 4484 352 4522 eam
374 4465 517 4534 assecuti,
541 4484 606 4523 cum
627 4464 655 4523 S.
678 4465 843 4541 Scriptura,
866 4464 981 4539 quande
1004 4464 1117 4523 excitat
1146 4466 1183 4522 od
1206 4466 1373 4524 conversio·

68 4567 131 4616 em,
160 4545 210 4602 vix
232 4564 291 4603 non
319 4545 426 4620 ubique
455 4546 544 4603 sistat
573 4545 603 4603 in
633 4545 790 4603 excitanda
812 4544 993 4618 gratitudine
1021 4549 1051 4602 et
1081 4545 1303 4619 ingratitudinis
1326 4547 1373 4604 de·

68 4626 218 4686 estatione.

100 4727 527 4776 1111111111,011111111111111111.
548 4727 576 4770 ll.
1135 4721 1167 4774 12
