3044 5174
370 312 469 367 Faetus
488 312 604 367 abortivi
623 313 738 382 quaudo,
758 313 891 382 quomodo
909 312 1073 383 baptizandi.
1342 315 1384 379 55

55 499 143 544 mam
160 484 291 563 partem
314 484 452 546 mortem
474 480 657 547 subituram
680 503 752 547 esse
775 481 872 548 valde
893 482 1107 565 probabiliter
1122 481 1290 548 iudicavit.
1319 481 1383 548 Sed

57 569 232 634 etiamtum
255 590 355 635 sanos
377 569 545 653 baptizare
575 572 616 636 ob
644 571 748 636 solam
778 570 1043 654 probabilitatem
1078 571 1165 654 quod
1189 571 1288 637 etiam
1312 570 1383 636 sani

58 657 202 724 fortasse
225 659 339 724 morbo
363 659 605 742 corriperentur
628 664 727 742 atque
750 660 899 727 morituri
923 666 1034 728 essent
1057 665 1130 727 erat
1154 681 1319 726 excessus.

148 755 187 822 u.
214 758 244 822 2.
285 755 376 832 Quod
400 760 554 839 aegrotos
574 757 647 823 illos
670 758 815 826 infantes
838 758 871 822 in
895 779 1033 840 quorum
1055 758 1253 842 baptismum
1277 761 1384 824 mater

57 845 191 911 ethnica
222 845 387 913 consensit
414 846 646 930 baptizaverit,
681 847 811 914 etiamsi
840 847 989 930 graviter
1019 869 1083 912 non
1114 851 1383 930 aegrotaverunt,

59 956 123 1001 non
147 934 219 1018 egit
242 935 346 1012 male;
369 935 468 1000 immo
493 935 615 1019 optime
631 937 709 1018 egit,
735 937 763 1002 si
786 958 845 1020 pro
861 958 958 1020 posse
974 936 1175 1020 probabilem
1199 937 1383 1002 cautionem

57 1024 223 1108 receperit
252 1024 385 1091 futurae
414 1024 616 1091 educationis
649 1026 831 1092 catholicae
860 1047 919 1110 pro
948 1047 1027 1091 casu
1057 1026 1143 1109 quod
1176 1026 1234 1090 filii
1269 1046 1383 1109 super·

57 1114 154 1179 stites
177 1113 370 1180 manserint.

147 1220 188 1286 R.
215 1222 245 1286 3.
293 1219 327 1286 Si
350 1224 457 1286 mater
479 1224 553 1287 erat
574 1221 699 1300 fidelis,
730 1222 813 1288 bene
837 1221 907 1304 egit
929 1221 1014 1287 filios
1037 1220 1218 1305 baptizans,
1243 1220 1307 1287 etsi
1330 1220 1383 1286 fu·

57 1313 154 1376 turae
185 1308 407 1393 perversioris
439 1309 555 1376 aderat
585 1310 763 1394 periculum
796 1333 861 1376 non
893 1310 977 1376 leve.
1031 1310 1119 1376 Nam
1153 1310 1383 1376 certitudinem

57 1399 216 1465 moralem
240 1398 428 1483 apostasiae
450 1398 508 1464 vix
531 1419 684 1482 umquam
708 1400 842 1473 habuit;
873 1421 979 1482 neque
1002 1399 1186 1484 spernenda
1216 1404 1286 1465 tum
1310 1403 1383 1466 erat

58 1488 143 1554 ratio
160 1488 408 1570 quodomnium
428 1487 602 1554 infantium
625 1489 729 1555 maior
751 1510 828 1573 pars
850 1493 929 1556 ante
950 1510 1053 1555 annos
1077 1488 1282 1554 discretionis
1307 1509 1383 1554 cou-

58 1578 205 1644 sueverit
228 1577 328 1643 obire.
368 1578 418 1643 De
441 1581 551 1643 cetero
574 1581 734 1644 monenda
761 1583 873 1646 tamen
904 1583 977 1645 erat
999 1582 1108 1644 mater
1129 1586 1167 1644 ut
1189 1599 1248 1662 pro
1272 1578 1383 1644 futuro

57 1671 243 1734 maternum
260 1665 402 1731 officium
419 1665 599 1733 catholicae
617 1667 840 1734 instructionis
856 1673 891 1735 et
906 1668 1109 1734 educationis
1124 1689 1166 1733 ue
1180 1668 1381 1750 neglegeret.

379 1858 625 1926 BAPTISMUS
649 1859 817 1926 FOETUS
840 1858 1063 1926 ABOR'PIVI.

623 2026 733 2091 Casus.
753 2032 811 2100 (27)

143 2164 267 2224 Amalia
287 2183 363 2224 uxor
382 2165 537 2242 repentino
559 2185 631 2224 casu
652 2171 798 2244 correpta,
821 2166 1015 2225 sacramentis
1031 2164 1167 2225 celeriter
1180 2165 1294 2224 munita
1314 2184 1383 2224 mox

56 2244 194 2306 decessit.
237 2244 347 2305 Marito
368 2247 492 2306 absente
512 2246 660 2323 parochus
681 2251 768 2321 urget
788 2246 932 2305 medicum
953 2250 987 2305 ut
1010 2245 1172 2305 sectionem
1193 2245 1294 2317 iaciat,
1317 2265 1382 2304 curn

57 2326 175 2386 Amalia
197 2324 278 2384 sita
300 2344 354 2385 sex
374 2326 437 2385 fere
458 2325 609 2385 mensibus
630 2326 762 2402 gravida.
804 2326 937 2386 Medicus
959 2327 1105 2398 haesitat,
1127 2346 1165 2385 ne
1186 2328 1264 2386 forte
1285 2345 1303 2384 a
1324 2345 1383 2384 ma·

56 2407 110 2467 rito
132 2410 296 2466 accusetur
315 2406 465 2466 homicidii
492 2406 523 2465 in
551 2406 662 2466 femina
683 2407 811 2465 nondum
839 2412 921 2467 certo
949 2412 1065 2467 mortua
1086 2407 1206 2484 patrati.
1247 2407 1383 2465 Instante

56 2488 186 2565 parocho
209 2486 325 2545 demum
355 2487 533 2564 acquiescit,
561 2487 676 2546 invenit
695 2486 807 2546 foetum
828 2487 914 2546 dubie
935 2488 1035 2546 vivum
1063 2507 1148 2563 quem
1169 2487 1201 2545 in
1222 2486 1384 2546 secundina

56 2569 152 2628 adhuc
174 2567 371 2626 exsistentem
392 2567 546 2644 baptizata
562 2587 628 2626 cum
648 2566 781 2633 maritus.
803 2566 850 2626 vir
870 2566 1014 2638 infidelis,
1036 2568 1134 2627 subito
1155 2567 1317 2626 adveniens
1338 2565 1384 2625 ira

55 2649 196 2709 incensus
217 2651 250 2706 et
268 2647 412 2706 medicum
434 2653 464 2707 et
483 2647 646 2725 parochum
667 2646 748 2707 eiicit
769 2666 878 2723 eosque
898 2648 1002 2706 violati
1024 2647 1070 2707 eui
1091 2647 1164 2707 iuris
1186 2654 1316 2706 accusat.

56 2760 235 2830 Quumrua
258 2759 288 2817 1ο
307 2759 406 2818 foetus
425 2758 546 2818 humani
567 2758 667 2818 sintne
688 2764 719 2817 et
739 2759 882 2834 quomodo
903 2758 1080 2834 baptizandi.

259 2859 290 2914 2ο
310 2856 387 2932 quod
407 2856 449 2914 sit
469 2855 591 2932 parochi
612 2856 742 2915 officium
762 2856 793 2914 iu
812 2855 1006 2933 procurandis
1026 2855 1158 2915 foetuum
1178 2855 1342 2932 baptismis.

259 2954 290 3011 3⁰
308 2956 429 3011 rectene
449 2958 547 3012 actum
569 2952 660 3011 sitin
681 2972 753 3012 casu
773 2951 933 3029 proposito.
980 2976 984 2983 ·

655 3135 789 3204 Solutio.

144 3280 200 3344 An
224 3299 416 3354 ouarsrruu
442 3284 478 3346 1¹²
502 3279 541 3346 R.
569 3282 596 3345 1.
644 3279 766 3344 Foebus
788 3278 968 3357 humanus,
1002 3299 1099 3361 quam
1123 3278 1263 3362 primum
1287 3277 1382 3343 homo
1392 3293 1426 3344 95

58 3375 116 3448 est,
142 3369 300 3453 baptismi
323 3373 375 3434 est
398 3390 514 3453 capax,
540 3368 687 3434 simodo
711 3389 797 3450 aqua
820 3368 909 3434 ablui
931 3372 989 3452 pot
1027 3372 1052 3436 t.

146 3476 187 3541 R.
214 3478 244 3541 2.
291 3475 396 3540 Valde
426 3475 639 3559 probabiliter
662 3475 695 3539 in
718 3475 789 3559 ipso
820 3479 913 3541 utero
945 3478 1107 3551 materno,
1138 3473 1167 3538 ei
1195 3473 1301 3539 medio
1331 3473 1381 3539 iu-

57 3567 243 3633 strumento
270 3564 377 3630 foetus
400 3585 486 3646 aqua
508 3564 701 3648 attingitur,
733 3564 843 3631 valide
873 3565 1078 3649 baptizatur:
1111 3562 1197 3646 quod
1228 3562 1261 3628 in
1284 3568 1381 3647 partu

57 3653 224 3722 artificiali
247 3653 374 3720 attendi
398 3653 503 3721 debet.
535 3653 754 3720 Nihilominus
769 3675 823 3720 res
839 3675 904 3720 non
919 3656 967 3720 ita
984 3656 1075 3719 certa
1091 3656 1155 3730 est;
1180 3673 1283 3734 quare
1306 3657 1381 3737 post

58 3749 191 3828 partum
231 3747 283 3809 est
321 3744 426 3808 denuo
465 3745 525 3809 sub
563 3743 750 3809 condicione
786 3743 1002 3827 baptizandus
1041 3741 1141 3809 etiam
1178 3741 1288 3808 foetus
1326 3743 1382 3808 ille

58 3834 122 3916 qui,
149 3832 292 3898 nondum
315 3853 477 3915 egressus,
502 3832 654 3899 videatur
677 3837 766 3898 certo
781 3833 816 3897 in
838 3833 909 3916 ipso
934 3832 1042 3916 capite
1065 3832 1197 3897 ablutus
1221 3851 1309 3897 esse:
1334 3831 1382 3898 ita

57 3921 193 4092 {fini}
211 3921 404 4077 dindimi
429 3920 667 4088 {3111131511794
689 3925 723 3987 et
746 3922 778 3986 in
795 3923 924 3990 Medici.
952 3925 992 3987 16
1008 3920 1106 3987 Mart.
1126 3922 1222 3986 1897.
1259 3921 1315 3986 lb.
1340 3943 1381 3988 m.

148 4117 188 4184 R.
214 4120 244 4184 3.
292 4118 369 4183 Cum
402 4117 569 4201 probabile
604 4117 648 4182 sit
677 4117 801 4182 foetum
832 4114 945 4180 statim
976 4136 996 4180 a
1027 4115 1240 4200 conceptione
1271 4116 1382 4182 anima

58 4206 214 4276 rationali
245 4206 382 4272 animari
412 4205 549 4288 ideoque
581 4206 803 4271 essentialiter
833 4225 905 4269 esse
935 4204 1114 4281 hominem,
1148 4205 1257 4270 foetus
1281 4205 1381 4271 etiam

57 4298 220 4373 minimus,
246 4296 286 4361 de
309 4295 401 4360 cuius
424 4294 642 4362 exstinctione
666 4295 718 4359 vel
736 4294 972 4379 putrefactione
995 4315 1059 4359 non
1082 4292 1213 4358 indubie
1238 4300 1380 4372 constat,

57 4385 275 4472 baptizandus
299 4389 351 4451 est
374 4386 434 4450 sub
458 4384 656 4450 condicione.

146 4493 186 4559 R.
212 4494 243 4557 4.
290 4491 412 4556 Verum
441 4512 514 4557 cum
544 4493 752 4556 membranae
776 4490 852 4555 illae
880 4488 996 4571 quibus
1019 4490 1127 4556 foetus
1152 4488 1425 4564 circumvolvi-oe

56 4591 111 4650 tur
141 4603 208 4648 uon
239 4579 305 4646 sint
335 4581 487 4664 propriae
515 4585 627 4664 partes
650 4580 776 4657 foetus,
805 4579 902 4645 valde
927 4579 1044 4672 dubius
1067 4583 1118 4645 est
1140 4579 1323 4662 baptismus
1346 4578 1380 4644 iu

55 4696 118 4740 ovo
142 4673 287 4738 humano
311 4691 375 4735 non
399 4674 513 4754 aperto
545 4670 695 4737 collatus.
742 4670 826 4734 Hinc
849 4672 980 4734 tantum
1010 4668 1197 4736 sitimctur
1228 4689 1269 4734 ne
1293 4669 1380 4735 forte
