3044 5174
474 276 592 330 Materia
610 277 748 346 proxima:
767 304 803 314 -
822 275 971 331 Confessio.
1319 281 1382 345 199

80 453 177 519 inhoc
200 473 281 518 casu
305 473 426 517 novum
449 451 578 516 omnino
602 456 773 534 peccatum
798 451 947 529 habetur,
972 451 1069 534 idque
1085 453 1152 518 tale
1176 453 1215 518 de
1240 474 1303 535 quo
1327 474 1385 518 eur

77 543 240 624 interroget
264 540 482 607 confessarius
506 561 606 624 saepe
629 541 789 606 rationem
813 561 949 623 gravem
973 541 1103 607 habeat.

359 731 594 798 CONFESSIO
618 731 1082 800 CIRCUMSTANTIARUM.

626 899 736 966 Casus.
757 907 833 976 (100)

10 1093 12 1103 t
143 1040 341 1111 Xenocrates,
364 1040 410 1116 qui
433 1059 499 1098 cum
521 1040 629 1099 ancilla
650 1040 707 1099 sibi
729 1044 857 1116 cognata
872 1046 942 1100 voto
958 1041 1107 1100 castitatis
1123 1041 1215 1116 ligata
1236 1042 1383 1118 peccavit,

10 1117 13 1127 '
68 1119 146 1180 liliam
166 1139 236 1180 cum
256 1120 367 1179 famulo
388 1138 512 1197 peccare
532 1139 640 1196 passus
662 1126 717 1190 est,
739 1121 913 1197 parentibus
933 1120 1102 1190 maledixit,
1125 1122 1168 1179 sio
1190 1141 1222 1181 se
1244 1127 1382 1182 accusat:

69 1201 94 1258 de
111 1206 238 1278 peccato
260 1200 395 1260 luxuriae
416 1220 481 1259 cum
503 1201 601 1277 puella
622 1201 792 1272 commisso,
815 1200 850 1260 de
872 1201 930 1259 alio
951 1206 1074 1276 peccate
1095 1201 1231 1261 luxuriae
1252 1221 1311 1262 non
1331 1203 1384 1262 im·

66 1280 162 1356 pedite,
185 1300 255 1340 cnm
275 1280 415 1356 impedire
435 1280 575 1358 potuerit,
598 1280 633 1339 de
649 1281 715 1340 odio
731 1286 834 1341 contra
848 1281 1029 1358 proximum
1050 1300 1162 1358 pravas
1183 1282 1383 1357 cogitationes

65 1361 216 1422 confitetur
236 1380 297 1421 non
317 1361 460 1432 iudicans,
481 1361 547 1438 ipso
562 1359 613 1418 die
629 1360 842 1420 communionis
864 1367 894 1420 et
907 1361 938 1419 in
959 1361 1086 1421 ecclesia
1100 1381 1133 1421 se
1148 1361 1185 1421 iis
1199 1362 1382 1435 inhaesisse;

66 1442 182 1501 amicum
203 1460 299 1518 nuper
319 1440 496 1513 inebriavit,
525 1445 558 1500 ut
587 1459 625 1499 ex
646 1460 682 1499 eo
707 1445 854 1500 secretum
882 1441 998 1516 aliquod
1027 1443 1212 1513 extraheret,
1242 1443 1318 1519 quod
1339 1443 1384 1502 ita

64 1522 216 1582 confitetur
236 1527 270 1581 ut
291 1521 371 1580 dicat
391 1539 425 1580 se
445 1521 476 1579 in
497 1521 671 1598 apponendo
693 1521 760 1580 aliis
781 1521 851 1581 vino
872 1521 1031 1597 largiorem
1052 1521 1153 1582 fuisse.

63 1634 235 1705 Qusrmrua
257 1637 286 1694 1ο
306 1654 450 1711 quaenam
472 1636 534 1695 sint
547 1635 788 1695 circumstantiae
802 1636 982 1713 principales
998 1637 1126 1713 speciem
1140 1643 1290 1698 mutantes
1308 1657 1383 1715 quas

307 1721 445 1792 peccator
465 1716 496 1774 in
518 1716 703 1776 confessione
725 1717 890 1793 exprimere
912 1718 1026 1777 debeat.

254 1814 285 1872 2θ
304 1813 373 1889 quid
395 1814 430 1873 de
452 1814 621 1873 Xenocrate
643 1811 764 1889 eiusque
786 1814 973 1874 confessione
995 1815 1035 1873 sit
1055 1814 1252 1875 iudicandum.

652 1996 788 2064 Solutio.

10 2205 12 2210 ,
143 2140 198 2205 An
222 2158 413 2214 qunnsrruu
440 2140 477 2203 lm
500 2139 538 2203 R.
566 2141 593 2204 1.
641 2139 912 2206 Circumstantiae
935 2160 1019 2224 quae
1043 2139 1226 2223 generatim
1249 2139 1445 2206 morali-340

55 2231 158 2295 tatem
183 2231 279 2293 actus
302 2231 426 2310 augent
448 2228 501 2292 vel
526 2232 655 2294 mutant
671 2227 741 2293 sive
764 2229 797 2293 in
813 2230 932 2295 bonam
948 2229 1018 2294 sive
1041 2229 1074 2293 in
1098 2230 1218 2294 malam
1241 2234 1380 2313 partem,

55 2317 88 2382 in
110 2321 208 2401 parte
231 2316 378 2399 generali
401 2316 587 2398 theologiae
610 2317 743 2382 moralis
767 2323 1000 2385 enumerantur
1023 2319 1083 2384 hoc
1107 2318 1285 2384 versiculo:

273 2446 362 2513 ‚Quia
381 2448 453 2517 quid,
473 2448 527 2512 ubi,
546 2449 643 2532 quibus
662 2448 780 2514 auxiliis,
800 2467 856 2513 cur,
876 2449 1016 2517 quemodo,
1035 2450 1168 2519 quando“,

53 2565 102 2630 ita
126 2569 164 2631 ut
191 2563 223 2646 l)
247 2584 388 2647 persona
411 2586 523 2648 agens,
549 2564 582 2646 2)
606 2565 638 2629 id
663 2564 750 2630 circa
774 2565 859 2647 quod
875 2565 995 2646 agitur,
1021 2566 1055 2648 3)
1078 2567 1179 2643 locus,
1204 2569 1239 2648 t)
1263 2565 1380 2643 media,

51 2655 89 2736 5)
112 2653 205 2730 finis,
237 2654 272 2733 6)
295 2654 426 2731 modus,
459 2656 493 2735 7)
517 2658 646 2737 tempus
676 2653 851 2736 aliquando
875 2654 1051 2738 specialem
1075 2656 1235 2722 malitiam
1260 2657 1381 2723 consti-

54 2748 149 2809 tuere
171 2741 309 2827 possint.
356 2742 557 2825 Quamquam
581 2743 752 2808 fatendum
777 2748 828 2809 est
852 2746 1109 2810 circumstantiae
1132 2765 1197 2810 non
1220 2745 1304 2810 sumi
1327 2766 1381 2811 so·

54 2832 123 2896 lum
147 2851 246 2897 sensu
269 2832 400 2915 proprio
424 2836 458 2897 et
481 2836 637 2897 accurato
661 2853 720 2915 pro
735 2832 776 2897 iis
792 2852 876 2915 quae
893 2834 1047 2898 accedunt
1069 2834 1110 2898 ad
1135 2838 1229 2899 actus
1251 2834 1382 2900 morali·

52 2925 160 2988 tatem
184 2919 250 2985 iam
273 2920 405 2986 aliunde
428 2921 651 2997 constitutam,
676 2922 731 2986 sed
749 2942 808 3005 pro
825 2921 1023 3003 quibuslibet
1038 2922 1281 2988 condicionibus
1296 2944 1381 3004 quae

50 3010 125 3075 sive
148 3008 277 3075 obiecto
299 3009 370 3075 sive
393 3009 505 3091 agenti
528 3011 671 3075 nondum
701 3032 744 3075 ex
767 3031 840 3076 sese
863 3015 1069 3094 competunt,
1100 3032 1139 3076 ac
1162 3011 1255 3095 proin
1279 3012 1380 3077 etiam

51 3119 113 3184 pro
150 3098 191 3163 iis
223 3098 465 3164 condicionibus
498 3119 582 3182 quae
614 3099 835 3165 moralitatem
869 3121 928 3165 seu
960 3100 1119 3166 malitiam
1152 3104 1246 3166 actus
1274 3103 1381 3184 priato

48 3191 257 3254 constituunt.

144 3294 184 3360 R.
210 3296 240 3360 2.
287 3295 415 3376 Modus,
440 3294 493 3376 qui
516 3293 569 3359 hic
593 3294 846 3360 considerandus
870 3299 937 3373 est,
963 3295 1105 3361 maxime
1128 3295 1268 3361 sumitur
1291 3315 1381 3359 erro·

50 3405 116 3449 nea
141 3382 342 3450 conscientia
365 3388 464 3465 atque
488 3383 688 3460 scandalum,
714 3405 755 3449 ex
780 3385 896 3467 quibus
912 3390 1084 3468 peccatum
1108 3383 1229 3465 alioqui
1252 3383 1380 3449 veniale

49 3472 198 3539 evadere
220 3476 332 3556 potest
354 3472 503 3537 mortale.

145 3562 256 3645 Finis,
289 3560 415 3626 scilicet
445 3561 668 3638 extrinsecus,
701 3561 756 3644 qui
781 3561 814 3626 in
839 3562 949 3644 eliqua
980 3562 1108 3627 actione
1135 3560 1315 3628 intenditur
1345 3565 1379 3627 et

51 3650 145 3718 actui
182 3648 216 3714 in
253 3670 290 3715 se
328 3655 478 3734 spectato
516 3650 764 3733 superadditur,
804 3651 832 3715 si
863 3655 915 3717 est
946 3650 1094 3733 graviter
1125 3652 1249 3729 malus,
1289 3655 1379 3716 certo

50 3741 86 3806 in
117 3739 325 3805 confessione
354 3738 493 3822 exprimi
524 3740 638 3814 debet,
674 3740 744 3804 sive
777 3739 864 3806 actio
894 3740 928 3804 in
960 3761 996 3804 se
1028 3744 1178 3822 spectata
1208 3740 1297 3805 mala
1329 3745 1381 3807 est

50 3830 126 3895 sive
148 3849 224 3894 non.

145 3919 258 3984 Medio
281 3918 444 3999 adhibito,
468 3916 495 3982 si
520 3938 603 3999 quae
626 3917 791 4001 propriam
816 3918 938 3983 habent
961 3917 1139 3995 malitiam,
1165 3938 1184 3982 a
1208 3916 1281 3981 finis
1304 3937 1380 4000 pro-

50 4006 224 4073 secutione
254 4005 459 4083 distinctam,
491 4006 686 4089 explioanda
717 4028 790 4071 esse
825 4010 934 4090 patet;
971 4006 1053 4071 alias
1084 4007 1205 4072 sufficit
1236 4006 1380 4072 indicare

50 4096 158 4181 ipsius
180 4095 254 4160 finis
277 4095 546 4178 prosecutionem.

149 4185 284 4270 Tempus
314 4190 349 4251 et
370 4188 456 4251 boue
478 4184 652 4267 aliquando
683 4184 856 4268 specialem
887 4184 1047 4250 malitiam
1080 4184 1201 4249 inferre
1231 4188 1379 4266 possunt,

51 4274 81 4340 si
105 4273 218 4357 agitur
241 4274 281 4339 de
311 4277 459 4357 tempore
482 4273 535 4337 vel
565 4274 636 4338 loco
667 4294 779 4351 sacre,
813 4273 904 4338 cuius
935 4273 1140 4339 reverentiae
1171 4278 1263 4338 certa
1293 4273 1378 4338 actio

50 4366 227 4447 repugnat.

142 4453 233 4518 Ante
256 4451 365 4517 omnia
387 4456 497 4517 auten]
522 4450 788 4517 circumstantiae
812 4453 941 4516 erobiecti
964 4454 998 4516 et
1014 4451 1122 4515 obiecti
1146 4450 1285 4516 actionis
1305 4470 1379 4532 spe·

50 4542 172 4609 cialem
203 4540 325 4606 inferre
357 4546 495 4625 possunt
526 4541 704 4613 malitiam,
737 4541 769 4605 id
802 4541 887 4622 quod
920 4539 1083 4605 indicatur
1106 4561 1165 4622 per
1200 4539 1308 4621 ,quis“
1345 4542 1380 4604 et

55 4631 188 4715 ,quid“.
219 4629 304 4695 Illud
331 4629 445 4713 ,quur
471 4651 535 4695 non
559 4632 664 4695 solum
687 4629 765 4696 dicit
781 4650 849 4694 rem
872 4650 984 4712 presse
1007 4633 1181 4712 sumptam,
1207 4626 1379 4693 sedetiam
