3044 5174
344 296 447 352 Missae
466 296 620 352 celebratio.
639 327 676 336 -
694 297 857 353 Observatio
876 298 1055 352 rubricarum.
1296 304 1357 367 159

119 472 219 543 Alias,
240 493 297 549 que
318 473 423 532 melius
444 493 477 533 se
499 493 517 533 8
538 473 731 534 distractione
746 479 776 533 et
791 473 886 533 dubiis
900 474 1014 545 liberet,
1036 474 1115 534 inter
1136 474 1358 549 genuflexiones

72 572 165 629 nsque
190 552 325 613 actiones
348 553 488 614 continuo
517 554 623 614 miscet
650 574 754 632 preces
781 553 988 626 iaculatorins,
1017 575 1093 631 quse
1117 560 1217 615 temen
1239 574 1357 614 sensum

72 632 155 691 nonis
176 633 289 693 missae
309 635 397 711 plane
417 633 612 705 intercidunt;
642 637 735 694 verba
756 635 988 694 consecrationis
1016 654 1081 694 eum
1102 635 1133 693 vi
1153 641 1184 694 et
1203 654 1277 695 voce
1298 655 1357 694 non

72 713 179 773 >missa
200 713 383 790 pronuntiat,
405 719 439 773 ut
459 714 585 774 ministri
608 715 709 774 audire
731 722 761 774 et
781 714 925 775 rationem
946 715 1068 775 reddere
1089 715 1213 792 possint.
1260 731 1263 736 ·

72 837 211 879 sumnus
233 821 263 878 1⁰
276 819 404 878 liceatne
418 818 449 879 iu
464 817 556 878 missa
571 819 681 895 aliquid
696 819 804 879 addere
818 819 867 879 vel
882 819 980 879 aliena
994 820 1147 880 recitando
1161 820 1357 896 interponere.

231 909 261 968 2⁰
281 908 426 985 quodnam
448 908 489 967 eit
508 913 699 986 praeceptum
720 928 824 968 vocem
846 908 963 968 diverso
983 909 1070 969 modo
1091 908 1267 970 modulandi.

232 999 263 1057 3ο
283 996 352 1073 quid
372 997 403 1056 in
426 996 522 1056 dubiis
542 997 622 1057 iutra
642 997 763 1057 missam
785 997 1008 1058 occurrentibus
1029 997 1094 1057 fieri
1115 999 1230 1058 debeat.

227 1088 259 1144 1ο
279 1092 376 1145 utrum
397 1086 569 1146 lldeinradus
590 1091 670 1146 recte
692 1087 787 1163 egerit
807 1106 846 1147 an
867 1106 963 1148 secus.
1004 1150 1009 1162 ,

627 1270 762 1337 Salutio.

117 1403 172 1469 Ar>
195 1423 388 1480 qoansrruu
414 1405 451 1468 1¹¹
473 1402 512 1470 R.
540 1406 568 1470 1.
614 1403 667 1468 Ex
690 1403 871 1470 intentione
893 1403 1066 1470 inducendi
1089 1404 1165 1470 novi
1188 1405 1272 1471 ritus
1295 1406 1355 1473 811·
1365 1415 1417 1469 274

72 1493 104 1559 id
128 1493 252 1560 addere
275 1497 327 1559 eet
349 1491 498 1574 graviter
520 1492 794 1576 peccaminosum,
819 1515 891 1559 curn
908 1494 947 1560 de
964 1515 1000 1559 re
1016 1499 1136 1577 agatur
1158 1495 1355 1578 gravissima

84 1582 305 1648 sanctissima.
345 1582 376 1648 S.
400 1581 518 1666 Alph.
543 1582 599 1660 Vl,
624 1585 700 1648 411.

117 1680 157 1748 R.
182 1683 212 1747 2.
251 1679 305 1744 Ex
327 1679 515 1762 importuna
538 1679 712 1747 devotione
735 1679 857 1763 aliquid
881 1680 1001 1746 addere
1024 1702 1044 1756 8
1068 1684 1178 1747 cetero
1201 1681 1265 1749 ritu
1290 1704 1355 1749 non

72 1790 170 1836 enum
194 1774 363 1851 tamquam
379 1768 421 1834 ad
444 1767 543 1834 ritum
559 1774 722 1853 spectans,
746 1791 778 1838 v,
795 1790 827 1852 g.
844 1771 987 1852 aliquam
1003 1771 1354 1851 commemorationem,

72 1880 92 1924 n
116 1858 248 1924 excedit
270 1857 409 1924 veniale.
439 1857 523 1924 Itid.

117 1947 157 2014 R.
175 1951 206 2015 3.
237 1947 450 2031 Interponens
466 1946 608 2029 aliquam
630 1945 867 2015 oratiunculam
883 1947 1119 2026 iaculatorinm,
1145 1969 1209 2031 quo
1224 1952 1354 2034 tempus

72 2036 194 2104 tionum
217 2036 385 2103 ritualium
408 2036 591 2118 expleatur,
616 2057 680 2102 non
704 2041 755 2103 est
777 2037 1054 2121 peccaminosum,
1079 2059 1151 2104 cum
1175 2059 1270 2104 nemo
1294 2039 1353 2105 has

72 2174 76 2191 .
105 2130 220 2193 nectet
242 2146 315 2191 cum
339 2124 490 2209 precibus
512 2124 674 2208 liturgicis
697 2129 734 2191 ut
756 2147 829 2191 cum
852 2126 892 2192 iis
915 2126 948 2191 in
978 2148 1077 2192 unum
1106 2147 1164 2193 088
1187 2127 1269 2194 velit
1298 2149 1352 2194 co-

72 2235 184 2281 ucere.
230 2214 353 2280 Verum
383 2213 499 2280 melius
522 2219 575 2280 est
602 2235 659 2280 ess
682 2223 782 2281 100010
803 2215 946 2282 retinere
970 2237 1066 2298 quam
1091 2237 1171 2282 voce
1193 2218 1351 2302 proferre,

72 2305 170 2372 rxime
193 2304 222 2369 si
244 2306 304 2370 fiat
326 2303 481 2385 frequens
503 2303 654 2388 prolatio.

117 2393 167 2460 R..
182 2397 213 2459 4.
245 2393 336 2459 Inter
358 2391 488 2475 longius
510 2391 652 2477 spatium
676 2391 824 2469 liberum,
848 2392 924 2459 dum
949 2392 1066 2458 chorus
1089 2398 1205 2462 cantat
1227 2397 1349 2479 Gloria,

72 2485 140 2566 adq
166 2481 295 2560 similia,
320 2481 402 2548 aliae
418 2501 532 2565 preces
554 2481 694 2548 recitare
709 2481 763 2547 vel
785 2481 872 2548 inter
893 2480 1108 2547 ministerium
1126 2482 1351 2550 811801801ιί01-

72 2594 131 2638 um
165 2573 198 2637 in
228 2571 328 2636 missa
356 2569 507 2636 sollemni
535 2571 584 2636 ite
614 2570 723 2637 lacere
753 2591 773 2636 8
796 2570 828 2637 S.
852 2569 891 2637 a.
917 2570 950 2638 C.
982 2570 1111 2654 quidem
1140 2572 1350 2656 reprobatum

72 2667 176 2727 tamen
192 2664 364 2744 peceatum
381 2659 510 2744 proprie
526 2659 646 2727 dictum
664 2680 728 2724 non
748 2659 931 2743 putaverim
955 2660 1080 2727 adesse.
1105 2699 1149 2708 —
1171 2662 1352 2728 Laeroix

72 2752 90 2828 1,
123 2754 161 2829 2,
191 2772 223 2816 n.
248 2752 313 2815 430
336 2749 417 2814 haee
448 2749 542 2814 dicit:
577 2749 669 2828 ,Non
700 2753 852 2832 peccaret
882 2749 937 2833 qui
967 2749 1027 2815 sub
1056 2748 1154 2832 longo
1184 2756 1282 2817 cautu
1310 2752 1351 2817 ad

72 2842 141 2905 orio
166 2842 200 2905 et
225 2840 326 2904 Credo
348 2838 497 2904 modeste
520 2842 631 2903 oraret
653 2836 815 2904 vocaliter
844 2843 903 2905 aut
927 2838 1026 2903 etiam
1049 2838 1206 2906 recitaret
1229 2861 1351 2923 parvas

72 2950 124 2994 ras
149 2948 231 3011 quus
254 2932 347 2994 tenet
370 2927 555 2993 memoria.“

114 3017 155 3085 R.
181 3020 211 3084 5.
257 3016 465 3082 Indecentius
487 3015 568 3081 haee
592 3017 673 3081 fiunt
689 3036 710 3081 8
725 3015 923 3095 celebrante,
948 3015 1022 3081 dum
1040 3020 1194 3082 cantetur
1210 3017 1350 3101 epistola

72 3107 78 3171 Ι
102 3105 329 3189 evangelium,
360 3104 503 3171 maxime
526 3109 694 3188 assumpto
717 3105 844 3180 libello;
875 3125 980 3187 neque
1002 3105 1036 3170 id
1059 3126 1176 3172 censeo
1200 3107 1241 3171 ab
1265 3107 1351 3172 omni

72 3199 163 3262 00810
187 3194 307 3261 veniali
329 3193 565 3261 irreverentiae
582 3215 653 3259 esse
669 3194 820 3272 immune,
845 3193 906 3259 uisi
923 3199 1041 3276 urgeat
1057 3215 1137 3260 vera
1160 3195 1349 3262 necessitas.

115 3308 509 3385 tenuissumas.
536 3312 564 3374 1.
611 3308 732 3390 Aliqua
761 3308 792 3373 in
823 3307 999 3374 recitandis
1028 3308 1178 3392 precibus
1208 3318 1412 3392 pronun-275

72 3398 173 3466 tionis
197 3397 363 3464 distinctio
387 3419 407 3463 8
430 3397 568 3463 rubricis
591 3397 834 3480 praescribitur,
859 3418 931 3462 cum
955 3398 1113 3479 quaedam
1138 3398 1225 3476 8118,
1250 3418 1349 3482 quae-

72 3511 100 3554 m
125 3487 290 3566 mediocri,
316 3487 476 3570 quaedam
500 3486 641 3552 demissa
665 3507 746 3552 voce
769 3507 828 3552 seu
851 3489 978 3552 secreto
995 3486 1134 3570 proferri
1157 3486 1348 3554 iubeantur:

72 3599 109 3644 se
133 3577 283 3642 rubricae
306 3576 440 3642 violatio
464 3576 645 3657 generatim
669 3597 734 3641 non
757 3575 887 3640 excedit
910 3581 1079 3659 peecatum
1103 3575 1242 3645 veniale.

115 3675 154 3740 R.
180 3677 210 3740 2.
251 3674 283 3740 Si
308 3694 387 3740 vero
410 3672 521 3755 aliqua
545 3672 710 3738 distinctio
734 3677 896 3749 servatur,
921 3672 1049 3739 etiamsi
1073 3694 1140 3739 vox
1163 3695 1221 3757 per
1243 3678 1349 3741 totam

72 3786 161 3831 seam
178 3766 379 3849 deprimitur,
404 3761 495 3828 nulla
510 3765 561 3827 est
577 3762 777 3828 rubricarum
795 3761 947 3839 violatio;
971 3763 1069 3827 immo
1087 3763 1216 3846 quando
1239 3764 1350 3847 plures

86 3853 202 3919 eodem
232 3852 303 3918 loco
327 3852 510 3928 celebrant,
542 3851 675 3916 Missale
698 3872 854 3935 expresse
882 3856 993 3917 mouet
1023 3851 1122 3918 etiam
1146 3853 1177 3917 in
1202 3852 1242 3918 iis
1265 3874 1350 3935 quae

72 3966 95 4010 8
118 3963 200 4007 voce
223 3941 390 4017 dicuntur,
420 3962 534 4006 vocem
558 3940 606 4006 ita
629 3962 701 4006 esse
725 3940 956 4006 moderandam
981 3945 1018 4007 ut
1041 3941 1122 4007 alios
1146 3942 1349 4008 celebrantes

73 4033 196 4098 ebrans
219 4052 284 4097 non
307 4032 486 4114 perturbet.
525 4031 556 4095 S.
581 4030 629 4095 Al
637 4031 697 4114 ph.
722 4030 778 4109 VI,
804 4032 868 4095 413
885 4052 967 4113 sqq,
993 4030 1045 4095 ubi
1070 4032 1252 4098 afferuntur
1275 4053 1349 4096 sen·

72 4121 152 4188 11180
174 4119 316 4185 maxime
339 4119 400 4184 sibi
425 4119 618 4186 contrariae.

113 4211 154 4276 R.
178 4213 207 4277 3.
240 4209 268 4273 Ε
292 4210 455 4275 contrario
480 4230 558 4272 vero
582 4229 621 4273 ea
645 4229 728 4290 quae
751 4212 878 4275 secreto
901 4208 1097 4291 proferenda
1120 4214 1195 4274 sunt
1220 4209 1349 4274 omnino

72 4322 94 4366 8
118 4319 199 4366 voce
222 4298 379 4375 recitare,
410 4298 437 4363 si
460 4300 498 4364 fit
528 4319 586 4382 per
616 4297 792 4364 notabilem
823 4303 951 4381 partem
981 4298 1174 4382 praesertim
1204 4299 1347 4374 canonis,

72 4393 75 4455 ζ
91 4389 192 4455 etiem
208 4387 241 4453 in
257 4388 329 4453 sola
345 4387 600 4464 consecratione,
616 4386 647 4451 id
668 4387 807 4453 mortale
824 4393 993 4471 peccatum
1007 4391 1174 4453 censetur:
1193 4386 1223 4452 S.
1238 4388 1347 4471 Alph.

80 4529 87 4556 ,
113 4479 195 4548 416:
230 4477 283 4559 qui
309 4481 419 4543 180080
444 4477 483 4542 ad
509 4476 771 4542 constituendum
795 4481 965 4559 peccatum
990 4476 1129 4541 mortale
1153 4476 1289 4557 requirit
1312 4483 1349 4542 ut

72 4569 126 4633 rba
151 4566 192 4633 ad
216 4569 259 4631 40
283 4588 399 4648 pessus
422 4566 607 4644 audientur,
634 4566 718 4648 quod
735 4566 895 4630 neminem
914 4565 973 4629 nisi
990 4568 1100 4630 mente
1124 4566 1349 4648 0801001180-

72 4679 133 4723 ·οω
157 4677 229 4722 esse
252 4655 309 4721 811.
