3044 5174
103 377 360 521 5erle
373 395 407 434 ⁸⁰
424 378 501 451 ”⁹¹⁸
516 376 546 433 ¹³·
563 374 712 449 ΜΕ
731 375 895 450 emmiu
913 377 1024 435 orara
1042 377 1181 450 mecei,
1199 375 1335 452 retingi
1353 373 1430 435 nro-

210 489 218 522 ,
236 469 268 523 pr
313 468 322 505 ι
353 469 435 524 opus:

209 611 776 751 INSTITUTIONES
821 608 1328 762 THEOLOGIOAE

111 811 806 1108 siciliensi
871 938 1427 1106 neenneiln.

684 1229 853 1286 AUCTORE

468 1353 634 1423 rolris
657 1352 793 1422 niun.
818 1352 955 1424 sisse
979 1355 1010 1423 s.
1034 1357 1066 1424 J.

274 1539 336 1582 (11111
350 1502 576 1582 ΑΡΡΒΟΒΔΤ1011Ε
591 1537 657 1581 BEV.
670 1537 726 1581 vic.
740 1537 804 1582 clP.
818 1536 956 1580 ruffinae.
969 1536 1006 1579 ll'l'
1019 1536 1120 1579 SUPER.
1135 1536 1261 1581 0111111118.

107 1688 283 1745 2volumina.
314 1691 351 1746 8⁰.
384 1688 512 1760 (xxxvl
531 1693 559 1744 et
579 1689 647 1746 1084
665 1689 704 1760 p.)
737 1688 873 1744 Pretium:
893 1691 931 1744 M.
946 1689 1070 1744 1520:
1084 1691 1133 1744 Fr.
1155 1673 1239 1753 l9;a
1257 1689 1337 1744 dorso
1355 1692 1430 1747 corio

559 1760 637 1830 relig.
655 1763 693 1816 M.
714 1761 793 1817 1920
812 1783 845 1807 =
864 1762 914 1815 Fr.
933 1761 977 1815 24.

110 1919 237 1975 Votum
252 1920 390 1990 premam:
407 1915 446 1975 lie
463 1915 653 2003 Saqraneutls
670 1915 700 1976 in
754 1930 829 1975 rere.
843 1949 876 1960 -
889 1916 928 1976 oe
945 1915 1095 1993 soporum
1108 1950 1141 1958 -
1154 1917 1192 1976 lle
1205 1918 1429 1978 destructione.

179 2021 213 2030 —
233 1988 271 2047 lie
289 1988 335 2047 ss.
354 1987 542 2047 Euchariston.
581 1989 658 2059 (XVI
676 1994 705 2045 et
740 1989 833 2062 9012.)
1344 2006 1347 2011 ·

107 2079 235 2134 Velamen
252 2081 376 2134 summ
406 2077 483 2149 Opus
500 2078 674 2148 posthumum
692 2094 759 2133 cura
772 2081 841 2146 Aup.
855 2077 1044 2133 memsuis,
1058 2078 1084 2133 J.
1115 2075 1153 2135 lle
1171 2077 1346 2145 Poenitentia
1365 2095 1427 2137 cnut

178 2147 387 2278 aaqqqgigiode
401 2146 666 2293 (lxrlquegefflebs
690 2146 728 2204 oe
753 2146 889 2206 ltxtrena
914 2146 1054 2205 duetore.
1081 2179 1114 2189 -
1140 2147 1178 2207 lie
1202 2147 1312 2207 Ordine.
1332 2182 1367 2192 —
1390 2152 1428 2209 De

196 2394 317 2450 Primum
330 2411 436 2451 omnem
448 2412 464 2448 c
484 2412 558 2450 eram
569 2393 598 2449 in
610 2395 638 2450 id
649 2395 782 2461 converti,
801 2398 833 2449 ut
845 2393 973 2462 dogmata
984 2394 1058 2461 fidei,
1075 2412 1145 2466 quse
1156 2401 1223 2452 sunt
1233 2397 1430 2470 principiorum

106 2466 195 2521 instar
212 2466 387 2537 prescientia
405 2412 566 2535 theologica,
585 2483 620 2522 ex
639 2466 760 2522 fontibus
772 2465 947 2521 revelationis
964 2467 1068 2522 invicte
1086 2468 1308 2525 demonstrarem.
1339 2469 1429 2534 Quare

106 2539 276 2606 argumentis
293 2555 329 2593 ex
340 2537 368 2593 S.
380 2537 520 2608 Scriptura
538 2536 703 2593 deducendis
720 2537 885 2608 peculiarem
903 2555 997 2592 curam
1015 2537 1126 2594 odhihni
1144 2544 1228 2610 atque
1244 2541 1360 2596 verbnm
1378 2543 1428 2598 Dei
1463 2601 1471 2614 ,

106 2609 345 2681 1ῐ6611ιιω,’ριοιι1
362 2610 390 2664 in
409 2604 532 2664 doetrina‘
551 2608 739 2675 coneffiorum,
757 2609 938 2664 Romanorum
957 2610 1128 2676 Pontificum,
1147 2611 1261 2667 Petrum
1279 2613 1428 2680 Ecclesiae,

106 2681 135 2736 in
146 2680 266 2750 liturgiis
278 2685 307 2736 et
318 2698 371 2736 usu
388 2681 517 2752 practico,
535 2679 564 2735 in
576 2681 752 2736 consensione
763 2680 958 2751 theologorum,
978 2681 1005 2735 in
1018 2699 1100 2737 sensu
1113 2686 1142 2737 et
1153 2701 1288 2739 consensu
1306 2684 1428 2742 fidelium

105 2769 137 2807 se
149 2752 314 2820 manifestat,
327 2750 472 2821 diligenter
485 2751 649 2808 examinavi.
678 2751 773 2823 Neque
785 2753 875 2808 minus
887 2753 961 2808 cordi
973 2753 1039 2808 mihi
1052 2754 1112 2819 init,
1125 2757 1157 2810 ut
1168 2758 1262 2826 partes
1272 2756 1428 2832 theologiae

107 2822 296 2891 scholasticae,
315 2841 386 2895 quae
403 2824 511 2894 quaerit
527 2823 697 2879 intellectum
716 2825 881 2894 dogmatum,
899 2824 1016 2880 sollicite
1035 2842 1207 2896 exsequerer.

158 2934 160 2938 ·
194 2896 256 2966 Hoc
268 2899 359 2952 eutem
377 2895 503 2950 methodo
521 2897 608 2951 totam
627 2899 655 2950 et
673 2895 806 2965 integram
826 2895 984 2962 doctrinam,
1003 2913 1084 2966 quam
1104 2914 1139 2952 ex
1174 2899 1291 2954 nendum
1308 2901 1426 2972 suscepi,

106 2966 264 3038 complexus
281 2985 357 3034 sum,
376 2969 416 3021 ite
433 2971 465 3022 ut
485 2968 531 3022 vix
550 2967 606 3022 ulla
625 2968 749 3037 quaestio
767 2967 882 3023 alicuius
900 2968 1029 3023 momenti
1047 2986 1064 3024 a
1081 2969 1147 3024 echo
1159 2969 1253 3026 reficis
1271 2973 1428 3026 unctoribus

106 3039 244 3111 proposita
263 3039 439 3094 desideretur.
487 3111 490 3116 Ι
1067 3056 1110 3108 (Ex
1123 3057 1267 3110 prestatione
1281 3059 1400 3111 unctoria.)

195 3158 216 3204 “.
240 3153 348 3208 ..The
373 3153 495 3208 doctrine
519 3153 544 3207 is
568 3151 672 3223 clearly
688 3154 733 3207 set
757 3151 845 3217 forth,
871 3153 925 3207 and
942 3153 1097 3209 references
1121 3158 1150 3210 to
1175 3155 1222 3210 tho
1240 3155 1356 3212 Pathers
1381 3176 1427 3213 ore

106 3242 251 3279 numerous
269 3227 322 3279 and
347 3225 492 3295 pertinent.
529 3224 560 3278 In
586 3224 657 3290 ieet,
682 3223 730 3278 the
748 3223 846 3279 author
863 3242 947 3279 never
965 3225 1089 3294 neglectu
1113 3226 1161 3280 the
1186 3227 1304 3297 positive
1321 3229 1381 3284 side
1400 3231 1430 3284 of

106 3295 149 3350 his
166 3297 294 3359 treatise,
319 3314 350 3364 ae
374 3296 421 3351 the
440 3295 573 3351 eruditiori
592 3295 733 3366 displayed
758 3295 925 3365 throughout
949 3296 996 3351 the
1015 3297 1090 3352 work
1116 3315 1182 3366 goes
1207 3303 1235 3353 tc
1253 3317 1346 3370 prove.
1367 3343 1373 3356 .
1394 3344 1400 3355 .
1421 3342 1427 3355 .

194 3368 253 3422 ‘Phe
277 3368 409 3423 divisione
426 3385 473 3422 are
492 3367 553 3422 well
572 3366 688 3439 mepped
706 3371 768 3433 ont,
793 3367 840 3422 the
857 3368 931 3439 style
949 3369 974 3423 ie
992 3368 1065 3424 clear
1081 3370 1135 3425 and
1154 3371 1277 3437 concise,
1301 3372 1355 3426 and
1381 3373 1428 3427 the

106 3437 193 3494 whole
213 3438 286 3493 worlr
305 3440 459 3494 commende
478 3437 555 3493 itseli
570 3442 599 3493 to
617 3457 634 3492 a
651 3438 786 3494 student’s
804 3439 945 3494 attention.
982 3438 1042 3495 One
1059 3440 1129 3496 risos
1146 3442 1215 3496 from
1235 3459 1252 3496 a
1270 3443 1380 3514 perusal
1400 3445 1430 3498 oi

106 3510 154 3565 the
172 3511 282 3565 various
309 3512 398 3581 points
423 3511 578 3576 discussed,
604 3510 671 3565 with
695 3526 712 3564 a
730 3510 799 3579 good
817 3510 879 3565 idea
897 3511 927 3565 oi
949 3511 997 3565 the
1022 3512 1144 3575 doctrine
1162 3515 1215 3568 and
1234 3532 1269 3569 on
1287 3515 1428 3570 abundant

106 3584 304 3651 acquaintance
322 3583 388 3636 with
407 3581 571 3650 theologicel
589 3599 605 3636 o
624 3581 721 3636 inion.”

305 3651 308 3659 '
633 3650 762 3693 edatholic
775 3650 911 3704 University
925 3651 1034 3697 Bulletin.
1061 3652 1217 3706 Washington
1232 3654 1291 3698 1819.
1317 3655 1358 3698 Nr.
1372 3658 1400 3709 2.)

198 3741 288 3808 ,G'est
299 3758 346 3796 sur
364 3740 391 3795 la
409 3741 499 3795 tomhe
518 3740 554 3795 dn
573 3739 603 3794 P.
623 3739 704 3795 Sasse
723 3740 788 3810 qn'il
808 3758 876 3796 nous
894 3741 955 3796 faut
973 3741 1087 3867 degcser
1104 3742 1202 3812 l'eloge
1220 3762 1273 3814 que
1286 3747 1384 3801 merite
1397 3765 1428 3802 ce

105 3815 202 3867 second
217 3818 245 3868 et
263 3814 370 3868 dernier
382 3812 490 3867 volume
508 3812 542 3866 de
554 3829 586 3866 sa
603 3811 739 3880 theologie
751 3813 970 3868 sacramentuire.
1025 3815 1131 3869 onfrere
1150 3819 1178 3870 et
1196 3817 1250 3871 emi
1268 3816 1304 3872 du
1322 3818 1427 3885 defunt,

104 3883 130 3939 le
150 3884 179 3940 P.
199 3882 367 3955 hehniltnhl,
394 3884 460 3938 dont
477 3884 505 3938 la
522 3882 669 3951 'theologie
687 3882 789 3938 morale
807 3887 850 3938 est
867 3884 1038 3956 aujourd’hni
1056 3903 1090 3939 en
1108 3887 1132 3941 si
1151 3889 1254 3956 grande
1272 3888 1385 3957 favenr,
1411 3908 1428 3945 a

105 3960 149 4010 616
162 3957 262 4025 charge
280 3956 314 4010 de
326 3954 473 4026 completor
490 3958 519 4009 et
537 3954 570 4008 de
588 3953 694 4080 gublier
712 3972 758 4009 ces
776 3955 897 4010 derniers
915 3957 1011 4011 truitts
1030 3956 1067 4011 du
1083 3957 1115 4013 P.
1128 3958 1217 4026 Sasse,
1237 3962 1265 4013 et
1282 3959 1301 4014 il
1321 3961 1358 4015 l'a
1376 3963 1428 4016 fait

104 4044 173 4082 avec
190 4030 258 4083 scin.
295 4028 355 4082 Une
373 4026 564 4096 cinquantsine
607 4030 732 4092 enotes,
758 4028 954 4082 modestement
978 4028 1120 4097 releguees
1139 4047 1175 4085 au
1199 4032 1248 4086 bos
1267 4031 1315 4087 des
1332 4050 1427 4103 peges,

104 4101 219 4154 sont‘de
236 4099 288 4164 lui3
308 4102 420 4171 partont
437 4097 463 4152 le
480 4102 558 4152 texte
576 4096 609 4152 de
627 4096 744 4152 l'antcur
762 4115 779 4152 a
797 4102 840 4153 ete
858 4098 1111 4170 scrupuleusement
1127 4105 1259 4173 respecte.

194 4171 233 4225 La
257 4172 294 4225 tin
319 4171 353 4225 de
378 4170 491 4225 l'oeuvre
516 4170 552 4224 dn
571 4169 602 4223 P.
621 4168 703 4224 Surae
721 4186 755 4223 ne
780 4169 806 4223 le
825 4170 890 4224 cede
915 4171 1027 4242 pointh
1050 4172 1079 4226 la
1103 4174 1236 4244 premiere
1273 4175 1343 4229 artie
1362 4173 1427 4231 dont

103 4259 173 4297 nous
185 4259 270 4297 avons
282 4242 368 4297 rendn
381 4244 487 4325 compte
500 4258 532 4295 en
551 4258 600 4296 son
619 4245 723 4312 temps;
742 4258 810 4296 nous
822 4259 841 4312 y
854 4245 1015 4297 retrouvons
1032 4241 1060 4298 lo
1078 4249 1166 4310 meme
1184 4191 1346 4301 sxmlltndo
1364 4244 1426 4303 doc·

104 4307 209 4368 trinnio
231 4313 258 4367 lu
270 4320 357 4369 meme
370 4310 511 4369 tradition
523 4316 695 4367 severement
706 4313 842 4368 contrtlee
855 4316 883 4368 et
895 4314 1119 4385 principalement
1130 4333 1183 4371 une
1196 4315 1273 4386 egale
1285 4315 1427 4390 limpidite

104 4381 137 4439 de
156 4353 291 4440 mdthotle.
329 4385 366 4440 Oe
384 4385 459 4440 scuci
478 4384 557 4438 d'une
576 4384 692 4455 perieite
711 4381 802 4440 clarit
821 4382 1004 4457 d’exposition
1023 4390 1067 4441 est
1083 4384 1145 4441 hien
1165 4389 1191 4443 le
1209 4393 1349 4443 caractere
1369 4407 1427 4461 per-

104 4454 198 4510 sonnel
217 4456 252 4510 du
266 4458 296 4511 P.
310 4457 404 4521 Sesse;
423 4474 488 4511 sons
506 4475 538 4509 ce
556 4474 587 4510 ra
624 4459 674 4515 ort.
693 4455 712 4509 il
731 4456 775 4511 n'a
793 4459 838 4511 616
856 4456 934 4526 63616
952 4473 1002 4527 por
1019 4474 1108 4512 aucun
1128 4459 1177 4514 des
1195 4461 1297 4528 grands
1315 4466 1427 4517 auteurs

105 4521 151 4596 qui
171 4525 218 4582 ont
236 4528 304 4582 ecrit
322 4533 407 4583 avant
425 4528 462 4583 lui
482 4527 605 4582 surlet
625 4526 730 4596 eologie
748 4528 967 4584 sacrementaire.
987 4571 993 4583 .
1014 4571 1020 4585 .
1040 4531 1063 4585 ,⁸

640 4599 727 4651 (Revne
741 4597 782 4639 des
796 4598 900 4640 Seleucea
914 4596 1104 4652 ecclesiaattques.
1132 4601 1188 4642 hille
1202 4601 1262 4645 iseo.
1289 4600 1400 4654 116413.)
