3044 5174
373 337 571 407 lmpcdimentc
590 336 756 392 matrimonii
774 337 944 393 dirimentis:
965 368 997 374 -
1017 337 1157 406 Ligamen.
1360 342 1424 405 543

185 511 406 578 Nihilominus
430 512 501 578 lieri
524 513 632 597 potuit
655 519 692 581 ut
714 515 822 580 malae
844 514 920 581 fidei
943 513 1072 596 quidem
1096 518 1186 580 esset
1208 513 1242 578 in
1265 534 1303 579 eo
1328 513 1423 596 quod,

93 601 204 667 sciens
226 599 411 667 huiusmodi
433 601 607 687 pandenda
630 623 713 682 esse,
737 605 821 670 bunc
838 603 945 686 legem
961 602 1128 669 Ecclesiae
1145 603 1295 681 violaret,
1319 624 1425 686 neque

93 695 210 758 tamen
233 696 322 757 esset
343 691 451 756 malae
474 689 548 756 fidei
571 691 605 757 in
629 712 667 758 eo
691 692 776 775 quod
800 713 873 758 cum
897 691 993 758 dubio
1014 690 1179 775 ligaminis
1193 691 1425 776 impedimento

95 800 218 845 novum
249 779 491 846 matrimonium
522 784 722 858 attentaret,
754 781 912 864 siquidem
942 785 978 847 in
1007 784 1215 869 persuasione
1244 789 1426 847 remeasse

92 871 232 954 potarat
252 868 358 934 virum
381 888 455 934 esse
477 868 677 937 defunctum.

185 993 241 1060 An
256 1012 448 1070 onnasrrnu
465 995 503 1059 2¹³²
520 993 559 1062 R.
579 997 607 1060 1.
640 994 688 1062 Ut
711 1016 732 1061 a
754 994 985 1062 matrimoniali
1001 993 1072 1062 vita
1087 995 1240 1061 Hilariae
1256 993 1424 1060 exordium
1434 1014 1454 1068 9·

95 1102 276 1162 sumamus,
300 1083 438 1150 multum
461 1081 600 1150 interest
623 1084 807 1162 advertere,
831 1082 918 1165 quod
940 1103 1018 1149 mcx
1041 1081 1110 1149 dixi
1133 1082 1173 1148 de
1188 1084 1276 1149 mala
1291 1083 1345 1148 vel
1361 1103 1425 1148 non

94 1170 186 1238 mala
217 1171 281 1237 fide
310 1170 344 1238 in
366 1170 509 1238 ineundo
538 1172 746 1239 matrimonio
776 1174 928 1239 secundo.
975 1172 1215 1254 Interroganda
1243 1172 1345 1255 igitur
1374 1175 1425 1238 cst

94 1258 215 1327 mulier
247 1281 305 1326 cur
334 1259 439 1326 vitam
471 1281 565 1326 suam
597 1261 737 1345 priorem
770 1267 870 1345 atque
901 1259 1144 1328 matrimonium
1177 1281 1249 1327 cum
1282 1260 1424 1327 Henrico

93 1348 229 1417 mendo
259 1349 391 1416 texerit.
438 1349 473 1416 si
496 1355 700 1434 compartum
730 1350 832 1419 inerit
861 1355 1036 1436 propterea
1059 1370 1132 1418 eam
1155 1350 1204 1418 ita
1228 1350 1352 1434 agisse,
1383 1370 1424 1416 ne

95 1437 186 1505 forte
209 1438 396 1505 constiterit
417 1458 478 1522 por
499 1439 666 1506 meliorem
689 1438 930 1522 inquisitionem
955 1440 995 1506 de
1012 1439 1083 1505 viro
1100 1439 1242 1506 nondum
1258 1439 1424 1513 defuncto,

96 1527 224 1595 censeri
255 1526 353 1594 debet
382 1529 490 1594 malae
519 1528 595 1595 fidei
625 1529 731 1611 quoad
762 1534 886 1597 statum
916 1550 1009 1595 suum
1034 1529 1188 1605 liberum;
1220 1528 1247 1595 si
1271 1549 1350 1594 vero
1372 1549 1425 1594 re·

95 1614 268 1701 sponderit
296 1637 333 1683 se
363 1615 403 1682 de
432 1616 542 1684 mariti
572 1622 678 1685 morte
701 1640 766 1683 non
790 1618 973 1696 dubitasse,
1002 1639 1038 1683 se
1060 1617 1209 1685 timuisse
1237 1621 1424 1694 tamenne,

95 1705 217 1772 notitia
246 1705 287 1771 de
316 1705 425 1790 priore
454 1706 526 1772 vita
556 1708 649 1786 data,
680 1728 829 1774 rumores
852 1707 1077 1775 excitarentur
1100 1711 1199 1791 atquc
1221 1707 1294 1792 ipsa
1316 1707 1426 1773 famae

96 1794 330 1862 detrimentum
360 1799 546 1879 pateretur,
577 1797 768 1863 sumendum
797 1802 849 1864 est
880 1797 1038 1863 Hilariam
1069 1799 1155 1863 circo
1185 1819 1276 1861 saura
1307 1803 1425 1861 stabim⁴

95 1886 232 1950 liberum
254 1884 288 1950 iu
310 1886 397 1952 bona
419 1885 483 1950 fide
506 1884 684 1954 exstitisse.

185 1999 226 2067 R.
252 2003 282 2067 2.
330 1999 364 2067 Si
393 1999 495 2084 igitur
519 1999 646 2068 Hilaria
670 2002 711 2069 de
734 2007 840 2070 morte
863 2001 998 2067 Henrici
1022 2001 1120 2068 dubia
1141 2000 1349 2067 nihilominus
1372 2020 1425 2065 se·

95 2088 239 2154 cundum
268 2089 510 2156 matrimonium
541 2091 739 2168 attentavit,
770 2091 924 2173 quamdiu
955 2090 1053 2157 dubia
1082 2095 1194 2156 manet
1223 2091 1263 2156 de
1290 2088 1424 2155 Henrici

95 2182 218 2254 morte,
242 2177 391 2260 graviter
413 2183 530 2262 peccat
552 2180 655 2247 vitam
680 2180 883 2263 coniugalem
907 2186 1023 2264 sponte
1048 2179 1229 2246 exercendo
1253 2200 1311 2245 seu
1335 2178 1423 2245 dabi-

93 2272 165 2332 tum
198 2266 369 2350 coniugale
399 2268 557 2353 petendo;
588 2291 701 2336 verum
733 2269 828 2338 alteri
852 2269 1015 2335 innocenti
1039 2270 1158 2336 marito
1181 2269 1327 2335 debitum
1350 2269 1424 2334 red·

95 2355 175 2423 dere
210 2355 324 2436 debet,
360 2358 531 2439 quamdiu,
568 2358 659 2426 facta
690 2381 749 2443 pro
782 2358 1000 2444 possibilitate
1030 2357 1257 2440 inquisitione,
1293 2358 1423 2424 dubium

93 2449 297 2529 perseverat.

186 2561 225 2626 R.
250 2565 281 2629 3.
327 2561 361 2627 si
392 2582 471 2629 vero
501 2564 535 2628 in
564 2565 650 2630 bona
679 2563 742 2630 fide
772 2563 900 2630 Hilaris
930 2569 1003 2631 erat
1032 2564 1073 2629 de
1101 2584 1161 2628 suc
1191 2568 1281 2630 statu
1311 2563 1423 2635 libero,

94 2653 230 2716 tenemur
253 2649 381 2732 quidem
405 2651 505 2718 etiam
527 2657 644 2737 postea
667 2653 830 2736 inquirere
853 2674 931 2719 num
954 2674 1071 2720 revera
1091 2652 1253 2719 Henricns
1276 2657 1424 2719 mortuus

95 2739 157 2817 sit,
189 2738 256 2819 ssd,
288 2740 384 2806 dubio
408 2746 577 2816 manante,
609 2742 711 2808 libere
734 2744 853 2809 ducere
876 2747 1002 2827 potest,
1026 2742 1191 2808 reddendo
1215 2747 1250 2808 et
1271 2742 1422 2825 petendo,

96 2828 200 2894 vitam
225 2828 438 2911 coniugalem.

186 2943 225 3010 R.
257 2946 287 3010 4.
334 2946 380 3011 At
411 2967 509 3029 quam
539 2946 678 3030 primum
709 2947 896 3013 constiterit
927 2947 966 3012 de
996 2946 1138 3012 Henrico
1171 2945 1276 3010 adhuc
1308 2967 1422 3029 super-

94 3034 186 3111 stite,
211 3034 309 3117 plane
331 3039 448 3119 peccat
472 3035 666 3115 mortaliter,
690 3034 718 3101 si
742 3035 834 3119 quasi
860 3057 943 3102 uxor
966 3035 1050 3102 vivit
1073 3056 1145 3101 cum
1169 3034 1310 3099 secundo
1334 3035 1421 3106 viro:

94 3142 202 3205 neque
232 3143 274 3188 ex
304 3123 492 3206 ignorantia
520 3123 583 3190 viri
615 3128 800 3191 excusatur.
848 3123 938 3191 Nihil
965 3124 1066 3206 igitur
1089 3127 1196 3192 restat
1219 3123 1279 3188 nisi
1304 3127 1341 3188 nt
1365 3128 1423 3189 ant

94 3232 131 3278 se
155 3211 330 3280 subtrahat
354 3218 413 3280 aut
435 3213 506 3278 viro
530 3216 635 3280 totam
658 3235 727 3280 rem
750 3214 884 3299 pandat.

186 3324 224 3393 R.
250 3328 281 3392 5.
327 3326 418 3405 Quod
442 3328 579 3394 Hearici
601 3327 778 3395 secundum
801 3327 1044 3394 matrimonium
1068 3327 1204 3405 attinet,
1232 3330 1325 3411 patet
1348 3347 1421 3392 enm

94 3414 227 3480 omnino
257 3414 290 3480 in
319 3416 407 3482 mala
436 3416 499 3484 fide
528 3416 631 3483 fuisse
660 3421 760 3501 atque
791 3417 934 3485 scienter
964 3416 1108 3483 criminis
1137 3416 1300 3500 bigamiae
1330 3436 1421 3482 reum

94 3505 268 3572 exsistere.
314 3505 421 3582 Quare
451 3506 580 3588 quoties
609 3506 779 3590 coniugale
802 3506 948 3572 debitum
971 3504 1093 3589 poscit,
1124 3506 1273 3589 graviter
1296 3511 1421 3589 peccat,

94 3613 201 3675 neque
228 3592 365 3660 reddere
389 3595 417 3661 ei
441 3595 536 3673 licet,
568 3595 644 3679 quia
667 3596 708 3661 ab
732 3595 825 3663 mitio
849 3616 1043 3662 consensum
1066 3595 1157 3661 dedit
1179 3595 1365 3661 necessario
1389 3600 1423 3662 et

94 3687 187 3749 certo
210 3681 400 3764 invalidum,
423 3705 528 3768 neque
552 3706 625 3751 eum
649 3706 734 3751 nunc
757 3684 902 3751 validum
918 3683 1029 3750 facere
1044 3689 1164 3767 potest,
1189 3685 1343 3767 quamdiu
1359 3706 1422 3749 raon

95 3772 332 3839 constamine
355 3773 503 3840 Hilariae
527 3775 626 3843 obitu.
665 3773 713 3840 ef.
739 3772 779 3840 de
802 3773 852 3839 bis
876 3773 1024 3841 omnibus
1043 3775 1100 3840 lt.
1118 3796 1158 3839 m.
1176 3773 1217 3851 II,
1234 3776 1421 3841 842-844.

186 3897 239 3961 An
263 3917 454 3972 onnnsrruu
478 3902 517 3964 3¹²¹
540 3898 579 3964 R.
600 3902 627 3966 1.
666 3898 801 3975 Quando
824 3896 1011 3965 constiterit
1033 3902 1124 3965 certo
1148 3898 1188 3962 de
1211 3900 1316 3962 morte
1332 3898 1454 3969 lien-92

94 3984 173 4063 rici,
204 3985 352 4052 Hilariae
381 3987 622 4054 matrimonium
652 3988 831 4054 secundum
854 3987 947 4053 reddi
970 3991 1081 4070 potest
1103 3986 1263 4056 validum:
1295 4007 1358 4050 non
1383 4007 1421 4051 ec

94 4074 167 4157 ipso
195 4075 405 4143 convalescit.
452 4076 615 4144 Videlicet
637 4096 813 4144 consensus
836 4082 936 4144 antea
959 4075 1057 4143 datus
1079 4075 1158 4140 nihil
1182 4078 1337 4158 operatus
1359 4079 1421 4151 est,

94 4183 203 4246 neque
225 4185 377 4246 umquam
402 4166 531 4248 operari
552 4165 724 4249 quicquam
740 4171 867 4249 potest:
892 4164 977 4249 quod
994 4169 1083 4231 certo
1099 4164 1191 4230 valet
1206 4164 1246 4229 dc
1262 4184 1420 4229 consensu

95 4252 255 4331 Hilariae,
279 4275 363 4336 qnae
386 4255 560 4336 aliquando
584 4255 682 4321 scivit
703 4254 902 4322 matrimonii
924 4253 1120 4331 nullitatem,
1146 4253 1359 4336 probabiliter
1381 4254 1422 4319 de

95 4344 167 4428 ipso
191 4344 369 4427 compartis
393 4364 562 4421 consensu,
586 4344 641 4427 qui
663 4345 833 4411 ferebatur
854 4344 888 4410 in
912 4344 1073 4409 obiectum
1094 4342 1291 4408 naturaliter
1304 4343 1421 4407 matri·

95 4431 248 4499 monialis
278 4432 397 4498 vinculi
428 4432 580 4516 incapax.
626 4433 775 4501 Praetice
805 4435 924 4500 saltam
953 4452 1058 4498 novus
1088 4451 1264 4498 consensus
1292 4441 1422 4497 sautans

95 4522 168 4589 dari
191 4522 304 4596 debet;
335 4522 432 4604 idque
456 4521 672 4588 certissimum
694 4525 749 4602 fit,
773 4527 945 4608 postquam
963 4520 1091 4587 Hilaris
1114 4521 1273 4604 comperti
1296 4524 1420 4586 statum

95 4611 260 4679 nullitatis
296 4610 495 4678 matrimonii
536 4612 621 4695 quod
659 4612 825 4694 hucusque
863 4612 935 4677 veri
973 4610 1113 4695 speciem
1157 4610 1273 4676 babuit
1314 4609 1420 4674 mani·

95 4701 244 4769 festavit.
