3044 5174
340 274 466 329 Minister
484 273 584 344 paenit.
603 273 717 328 -eius
736 274 895 345 approbatio
915 278 943 329 et
960 275 1121 354 iurisdictio.
1326 280 1389 343 241

151 443 189 502 In
211 442 276 520 ipso
297 443 363 502 loco
385 441 559 512 sanctuarii,
582 460 648 500 cum
668 440 895 518 inexspectatus
910 441 950 501 sit
963 442 1092 518 undique
1108 444 1272 516 confluxus,
1293 450 1392 504 rector

55 523 224 595 ecclesiae,
247 522 296 598 qui
316 523 517 600 parochialem
538 522 637 599 oppidi
659 541 759 580 curam
780 523 860 597 agit,
882 523 1054 582 sacerdotes
1074 522 1143 582 illos
1165 523 1237 582 duos
1259 523 1392 582 advenas

55 604 181 676 invitat,
203 609 238 663 ut
258 623 358 662 secum
380 603 530 679 excipiant
552 601 770 662 confessiones:
793 603 869 679 quod
890 603 1013 663 faciunt.

56 717 242 788 Quaamrun
264 721 293 777 1⁰
314 718 381 796 quid
403 719 443 778 sit
463 717 644 789 iurisdictio,
674 737 749 794 quae
770 723 889 795 praeter
909 723 1089 795 potestatem
1117 717 1229 777 ordinis
1251 718 1288 777 ad
1310 718 1392 777 mini·

319 801 472 859 strandum
494 804 712 857 sacramentum
733 797 935 875 paenitentiae
955 798 1122 874 requiritur.

265 897 295 956 2⁰
315 897 392 956 unde
413 897 559 956 habeatur
579 896 743 956 iurisdictio
765 897 937 956 necessaria
957 901 988 955 et
1008 896 1191 973 approbatio.

265 995 296 1054 3ο
316 999 436 1054 rectene
457 1001 555 1054 actum
577 995 668 1054 sitin
691 994 808 1054 casibus
829 991 999 1072 propositis,
1021 1015 1059 1054 an
1080 994 1218 1054 invalide.

1147 1079 1154 1100 .

661 1194 796 1263 Solatia.

152 1337 207 1403 aa
237 1356 430 1412 ouansrrun
456 1338 493 1400 1¹¹²
522 1335 561 1400 R.
590 1339 618 1402 1.
664 1334 848 1401 iurisdictio
882 1340 933 1402 est
964 1339 1113 1419 potestas
1145 1337 1295 1416 moralis,
1329 1351 1457 1420 quam

58 1425 135 1510 quis
158 1425 193 1491 in
218 1425 300 1490 alios
324 1430 361 1491 ut
384 1424 445 1490 sibi
469 1424 617 1490 subditos
640 1423 692 1489 ius
715 1424 823 1490 dicere
839 1424 986 1507 adeoque
1003 1428 1097 1490 etiam
1113 1434 1223 1491 contra
1247 1448 1298 1492 eos
1320 1448 1394 1511 pro·

59 1515 218 1581 nuntiare
240 1513 355 1598 possit.
403 1514 481 1579 Cum
512 1518 622 1580 autem
653 1517 896 1579 sacramentum
925 1513 1150 1599 paenitentiae
1180 1535 1241 1598 per
1264 1517 1394 1581 modurn

59 1604 132 1670 veri
156 1602 268 1669 iudicii
291 1602 479 1668 institutum
511 1603 571 1680 sit,
603 1602 673 1668 eius
702 1602 853 1669 minister
881 1607 1003 1669 natura
1031 1603 1121 1687 prius
1153 1604 1336 1687 concipitur
1358 1610 1396 1672 ut

59 1693 173 1772 iudex,
198 1714 261 1775 quo
285 1691 485 1758 sacramenti
508 1692 603 1757 huius
627 1692 776 1758 minister
800 1712 872 1758 esse
891 1691 1006 1776 possit.
1038 1692 1109 1770 Qua
1125 1694 1278 1759 sacerdos
1293 1693 1395 1776 igitur

59 1783 163 1850 habet
186 1785 397 1865 potestatem,
422 1802 482 1866 per
504 1802 612 1863 quam,
637 1781 664 1846 si
688 1782 723 1846 in
745 1803 879 1847 munere
895 1781 1010 1846 iudicis
1034 1782 1232 1849 constitutus
1255 1787 1394 1867 peccata

60 1871 223 1950 remittat,
248 1871 281 1936 id
304 1870 407 1937 faciat
429 1874 712 1937 sacramentaliter.

152 1978 193 2044 R.
219 1980 248 2044 2.
296 1977 387 2042 Haec
410 1976 590 2042 iurisdictio
614 1998 679 2042 non
702 1975 961 2044 communicatur
983 1976 1205 2057 ordinatione,
1231 1977 1287 2043 aed
1312 2001 1394 2044 corn·

59 2070 229 2151 missione,
260 2087 366 2148 neque
398 2065 580 2132 indelebilis
610 2072 662 2132 est
691 2070 728 2132 ut
750 2070 900 2151 potestas
930 2065 1070 2145 ordinis,
1101 2067 1159 2132 sed
1182 2088 1202 2132 a
1226 2068 1394 2152 superiore

60 2160 177 2240 potest
200 2155 271 2221 dari
295 2160 330 2220 et
352 2154 484 2222 auferri.

154 2253 193 2318 ln
226 2253 379 2319 orientali
411 2252 539 2336 quidem
575 2252 723 2318 Ecclesia
755 2255 850 2319 simul
881 2276 953 2318 cam
985 2252 1192 2320 ordinatione
1224 2254 1394 2322 confertur

60 2341 262 2420 iurisdictio,
294 2363 333 2408 eo
357 2343 443 2424 quod
466 2342 603 2424 quilibet
632 2364 691 2426 pro
716 2346 807 2408 certa
837 2342 975 2409 ecclesia
1005 2342 1196 2427 particulari
1220 2346 1394 2429 presbyter

62 2432 236 2498 ordinetur
267 2436 367 2514 atque
398 2431 432 2497 in
465 2431 560 2497 huius
592 2430 749 2497 ecclesiae
781 2431 895 2496 fideles
928 2431 1160 2498 iurisdictionis
1193 2437 1394 2515 potestatem

61 2521 216 2606 accipiat.
263 2520 338 2586 Non
360 2520 409 2586 ita
430 2521 465 2585 in
489 2520 637 2586 Ecclesia
669 2521 878 2599 occidentali,
909 2519 942 2585 in
972 2543 1038 2604 qua
1066 2527 1141 2606 post
1172 2522 1310 2588 collatos
1340 2544 1393 2588 or-

62 2611 158 2676 dines
187 2632 247 2695 per·
270 2609 468 2674 ordinarium
491 2611 530 2676 fit
553 2609 776 2677 ordinatorum
806 2609 841 2674 in
864 2615 990 2677 certum
1013 2632 1131 2677 munus
1153 2610 1316 2679 institutio
1340 2613 1393 2678 vel

61 2700 243 2785 potestatis
267 2699 408 2765 collatio.

157 2819 211 2886 An
235 2841 426 2897 ouaasrruu
443 2822 483 2883 2ιιι
505 2821 545 2886 R.
572 2823 600 2886 1.
633 2819 854 2903 Distinguitur
877 2818 1056 2887 iurisdictio
1080 2823 1254 2887 ordinaria
1278 2827 1313 2890 et
1338 2825 1456 2890 de-418

62 2914 180 2997 lepata.
229 2910 323 2975 Prior
346 2914 485 2976 vocatur
508 2929 564 2986 ea,
588 2930 672 2991 quae
696 2930 769 2974 cum
793 2930 927 2975 munere
951 2913 1002 2976 est
1025 2910 1214 2989 coniuncta,
1244 2912 1392 2995 adeoque

62 2999 229 3085 superiori
253 3022 317 3084 qua
340 3002 399 3064 tali
421 2998 587 3075 inhaeret;
612 3000 735 3076 altera,
767 3020 851 3080 quae
875 3019 895 3063 a
918 2998 1085 3083 superiore
1109 3021 1182 3065 cum
1206 3000 1279 3066 aliis
1303 3023 1392 3067 com·

62 3090 263 3166 municatur,
288 3088 380 3153 utin
404 3087 548 3170 gerendo
571 3109 706 3153 munere
729 3088 850 3154 habeat
873 3109 893 3153 a
917 3089 1033 3169 quibus
1056 3088 1196 3155 iuvetur.

156 3185 378 3268 Distinguitur
401 3185 501 3251 etiarn
530 3185 712 3252 iurisdictio
736 3190 876 3270 propria
906 3190 941 3252 et
970 3189 1109 3252 vicaria:
1141 3187 1229 3270 prior
1259 3208 1299 3252 ea
1329 3191 1390 3267 eat,

63 3296 164 3360 quam
189 3275 261 3358 quis
284 3296 343 3340 sno
368 3275 497 3340 nomine
521 3282 670 3350 exercet;
702 3276 822 3354 altera,
854 3297 951 3358 quam
975 3276 1105 3341 nomine
1135 3278 1248 3344 alima.
1295 3277 1391 3343 Unde

61 3364 245 3431 iurisdictio
269 3364 401 3448 propria
425 3384 554 3447 semper
577 3368 628 3429 est
651 3364 825 3442 ordinaria,
850 3365 1004 3446 delegata
1019 3385 1149 3448 semper
1169 3365 1309 3444 vicaria;
1334 3371 1392 3433 sed

62 3476 130 3520 non
154 3475 173 3520 e
197 3475 354 3519 converso
379 3453 483 3519 omnis
512 3452 692 3520 iurisdictio
723 3454 888 3519 ordinaria
916 3453 991 3519 ilico
1021 3454 1083 3519 dici
1113 3458 1225 3539 potest
1247 3456 1391 3540 propria,

63 3566 138 3610 curn
163 3543 208 3608 sit
231 3542 406 3625 aliquando
430 3542 594 3608 ordinaria
616 3543 797 3608 iurisdictio
821 3546 857 3609 at
880 3541 1014 3609 vicaria.
1061 3543 1115 3610 Ita
1146 3544 1325 3612 iurisdictio
1349 3546 1391 3612 ad

62 3632 265 3699 remittenda
287 3635 424 3717 peccata
454 3652 583 3714 semper
606 3635 727 3697 oica-ria
758 3637 819 3698 est.
865 3632 985 3697 Nullus
1015 3633 1101 3698 enim
1131 3634 1227 3698 horno
1255 3639 1391 3720 propria

62 3727 234 3808 potestate
263 3726 401 3805 peccata
430 3726 540 3805 potest
570 3721 756 3799 remittere,
787 3722 845 3787 sed
876 3726 1042 3804 potestate
1067 3743 1086 3787 a
1110 3722 1180 3787 Deo
1204 3727 1238 3789 et
1261 3724 1390 3790 Christo

63 3815 220 3896 accepta;
250 3810 463 3893 distinguitur
492 3815 604 3876 tamen
635 3811 735 3877 etiarn
766 3831 805 3875 ea
834 3811 1015 3877 iurisdictio
1049 3817 1107 3878 aut
1137 3811 1302 3877 ordinaria
1332 3818 1390 3879 aut

64 3902 231 3983 delegata.
270 3900 309 3965 In
331 3900 443 3965 multis
466 3900 539 3965 aliis
562 3901 660 3966 rebus
683 3899 863 3966 iurisdictio
887 3900 1111 3966 ecclesiastica
1135 3901 1266 3968 exsistit
1290 3902 1389 3967 etiam

63 3989 207 4075 propria.

154 4088 194 4154 R.
212 4089 242 4153 2.
275 4086 480 4152 Ordinariam
498 4086 752 4152 iurisdictionem
769 4086 802 4151 in
819 4087 1005 4152 universam
1021 4087 1204 4152 Ecclesiam
1227 4087 1390 4169 singulos·

63 4198 127 4260 que
158 4177 271 4242 fideles
301 4175 416 4256 (etiam
440 4179 474 4240 in
495 4178 567 4259 soro
590 4179 731 4258 interno,
764 4177 804 4242 de
827 4198 890 4257 quo
915 4198 1001 4241 nunc
1023 4197 1130 4242 sermo
1161 4181 1228 4253 est,
1261 4177 1389 4259 quando

63 4267 177 4349 agitur
200 4266 240 4330 de
263 4269 469 4331 sacramento
493 4265 728 4350 paenitentiae)
752 4266 853 4331 habet
870 4266 1036 4330 Romanus
1053 4265 1216 4343 Pontifex,
1242 4287 1389 4348 eamque,

63 4354 225 4423 electione
240 4354 387 4438 legitime
409 4356 499 4419 facta
515 4359 614 4437 atque
630 4358 813 4439 acceptata,
837 4354 957 4438 accipit
973 4355 1046 4420 ilico
1069 4353 1256 4421 immediate
1273 4377 1293 4420 a
1309 4357 1388 4422 Deo.

155 4452 311 4520 Similiter
341 4452 537 4517 ordinariam
568 4452 821 4520 iurisdictionem
853 4453 975 4518 habent
1006 4451 1148 4534 episcopi
1180 4452 1212 4517 in
1237 4474 1313 4517 suas
1336 4474 1390 4517 re-

63 4543 213 4629 spective
237 4543 402 4608 dioeceses
426 4546 460 4607 et
484 4542 709 4622 dioecesanos,
735 4543 792 4608 sed
816 4545 996 4624 acceptam,
1022 4541 1130 4605 divino
1155 4541 1283 4623 quidem
1308 4541 1388 4620 iure,

10 4682 29 4741 Ι
62 4656 121 4718 per
152 4634 336 4699 Romanum
367 4631 562 4716 pontificem.
614 4631 688 4699 lure
720 4633 941 4698 ecclesiastico
975 4651 1033 4712 per
1064 4631 1170 4714 ipsum
1202 4632 1389 4716 episcopum

113 4742 283 4791 Lehmkahl,
297 4742 369 4784 casus
383 4741 542 4784 conscientiae.
562 4741 592 4785 11.
1151 4736 1183 4789 16
