3044 5174
139 272 204 337 550
604 265 808 320 Sacramentum
826 264 998 320 matrimonii.

137 444 269 505 tionibus
290 448 321 504 et
341 463 395 503 suo
424 446 532 518 rogatu
560 442 726 502 ministrum
748 441 930 501 abstinuisse
951 462 969 500 a
991 441 1106 501 formali
1127 440 1292 519 baptismo;
1322 447 1414 517 atque
1434 460 1466 500 se

138 525 227 585 etiam
254 524 395 584 insistere
425 523 532 583 debere
559 528 593 582 ut
612 523 723 599 primus
745 542 783 582 ex
804 522 874 582 filiis
894 521 1003 581 futuris
1023 523 1055 581 in
1076 522 1220 598 religione
1243 521 1327 581 avita
1347 528 1465 598 patrum

139 625 258 665 suorum
280 605 465 664 educeretur.
510 601 726 680 Obstupefacta
746 603 850 662 mulier
871 604 1005 662 declaret
1024 602 1195 678 religiosum
1215 601 1310 678 igitur
1331 606 1465 660 contrac-

137 689 200 745 tum
214 684 394 744 matrimonii
408 703 475 743 esse
490 683 691 753 differendum,
708 683 801 742 donec
816 683 1008 742 difficultates
1024 703 1102 742 nuno
1117 687 1239 742 exortas
1254 680 1465 758 composuerit

138 797 316 868 annnmun
337 800 366 856 1ο
386 796 624 873 impedimentum
652 795 763 856 mixtae
784 796 936 872 religionis
964 796 1041 872 quod
1062 795 1102 855 sit
1123 796 1280 866 dirimens,
1309 797 1388 872 quod
1415 797 1465 855 im·

391 877 513 954 pediens
533 882 658 936 tantum.

338 977 369 1034 2⁰
389 974 522 1053 possitne
543 974 763 1035 matrimonium
783 974 863 1034 istud
885 974 962 1047 iniri,
984 975 1090 1052 quibus
1111 974 1345 1035 condicionibus.

339 1076 369 1134 3⁰
390 1093 465 1150 quae
486 1073 668 1133 consulenda
689 1073 750 1132 sint
770 1073 896 1149 puellae.

732 1256 868 1323 Salutio.

77 1402 130 1456 959
229 1390 282 1455 An
306 1409 497 1466 aasumensi
522 1392 560 1454 1n
583 1389 622 1455 R.
643 1392 671 1458 l.
716 1389 808 1456 Inter
830 1389 1030 1473 baptizatum
1055 1394 1090 1455 et
1112 1390 1399 1475 non-baptizatum
1415 1392 1467 1456 vel

139 1479 211 1545 vioe
228 1500 324 1545 versa
347 1478 479 1544 exsist't
502 1478 700 1545 matrimonii
723 1479 877 1544 dirimens
896 1479 1172 1563 impedimentum,
1196 1479 1294 1563 idque
1311 1479 1466 1546 dirimens

139 1590 182 1634 ex
204 1569 274 1634 solo
296 1567 367 1633 iure
390 1566 622 1634 ecclesiastico.
674 1569 730 1634 Tb.
755 1591 795 1635 m.
820 1568 861 1646 Π,
887 1570 962 1634 751.

228 1674 268 1741 R.
287 1678 316 1742 2.
356 1673 447 1742 Inter
469 1673 654 1757 baptizatos
678 1679 788 1740 autem
813 1674 962 1740 diversae
985 1673 1198 1758 professionis
1216 1673 1393 1757 religier
1408 1696 1466 1740 seu

138 1762 337 1830 christianae
357 1784 422 1828 non
439 1762 593 1828 dirimens
609 1763 742 1830 exsistit
755 1763 1032 1847 impedimentum,
1057 1763 1115 1828 sed
1130 1763 1308 1848 prohibens
1323 1767 1464 1831 tantum.

138 1852 191 1920 Ita
214 1852 355 1935 quidem,
379 1851 408 1918 si
430 1851 613 1936 baptismus
636 1857 747 1919 certus
771 1856 832 1919 est.

227 1958 266 2025 R.
285 1960 315 2024 3.
355 1959 392 2022 In
416 1957 513 2023 dubio
537 1958 700 2042 baptismi,
726 1964 883 2041 quantum
908 1959 950 2024 ad
974 1958 1215 2024 matrimonium
1232 1958 1365 2038 attinet,
1391 1960 1466 2046 bop-

138 2051 224 2113 tiemi
257 2049 347 2113 octor
377 2049 609 2132 praesternitur,
642 2049 739 2130 longe
772 2047 869 2113 aliter
901 2070 940 2113 ac
972 2048 1000 2113 si
1030 2047 1199 2131 quaeritur
1229 2047 1270 2113 de
1300 2049 1467 2133 personali

138 2138 246 2203 salute
266 2157 326 2221 per
342 2144 458 2202 oenum
475 2137 673 2220 baptismum
689 2137 856 2202 reddenda
871 2137 1054 2212 securiore;
1071 2172 1114 2182 —
1130 2136 1227 2219 idque
1243 2137 1314 2203 sive
1333 2138 1467 2203 dubium

138 2225 171 2291 in
195 2246 231 2290 se
254 2225 425 2291 insolubile
449 2225 559 2302 fuerit,
583 2225 653 2290 sive
676 2229 811 2310 propter
835 2225 990 2293 adiuncta
1012 2247 1072 2310 per
1095 2225 1246 2291 accidens
1269 2227 1468 2294 exsistentia

138 2335 224 2380 nunc
247 2315 365 2381 saitem
388 2335 453 2380 non
476 2313 620 2398 potuerit
643 2314 737 2380 solvi.
776 2316 900 2381 Verum
923 2315 956 2380 in
979 2315 1162 2398 posteriore
1185 2335 1274 2392 casu,
1298 2315 1326 2380 si
1352 2321 1468 2400 postea

138 2403 321 2487 baptismus
344 2403 431 2469 forte
454 2403 630 2487 detegatur
654 2408 744 2469 certo
768 2405 886 2482 nullus,
910 2405 1143 2470 recurrendum
1167 2407 1219 2470 est
1234 2404 1276 2470 ad
1294 2404 1325 2471 S.
1338 2405 1466 2483 Sedem,

140 2513 223 2574 quae
253 2492 455 2576 praescribet
485 2492 561 2574 quid
591 2491 776 2558 faciendum
808 2493 868 2569 sit3
903 2492 937 2558 in
968 2493 1075 2577 priore
1099 2498 1208 2559 autern
1233 2514 1312 2558 casu
1335 2494 1469 2560 videtur

139 2580 380 2647 matrimonium
404 2602 470 2646 non
493 2582 596 2645 solum
620 2585 794 2667 praeomni,
819 2581 876 2646 sed
900 2603 943 2647 ex
966 2581 1231 2666 praesumptione
1246 2582 1326 2648 iuris
1343 2606 1379 2648 ro
1395 2588 1469 2668 ipso

139 2674 186 2736 ito
209 2671 388 2752 subsiste-re,
413 2690 451 2735 ac
474 2670 503 2735 si
527 2669 707 2754 baptismus
731 2670 831 2736 fuerit
848 2675 968 2737 certus,
1009 2672 1064 2737 Ta.
1081 2694 1121 2738 m.
1139 2671 1181 2748 II,
1199 2673 1280 2736 752:
1306 2671 1348 2738 cf.
1366 2672 1469 2738 etiam

139 2780 223 2843 quae
246 2780 346 2843 supra
369 2758 457 2824 dieta
479 2764 557 2825 sunt
579 2781 610 2825 n.
636 2760 711 2825 289.

78 2900 131 2954 960
215 2881 281 2963 ¹An
308 2903 499 2960 ouansmun
531 2886 570 2947 2⁰¹
601 2883 639 2949 R.
666 2885 695 2948 1.
742 2881 986 2948 Matrimonium
1017 2881 1145 2964 quidem
1177 2881 1272 2947 civile
1305 2882 1385 2948 nihil
1416 2888 1469 2951 est

138 2971 200 3037 nisi
225 2971 311 3038 forte
333 2971 367 3036 in
382 2971 472 3050 iocis,
497 2975 534 3037 ut
549 2973 605 3036 lex
621 2970 709 3038 'I'rid
727 2970 767 3036 de
784 2971 1048 3038 clandestinitata
1064 2993 1129 3036 non
1145 2971 1247 3053 viget,
1267 2971 1309 3037 ab
1326 2977 1468 3056 utroque

138 3060 349 3145 nupturiente
364 3082 479 3126 verum
502 3082 613 3126 coram
636 3061 706 3126 Deo
730 3060 972 3126 matrimonium
995 3060 1195 3127 intendatur.
1232 3060 1339 3126 Aliter
1355 3067 1468 3127 autem

139 3150 235 3215 civile
266 3150 506 3216 matrimonium
538 3171 629 3215 mera
659 3149 856 3215 caerimonia
887 3153 938 3215 est
965 3149 1044 3213 nihil
1075 3149 1219 3215 efficiens
1243 3150 1305 3214 nisi
1330 3152 1467 3217 effectus

139 3238 261 3316 civiles,
286 3261 359 3305 curn
381 3243 517 3323 propter
540 3239 841 3305 clandestinitatem
865 3237 1053 3304 canonicam
1076 3239 1318 3305 matrimonium
1335 3240 1467 3305 efficere

138 3333 289 3409 nequeat.
329 3327 444 3411 Neque
467 3332 577 3395 tamen
602 3327 785 3410 generatim
808 3327 886 3392 iicet
908 3327 1121 3393 intentionem
1145 3327 1235 3393 illam
1260 3327 1331 3393 veri
1351 3329 1467 3395 matri-

139 3417 240 3481 monii
271 3417 410 3495 habere,
444 3418 573 3499 quando
604 3438 719 3482 verum
752 3416 994 3482 matrimonium
1028 3417 1181 3501 possibile
1214 3421 1282 3494 est,
1317 3439 1389 3483 cum
1423 3419 1467 3485 sit

140 3506 299 3588 quaedam
323 3527 438 3571 sacrae
462 3506 506 3570 rei
531 3505 728 3590 profanatio.
848 3515 851 3520 '

228 3610 266 3676 R.
287 3613 316 3677 2.
357 3611 420 3677 Sed
443 3611 475 3676 in
498 3616 611 3678 nostro
636 3634 713 3678 casu
738 3612 826 3677 aliud
849 3611 1116 3695 impedimentum
1140 3613 1261 3690 obstat,
1285 3634 1305 3677 a
1329 3635 1404 3695 que,
1431 3619 1469 3680 ut

140 3704 287 3784 apparet,
313 3699 512 3784 dispensatio
536 3722 601 3766 non
624 3701 669 3766 sit
692 3702 828 3767 obtenta
851 3722 956 3784 neque
971 3701 1085 3784 petita.
1127 3700 1336 3785 Dispensatio
1353 3703 1468 3769 habita

140 3795 191 3856 est
222 3789 263 3854 ad
293 3788 468 3854 ineundum
498 3790 586 3856 licite
619 3790 861 3855 matrimonium
895 3794 1027 3856 mictum
1050 3789 1136 3858 inter
1160 3790 1240 3856 duos
1264 3791 1466 3873 baptizatos:

138 3878 190 3942 hic
214 3899 293 3943 vero
317 3879 473 3943 habemus
496 3879 697 3963 baptizatam
720 3879 885 3955 feminam,
910 3879 1014 3945 virum
1039 3901 1103 3944 non
1120 3880 1331 3964 baptizatum.
1379 3880 1466 3956 Que-

139 3971 274 4052 propter
314 3972 406 4033 recte
442 3968 526 4034 dixit
562 3969 672 4052 puelia
710 3970 898 4051 religiosum
933 3968 1131 4034 matrimonii
1168 3973 1373 4035 contractum
1415 3970 1465 4034 vei

139 4057 261 4121 rectius
284 4056 390 4140 ipsum
410 4057 652 4123 matrimonium
676 4078 785 4122 coram
802 4058 872 4122 Deo
889 4062 923 4124 et
939 4058 1138 4124 conscientie
1154 4059 1298 4124 validum
1323 4059 1466 4124 nondum

140 4167 236 4229 posse
260 4146 418 4212 contrahi.

78 4274 129 4327 961
229 4251 268 4318 R.
292 4255 322 4317 3.
362 4252 551 4334 Requiritur
580 4252 682 4336 igitur
712 4252 912 4336 dispensatio
943 4253 984 4318 ab
1008 4253 1240 4337 impedimento
1263 4252 1390 4319 mixtae
1414 4275 1465 4318 re·

139 4339 269 4421 ligionis
300 4361 358 4405 seu
389 4343 591 4428 disparitatis
615 4345 731 4422 cultus,
763 4343 824 4407 nisi
848 4342 900 4407 vir
922 4342 1048 4408 sincere
1071 4343 1153 4409 velit
1177 4342 1335 4410 converti.
1375 4342 1465 4420 Quae

140 4428 349 4512 dispensandi
373 4429 515 4496 facultas
539 4435 590 4498 est
613 4432 699 4515 apud
724 4432 755 4498 S.
781 4431 914 4508 Sedent,
940 4453 1043 4514 eaque
1066 4432 1099 4497 in
1123 4431 1311 4514 regionibus
1335 4437 1465 4498 tantum

141 4517 280 4595 dissitis,
312 4519 454 4585 maxime
478 4520 671 4598 infidelium,
704 4521 885 4586 Ordinariis
915 4521 956 4585 ad
984 4526 1113 4604 tempus
1145 4521 1277 4586 concedi
1301 4522 1396 4587 solet.
1421 4560 1464 4569 —

139 4606 263 4670 Verum
290 4608 371 4672 haec
397 4609 598 4692 dispensatio
623 4615 660 4676 ut
686 4610 791 4687 detur,
818 4611 1003 4676 necessaria
1030 4615 1081 4677 est
1106 4611 1211 4692 magis
1236 4611 1337 4677 etiarn
1365 4632 1465 4676 causa
