3044 5174
136 280 202 345 486
613 276 818 332 Sacramentum
836 277 1010 332 matrimonii.

136 456 256 528 reputat
290 455 359 534 quid
394 453 511 514 consilii
546 454 720 532 capiendum
755 455 810 526 sit,
847 453 872 512 si
907 454 1026 531 sponsis
1053 453 1128 532 ipsis
1163 455 1295 532 suspicio
1324 456 1470 517 facturum

137 533 258 593 oriatur.

138 646 316 717 Quanarrun
332 646 491 721 propterca
515 643 544 698 10
565 640 730 700 debeantne
751 639 854 717 sponsi
876 639 1019 699 eiusmodi
1040 639 1188 698 delectum
1208 639 1266 700 sibi
1288 642 1433 703 revelare.

514 741 545 797 20
566 738 643 798 sitne
653 738 704 798 ille
719 738 853 797 delectus
867 738 945 797 ratio
960 738 1096 797 alterutri
1111 738 1263 815 sponsalia
1277 739 1471 804 dissolvendi.

515 839 545 896 30
566 843 691 914 peccata
711 837 763 895 illa
783 843 853 914 post
873 837 1026 914 sponsalia
1040 836 1198 896 commissa
1218 838 1392 899 habeantne
1412 860 1468 900 ma·

565 917 659 976 litium
682 936 803 992 gravem
824 917 958 976 luxuriae
980 917 1208 993 superadditam.

735 1099 870 1167 Salutio.

74 1259 128 1314 845
227 1247 281 1310 Au
312 1262 503 1320 uuansrruu
538 1245 575 1306 1Ἰι
604 1242 643 1307 R.
672 1245 700 1309 l.
747 1241 782 1307 Si
811 1263 932 1325 sponsu
961 1241 1179 1308 fornicatione
1207 1244 1350 1325 gravida
1381 1245 1469 1312 facta

139 1340 190 1401 est
214 1338 304 1400 certo
329 1333 370 1398 ab
394 1332 459 1396 alio
483 1330 571 1408 viro,
603 1330 660 1395 vix
684 1352 748 1396 non
772 1350 901 1414 semper
924 1330 1023 1397 debet
1045 1334 1104 1396 aut
1127 1330 1286 1398 desistere
1309 1354 1331 1398 a
1354 1336 1470 1401 matri·

137 1424 245 1489 monio
279 1425 337 1488 aut
367 1420 530 1486 deiectum
561 1420 730 1495 revelare,
765 1441 837 1485 cum
870 1420 953 1484 alias
983 1424 1017 1486 et
1049 1420 1211 1487 iniustitia
1241 1424 1470 1491 committatur

138 1514 261 1597 prolem
286 1510 504 1577 adulterinam
529 1508 697 1574 inferendo
721 1509 753 1574 in
778 1508 947 1586 familiam,
972 1513 1006 1575 et
1022 1530 1123 1575 causa
1138 1510 1324 1591 gravissimi
1344 1513 1470 1578 dissidii

139 1607 278 1668 creetur.
325 1599 446 1677 Quodsi
470 1601 547 1664 ante
578 1597 820 1664 matrimonium
851 1599 961 1682 puella
984 1599 1111 1664 occulte
1135 1605 1286 1682 pareret,
1319 1603 1469 1685 prolique

137 1692 221 1757 bene
245 1689 440 1768 consuleret,
463 1689 512 1754 ita
535 1691 645 1753 tamen
669 1692 706 1752 ut
726 1687 828 1771 ipsius
844 1687 1038 1754 maternitas
1055 1693 1204 1755 maneret
1219 1688 1350 1756 omnino
1367 1696 1469 1772 tecta,

138 1781 179 1846 de
191 1778 392 1863 graviditate
410 1799 474 1842 non
487 1776 585 1842 aliter
600 1775 808 1842 iudicandum
826 1781 877 1842 est
889 1798 927 1842 ac
940 1777 980 1841 de
997 1776 1214 1843 fornicatione
1231 1777 1302 1845 sine
1314 1781 1468 1863 sequelis.

227 1886 266 1951 R.
292 1888 322 1951 2.
370 1883 532 1949 Existimo
566 1881 623 1946 vix
655 1904 719 1947 non
750 1882 835 1947 idem
868 1883 1039 1947 dicendum
1069 1904 1142 1948 esse
1172 1883 1213 1949 de
1237 1883 1308 1950 viro
1339 1886 1396 1968 qui
1427 1908 1468 1952 ex

138 1975 354 2041 fornicatione
377 1976 473 2057 pater
496 1971 679 2049 exstiterit,
711 1972 773 2037 nisi
796 1971 857 2036 hoc
880 1972 1012 2037 futurae
1036 1972 1130 2037 uxori
1152 1973 1201 2038 ita
1230 1973 1336 2057 possit
1359 1976 1469 2041 oecul-

138 2070 211 2132 tare
235 2063 329 2130 utin
352 2063 399 2127 rei
423 2060 574 2127 notitiam
598 2064 714 2144 postea
733 2082 797 2126 non
821 2060 943 2138 veniat,
968 2066 1067 2142 atque
1092 2061 1299 2128 nihilominus
1322 2063 1469 2132 debitam

139 2175 251 2220 curam
274 2151 467 2233 illegitimae
491 2149 574 2233 proli
598 2149 728 2215 omnino
752 2150 939 2233 impendere
963 2151 1076 2216 valeat
1099 2154 1134 2216 et
1155 2151 1334 2234 impendat.

76 2273 129 2330 846
227 2260 266 2325 R.
292 2261 323 2325 3.
362 2257 396 2323 Si
420 2255 532 2339 agitur
554 2256 593 2321 de
617 2256 834 2323 fornicatione
859 2257 1000 2340 sequelis
1024 2262 1175 2322 carente:
1200 2257 1356 2340 distingui
1382 2261 1469 2328 solet

139 2347 311 2415 fornicatio
335 2347 444 2430 sponsi
462 2367 483 2409 a
498 2366 638 2428 sponsae
654 2345 880 2414 fornicatione.
912 2345 1002 2423 Quae
1018 2368 1039 2411 a
1054 2367 1173 2430 sponso
1198 2353 1333 2431 patrata
1357 2348 1468 2427 fuerit,

139 2460 204 2503 non
229 2442 280 2503 est
303 2434 488 2500 necessario
511 2434 763 2511 manifestanda,
788 2435 865 2517 quia
881 2435 1030 2502 defectus
1052 2435 1107 2501 ille
1130 2436 1164 2500 in
1187 2457 1307 2521 sponso
1331 2459 1398 2503 non
1421 2439 1469 2504 ita

139 2527 344 2601 aestimatur,
369 2528 406 2589 ut
428 2523 590 2589 habeatur
612 2545 671 2608 pro
694 2524 790 2606 gravi
814 2524 1015 2608 deceptione.
1048 2526 1176 2608 Sponsa
1196 2546 1274 2590 vero
1299 2546 1342 2590 ex
1366 2527 1469 2592 forni-

140 2615 270 2681 catione
293 2634 328 2679 re
352 2634 433 2678 vera
456 2616 608 2677 censetur
631 2612 728 2694 longe
753 2613 895 2678 deterior
923 2614 1030 2691 facta;
1065 2619 1164 2697 atque
1195 2614 1373 2680 difficulter
1396 2616 1468 2682 viro

139 2704 191 2770 cui
215 2704 317 2769 nubat
334 2723 400 2767 rem
418 2704 529 2785 potest
545 2702 663 2767 celare.
696 2700 913 2767 Nihilominus
930 2703 1195 2768 circumstantiae
1215 2704 1469 2787 perpendendae

140 2796 236 2859 sunt.
259 2793 345 2858 Nam
369 2791 397 2856 si
421 2812 463 2855 ex
487 2790 649 2856 adiunctis
673 2798 706 2856 et
725 2811 767 2855 ex
791 2792 924 2873 cognita
939 2792 1051 2875 sponsi
1066 2793 1174 2857 indole
1190 2794 1370 2876 prudenter
1385 2796 1469 2861 iudi·

140 2886 235 2948 catur
257 2902 423 2966 sponsum,
449 2879 602 2945 maritum
627 2879 761 2958 factum,
786 2901 856 2944 rem
880 2880 1082 2962 aliquantum
1109 2882 1238 2963 quidem
1261 2882 1395 2964 indigne
1420 2885 1469 2949 la·

139 2975 264 3048 turum,
295 2971 344 3036 ite
371 2975 484 3036 tamen
515 2974 551 3034 ut
575 2969 666 3034 brevi
697 2989 750 3033 res
781 2975 995 3052 componatur
1026 2991 1130 3052 neque
1161 2971 1274 3052 gravis
1304 2972 1469 3039 discordia

140 3062 281 3127 oriatur:
313 3080 435 3144 sponsa
464 3079 528 3122 non
559 3061 610 3123 est
633 3059 694 3122 sub
724 3058 819 3140 grain
851 3060 997 3142 urgenda
1028 3064 1065 3125 ut
1094 3061 1156 3125 hae
1179 3061 1382 3126 revelatione
1406 3063 1469 3127 sibi

139 3151 308 3234 praecidat
331 3169 422 3232 spem
447 3147 645 3213 matrimonii
676 3147 774 3213 aliter
796 3148 893 3212 valde
924 3149 985 3214 sibi
1009 3149 1243 3215 convenientis.
1289 3150 1380 3215 Idem
1406 3152 1468 3230 dic,

139 3240 166 3304 si
191 3261 311 3323 sponsa
334 3238 438 3321 possit
462 3237 599 3302 artificio
623 3236 732 3319 aliquo
756 3237 913 3320 impedire
937 3259 977 3303 ne
1001 3238 1264 3321 deprehendatur
1280 3261 1300 3305 a
1316 3240 1388 3305 viro
1412 3242 1468 3306 ille

140 3328 288 3394 defectus
312 3326 367 3408 (cf.
393 3326 425 3393 S.
451 3325 565 3410 Alph.
593 3326 647 3402 VI,
674 3327 762 3407 865).

230 3434 268 3501 R.
293 3436 322 3498 4.
359 3433 448 3510 Quae
473 3433 512 3497 de
537 3431 754 3499 fornicatione
778 3433 848 3498 sive
873 3453 944 3497 eum
969 3433 1110 3514 sequelis
1134 3433 1308 3500 coniuncta
1331 3436 1403 3499 sive
1427 3438 1469 3501 ab

140 3522 180 3588 iis
203 3522 336 3587 immuni
361 3522 566 3598 dictasunt,
600 3523 714 3587 valent
744 3522 843 3587 etiam
870 3523 909 3586 de
933 3522 1061 3604 puellae
1086 3524 1296 3606 oppressione
1322 3524 1469 3590 violenta

140 3617 175 3677 et
204 3610 273 3675 sine
304 3611 432 3693 puellae
465 3611 561 3695 culpa
591 3611 698 3676 facta:
730 3611 806 3692 quia
837 3632 901 3675 non
932 3611 1036 3676 solum
1067 3615 1200 3676 encratis
1231 3613 1382 3679 defectus
1406 3621 1468 3692 est,

140 3701 195 3784 qui
220 3699 423 3778 aestimatur,
449 3700 505 3764 sed
530 3701 562 3764 in
579 3721 699 3782 sponsa
716 3700 859 3765 maxime
875 3701 1071 3765 aestimatur
1085 3701 1260 3783 integritas
1277 3703 1468 3785 corporalis.

76 3837 130 3892 847
230 3824 282 3888 An
306 3844 497 3899 uunnsrruu
524 3826 562 3887 2¹¹¹
585 3823 624 3889 n.
652 3827 680 3892 l.
727 3823 869 3889 Facilius
894 3823 991 3887 datur
1014 3825 1065 3887 ius
1088 3824 1260 3889 recedendi
1285 3847 1305 3890 a
1329 3848 1469 3909 sponsa·

140 3912 225 3978 libus
249 3916 384 3996 propter
405 3912 578 3989 defectum,
603 3911 673 3978 sive
689 3934 773 3977 nunc
790 3916 940 3977 exortum
957 3912 1027 3976 sive
1044 3934 1128 3977 nunc
1145 3913 1273 3979 demum
1291 3914 1469 3994 detectum,

141 4023 239 4084 quam
263 4003 360 4070 datur
383 4003 529 4086 oblipotio
556 4004 666 4086 prauis
697 4002 766 4066 sive
799 4007 877 4067 ante
908 4002 1072 4085 sponsalia
1103 4001 1173 4068 sive
1196 4007 1272 4086 post
1301 4006 1470 4087 sponsalia

141 4091 289 4157 defectus
313 4091 492 4157 revelandi.
539 4091 702 4155 Videntur
725 4089 854 4173 quidem
884 4091 965 4156 haec
990 4113 1062 4156 esee
1093 4092 1260 4175 reciproca
1284 4097 1385 4174 atque
1409 4095 1472 4161 niti

140 4180 173 4244 in
196 4180 350 4247 libertate
373 4180 479 4262 quoad
504 4178 745 4244 matrimonium
768 4179 900 4261 integra
923 4181 1101 4258 servanda,
1127 4182 1174 4247 ita
1198 4186 1235 4247 ut
1259 4182 1389 4246 excludi
1414 4183 1470 4248 de-

139 4270 218 4335 beat
242 4269 406 4351 quaelibet
431 4269 579 4353 deceptio
603 4268 815 4350 defectusque
839 4269 1030 4346 meditatie,
1064 4292 1127 4351 qua
1157 4270 1293 4336 libertas
1319 4271 1377 4336 illa
1401 4273 1468 4337 lae·

141 4358 240 4423 datur
263 4363 361 4440 atque
393 4358 684 4424 circumvenietur:
720 4358 926 4423 nihilominus
957 4358 1036 4423 haec
1068 4359 1138 4441 ipsa
1168 4360 1253 4424 ratio
1284 4363 1471 4428 seruandae

140 4447 305 4513 libertatis
329 4448 417 4511 ducit
442 4447 482 4511 ad
507 4447 772 4528 distinguendum
796 4448 846 4512 ius
870 4453 904 4513 et
927 4447 1005 4512 iuris
1030 4468 1133 4513 usum.

231 4537 313 4601 Sunt
342 4536 466 4600 scilicet
497 4537 681 4620 complures
712 4536 860 4603 defectus
891 4537 944 4618 qui
976 4537 1056 4601 dant
1079 4540 1130 4601 ins
1160 4537 1351 4620 repudiandi
1378 4544 1472 4605 certa

141 4624 323 4707 sponsalia3
348 4625 405 4690 sed
429 4646 492 4688 non
517 4626 700 4707 omnesqui
723 4625 773 4689 ius
789 4625 921 4703 habent,
944 4625 976 4689 in
1002 4625 1147 4706 quolibet
1163 4648 1205 4691 ex
1220 4627 1270 4691 his
1287 4627 1472 4695 defectibus
