3044 5174
277 98 393 151 Materia
411 97 552 168 proxima:
571 97 706 151 confessio
724 127 760 135 -
778 113 867 151 conse.
888 113 1002 150 examen
1021 97 1171 167 praevium.
1327 102 1391 166 219

53 273 195 341 moneri.
229 273 431 356 Quamquam
455 273 484 338 si
507 274 635 339 demum
659 273 830 356 paenitens
854 277 919 339 cult
941 275 1129 358 generalem
1154 274 1390 340 confessionem

55 363 191 441 lacere,
223 362 324 428 nimia
346 362 520 429 reticentia
543 367 595 428 est
618 362 745 428 fructus
775 363 939 445 generalis
963 363 1177 430 confessionis
1200 363 1390 441 frustratim

58 473 176 518 rerum
201 452 336 536 expedit
358 457 395 518 ut
417 453 589 536 paenitens
613 451 698 517 sciat
721 472 756 516 se
780 475 843 517 nore
866 456 967 518 teneri
990 473 1032 517 cx
1056 452 1255 534 obligatione
1283 453 1390 519 omnia

59 543 191 625 integre
216 542 333 607 dicere.

150 647 191 714 R.
224 650 255 714 4.
301 647 340 712 In
372 648 444 732 ipsa
473 647 572 713 etiam
603 647 749 729 generali
783 646 986 713 confessione
1019 649 1206 714 necessaria
1235 670 1390 731 maguum

62 736 238 802 discrimen
271 740 339 814 est,
375 741 474 821 prout
506 735 667 801 confessio
698 736 892 802 instituatur
921 737 1008 821 apud
1039 738 1274 803 confessarium
1304 738 1390 822 apud

62 847 157 908 quem
189 826 363 909 paenitens
392 825 518 910 priores
548 825 769 891 confessiones
798 825 959 904 instituit,
994 830 1052 891 aut
1082 827 1168 910 apud
1199 827 1309 894 aliurn.
1357 827 1392 894 Si

10 935 12 978 l
62 914 228 998 posterius
252 914 388 992 obtinet,
413 914 635 980 confessiones
657 914 783 998 priores
806 915 935 997 integre
960 915 1065 1000 repeti
1084 916 1220 993 debeut3
1245 917 1273 981 si
1289 916 1390 1000 prius,

61 1004 167 1070 solum
191 1009 329 1088 peccata
351 1003 442 1088 prius
466 1024 531 1069 non
555 1003 724 1070 declarata
746 1003 779 1068 in
796 1004 906 1086 rigore
931 1004 1115 1070 accusanda
1131 1008 1218 1082 sunt,
1243 1005 1390 1071 simodo

62 1093 283 1159 confessarius
306 1092 475 1159 confusam
500 1092 651 1159 notitiam
674 1097 782 1159 status
798 1094 997 1177 paenitentis
1013 1094 1134 1160 retinet
1150 1095 1203 1160 vel
1220 1115 1390 1178 recupera·

63 1183 119 1250 rit.
143 1218 190 1227 -
214 1183 374 1248 Attamen
398 1181 454 1265 qui
477 1181 632 1248 utilitatis
656 1203 774 1258 causa,
799 1203 864 1246 non
888 1203 930 1247 ex
953 1183 1153 1249 necessitate
1176 1183 1230 1248 vel
1254 1204 1296 1249 ex
1319 1184 1392 1249 sola

63 1271 272 1350 necessitate,
296 1272 483 1354 generalem
507 1271 743 1337 confessionem
767 1270 926 1348 instituit,
951 1271 1030 1337 illud
1054 1272 1229 1337 discrimen
1253 1272 1310 1337 vix
1333 1273 1391 1338 ob·

63 1361 220 1438 servabit,
245 1361 303 1426 sed
325 1364 431 1426 totam
456 1382 549 1426 suam
572 1361 676 1427 vitam
699 1361 828 1442 integre
853 1365 887 1428 et
910 1360 1064 1427 distincte
1084 1362 1295 1441 confessario,
1319 1361 1391 1445 qui·

64 1470 202 1532 cumque
225 1449 281 1514 ille
304 1453 366 1528 est,
390 1449 654 1534 patefaciendam
677 1449 815 1517 curabit.

150 1572 206 1638 An
229 1593 421 1648 ounusmuu
443 1577 482 1639 3¹¹¹
498 1573 536 1639 a.
560 1576 587 1639 1.
624 1572 818 1648 Cunibertus
840 1572 927 1638 male
951 1573 1019 1654 egit
1043 1595 1155 1639 omnes
1179 1575 1324 1656 cogendo
1348 1574 1452 1640 adal?

63 1663 251 1744 generalem
275 1663 522 1728 confessionem.
568 1662 685 1744 Neque
712 1661 851 1746 relapsis
873 1661 1156 1729 indiscriminatim
1187 1684 1260 1728 eam
1282 1666 1342 1747 pot
1366 1663 1391 1730 ‘t

64 1751 240 1836 imponere.
288 1750 409 1828 Quodsi
432 1773 496 1816 non
527 1760 648 1818 constat
678 1752 719 1817 de
748 1751 947 1817 necessitate
977 1751 1141 1834 generalis
1165 1752 1390 1832 confessionis,

63 1840 181 1907 saltem
206 1840 323 1905 morali
346 1840 487 1923 quadam
510 1840 716 1918 certitudine,
740 1862 834 1906 nemo
851 1840 974 1906 invitus
997 1840 1039 1906 ad
1063 1861 1135 1906 eam
1156 1841 1390 1907 instituendam

65 1934 113 1996 est
136 1930 313 2012 urgendus,
339 1929 416 2011 quia
439 1928 525 2013 apud
548 1929 686 1995 invitum
711 1928 838 1996 fructus
861 1950 939 1994 suos
962 1950 1037 1995 raro
1060 1930 1221 2014 producit.

151 2035 192 2101 R.
210 2039 241 2101 2.
273 2035 425 2102 Severius
448 2035 548 2101 etiam
565 2035 634 2117 egit
649 2035 853 2113 Cunibertus,
878 2035 1008 2117 quando
1030 2034 1065 2100 in
1088 2034 1288 2119 excipiendis
1312 2057 1390 2101 con·

66 2124 261 2190 sessionibus
283 2125 491 2207 generalibus
522 2145 587 2189 non
609 2124 803 2190 necessariis
834 2124 915 2189 adeo
946 2125 1118 2208 premebat
1147 2125 1390 2207 integritatem;

64 2213 205 2280 debebat
229 2213 315 2279 enim
337 2213 370 2278 id
394 2213 529 2281 arbitrio
546 2214 783 2297 paenitentiam
799 2214 994 2296 relinquere,
1019 2215 1105 2279 solos
1121 2215 1272 2280 volentes
1287 2214 1390 2281 inter·

65 2302 236 2386 rogatione
259 2302 373 2368 iuvare
396 2303 438 2368 ad
461 2302 639 2387 pleniorem
663 2301 888 2385 integritatem
913 2323 1034 2384 eosque
1064 2303 1160 2368 simul
1184 2304 1302 2369 docere
1325 2324 1390 2369 non

65 2413 135 2458 esse
158 2396 331 2477 peccatum
355 2392 466 2474 aliqua
487 2395 627 2476 peccata
649 2413 691 2457 ex
714 2391 822 2475 priore
846 2392 916 2458 vita
939 2414 1003 2458 non
1027 2392 1249 2460 manifestare.
1284 2392 1392 2460 Aliter

65 2481 186 2564 utique,
210 2481 238 2547 si
261 2486 436 2566 perspecta
459 2485 533 2547 erat
555 2481 719 2563 generalis
743 2480 957 2547 confessionis
981 2481 1171 2548 necessitas.

151 2587 192 2654 R.
218 2590 247 2654 3.
294 2587 470 2654 Methodus
493 2586 790 2667 missionariorum,
821 2587 849 2652 si
872 2587 1056 2674 generatim
1079 2609 1119 2653 ea
1149 2587 1213 2654 fuit
1236 2609 1334 2670 quarn
1356 2586 1390 2653 in

64 2697 140 2743 casu
171 2676 380 2761 paenitentes
408 2680 562 2755 narrant,
594 2697 613 2740 e
641 2676 805 2742 contrario
836 2677 1093 2742 commendanda
1123 2698 1202 2743 sane
1232 2699 1296 2742 non
1327 2683 1388 2744 est.

66 2766 165 2832 Plane
189 2766 354 2832 reicienda
377 2771 475 2844 esset,
499 2766 528 2831 si
551 2771 706 2846 ageretur
729 2765 769 2831 de
793 2764 996 2831 confessione
1019 2766 1166 2847 generali
1191 2767 1388 2832 necessaria.

63 2856 126 2921 Sed
149 2855 282 2922 etiamsi
305 2856 347 2921 ab
369 2855 439 2920 eius
462 2854 660 2921 necessitate
683 2855 903 2922 abstrahitur:
933 2854 989 2938 qui
1017 2854 1051 2919 in
1081 2854 1236 2921 missione
1259 2855 1390 2940 publica

63 2944 251 3026 generalem
275 2944 513 3011 confessionem
536 2943 674 3022 faciunt,
699 2944 826 3011 malunt
842 2964 914 3010 eam
930 2942 978 3010 ita
993 2942 1176 3023 instituere,
1201 2965 1241 3009 ac
1257 2945 1284 3010 si
1301 2949 1391 3011 esset

10 3104 13 3109 .
64 3033 259 3100 necessaria.
296 3033 403 3110 Quare
419 3033 638 3099 confessarius
661 3033 801 3116 quidem,
826 3033 853 3097 si
877 3032 968 3099 videt
991 3033 1115 3099 nullam
1138 3054 1180 3099 ne
1203 3033 1390 3118 suspicandi

10 3137 13 3202 ζ
63 3123 193 3205 quidem
218 3143 350 3188 causam
374 3143 448 3189 esse
471 3144 528 3189 cur
550 3122 676 3207 priores
700 3122 921 3188 confessiones
943 3122 1127 3188 habeantur
1149 3144 1208 3207 pro
1224 3122 1388 3202 invalidis,

64 3211 227 3278 moderari
250 3215 361 3296 potest
383 3233 462 3278 suas
483 3212 777 3294 interrogationes;
809 3232 923 3277 verum
954 3210 1194 3277 accusationem
1225 3233 1324 3294 quam
1348 3233 1390 3277 ex

10 3292 25 3345 ³¹·
65 3322 99 3367 se
119 3301 249 3367 faciunt
270 3301 478 3385 paenitentes
501 3302 664 3384 integram
688 3300 817 3379 audire,
841 3300 940 3365 immo
964 3320 1021 3366 eos
1044 3299 1132 3385 ipsos
1155 3300 1389 3384 interrogando

10 3402 18 3420 “
66 3390 110 3456 ita
131 3390 249 3456 iuvare
279 3390 379 3457 etiam
403 3391 520 3470 debet,
551 3396 588 3456 ut
611 3390 710 3457 animi
733 3389 1007 3472 tranquillitatem
1039 3389 1169 3455 omnino
1193 3390 1388 3474 concipiant.

69 3479 149 3545 Nam
173 3479 201 3545 si
226 3479 447 3546 confessarius
477 3501 589 3545 eorum
620 3479 842 3545 narrationem
866 3478 1048 3563 abrumpit,
1081 3479 1191 3545 omnia
1214 3476 1312 3562 quam
1336 3501 1389 3545 ce·

10 3566 27 3610 ἱ
68 3567 194 3634 len-ime
218 3568 311 3634 finire
334 3570 456 3646 studet,
480 3569 687 3651 paenitentes
710 3567 816 3632 securi
840 3588 905 3633 non
921 3568 1111 3647 redduntur,
1135 3569 1194 3634 sed
1210 3569 1390 3652 inquietam

10 3658 31 3716 li
68 3658 299 3724 conscientiam
321 3679 431 3723 secum
455 3678 514 3742 per
537 3657 707 3724 diuturnos
731 3678 834 3722 annos
857 3657 1046 3740 portabunt.

10 3850 34 3928 ῗ
94 3848 283 3916 ΕΧΑΜΕΝ
306 3846 625 3914 OONSOIENTIAE
649 3808 937 3914 OONFESSIONI
960 3847 1359 3918 PRAEMITTENDUM.

630 3996 741 4062 Casus.
762 4003 837 4071 (110)

152 4134 335 4199 conradusa
350 4140 490 4212 quattuor
503 4134 656 4195 mensibus
668 4156 727 4195 non
742 4137 897 4196 confessus
911 4135 963 4195 vix
974 4141 1042 4195 ante
1057 4136 1183 4195 medium
1197 4134 1389 4210 quadrantem

70 4219 221 4279 ecclesiam
235 4216 411 4287 intraverat,
434 4234 499 4274 cum
512 4216 595 4274 videt·
608 4217 793 4276 sacerdotem
815 4217 927 4276 intrare
950 4216 1174 4276 confessionale.
1199 4215 1242 4273 Ne
1265 4218 1301 4273 ab
1323 4216 1390 4275 aliis

10 4300 32 4364 Τ
71 4297 285 4373 paenitentibus
306 4297 355 4372 qui
377 4295 524 4373 incipiunt
546 4297 694 4356 confluere
715 4297 927 4374 praeveniatur
955 4303 985 4356 et
1013 4296 1123 4356 diutius
1145 4302 1321 4371 exspectare
1343 4297 1389 4356 de·

10 4378 31 4421 :-
70 4379 141 4450 beat,
163 4377 268 4439 statim
289 4396 322 4435 se
344 4376 488 4452 colligens
503 4377 662 4435 confitendi
677 4396 768 4436 causa
784 4377 906 4437 aceedit.
935 4377 1015 4435 Nihil
1031 4377 1121 4435 habet
1135 4376 1208 4435 nisi:
1231 4376 1389 4452 aliquando

10 4466 29 4509 et
69 4478 97 4519 se
115 4460 248 4519 rixatum
270 4475 338 4515 esse
358 4455 492 4516 nonnihil
515 4476 580 4515 curn
601 4477 710 4529 uxore,
739 4457 896 4533 aliquoties
925 4477 957 4516 se
978 4456 1169 4515 maledixisse
1198 4458 1250 4516 sed
1271 4476 1330 4516 nou
1352 4477 1390 4516 ex
