3044 5174
143 247 210 312 ,176
601 243 806 299 Sacramentum
824 236 1014 315 paenitentiae.

86 430 138 485 000
235 420 273 487 R.
298 423 328 487 2.
375 420 542 487 Eiusmodi
565 420 699 487 moralis
720 419 917 504 praesentia,
942 421 1080 487 docente
1102 420 1135 486 S.
1152 418 1332 504 Alpbonso,
1357 441 1399 486 ea
1422 422 1475 486 est

146 507 178 572 in
210 530 274 591 qua
297 510 444 575 homines
474 509 635 576 communi
658 531 739 576 voce
769 510 856 576 inter
882 530 918 575 se
948 507 1088 591 colloqui
1118 509 1261 594 possint;
1295 510 1384 592 quod
1414 529 1474 575 ex·

146 599 237 663 tendi
268 598 497 682 possitneque
524 600 568 666 ad
591 599 722 665 circiter
745 602 787 665 20
809 619 942 683 passus,
974 599 1167 682 praesertim
1197 598 1327 681 quando
1358 598 1473 682 paeni·

147 691 219 752 tens
242 689 385 753 nondum
409 709 561 771 egressus
583 689 627 755 sit
650 710 668 754 0
691 693 867 772 conspectu
891 686 1091 754 confessarii.
1138 687 1191 754 Ita
1217 686 1396 755 tenendum
1421 691 1474 753 est

147 780 184 842 ut
205 777 351 860 practice
375 787 455 843 certo
479 785 593 843 constet
616 778 656 843 de
679 777 802 844 valore.

235 874 454 940 Nihilominus
496 875 612 942 ultima
650 875 751 940 verba
789 874 821 941 S.
860 873 957 958 Alph.
1001 874 1140 940 innuunt
1177 873 1336 939 moralem
1375 894 1473 958 prae·

146 963 287 1030 sentiam
319 985 383 1030 non
417 984 435 1029 e
463 965 535 1030 sola
567 963 724 1031 distantia
756 963 814 1029 sed
849 962 949 1029 etiam
981 983 1024 1028 ex
1055 962 1128 1028 aliis
1161 961 1325 1030 adiunctis
1354 962 1473 1028 diiudi-

146 1074 238 1208 01010Ξῆ
242 1053 341 1208 equod
363 1053 568 1119 verissimum
592 1057 653 1131 est,
678 1052 820 1118 maxime
843 1073 916 1117 cum
939 1052 1049 1135 agitur
1072 1051 1112 1117 de
1135 1051 1337 1118 absolvenda
1360 1051 1474 1118 multi·

236 1248 275 1315 R.
301 1251 330 1316 3.
376 1248 425 1315 Ut
454 1268 533 1313 vero
562 1248 658 1313 dubie
687 1247 819 1331 quidem
848 1247 906 1312 sed
929 1245 1143 1331 probabiliter
1172 1245 1315 1313 exsistat
1337 1247 1471 1313 moralis

147 1337 334 1422 praesentia
357 1337 444 1404 inter
465 1357 539 1402 eum
563 1337 617 1418 qui
641 1336 783 1402 absolvit
812 1340 846 1403 et
869 1356 942 1420 eum
973 1335 1027 1418 qui
1058 1335 1256 1413 absolvitur,
1287 1335 1413 1402 sufficit
1436 1342 1470 1404 ut

147 1426 269 1511 percipi
293 1426 512 1492 absolvendus
536 1429 642 1512 aliquo
665 1448 759 1491 sensu
782 1424 895 1508 possit.
942 1424 1031 1508 Ergo
1061 1424 1096 1490 in
1119 1423 1319 1490 necessitate
1348 1426 1470 1492 tentari

148 1515 244 1581 debet
267 1515 491 1582 condicionata
522 1514 701 1593 absolutio,
732 1513 886 1595 quamdiu
916 1511 986 1579 sive
1016 1512 1130 1580 auditu
1162 1513 1232 1578 sive
1255 1513 1330 1579 visu
1353 1513 1470 1598 aliquis

147 1604 274 1670 ratione
298 1603 475 1671 distantiae
492 1606 596 1689 possit
618 1603 748 1687 attingi,
773 1602 835 1669 etsi
858 1602 945 1668 forte
967 1606 1102 1687 propter
1124 1601 1395 1686 impedimentum
1417 1625 1469 1671 ac·

148 1693 309 1760 cidentale
331 1714 368 1759 re
391 1693 463 1777 ipsa
486 1714 550 1759 non
574 1693 705 1760 videtur
727 1712 833 1775 neque
856 1691 997 1759 auditur.
1044 1692 1076 1759 S.
1100 1691 1217 1776 Alpln
1241 1692 1319 1759 ibid.

234 1815 288 1881 An
315 1836 506 1892 0000οι000
529 1817 567 1880 2¹n
598 1815 637 1883 R.
683 1814 855 1882 Absolutio
884 1813 1097 1899 plurimorum
1126 1835 1186 1898 per
1214 1815 1347 1881 modum
1377 1817 1469 1882 unius

147 1905 252 1972 valeri
274 1905 461 1971 nullatenus
484 1905 587 1983 obest,
612 1905 638 1970 si
663 1908 810 1971 mutatur
825 1925 891 1969 vox
919 1907 989 1982 ,te“
1016 1904 1049 1968 in
1075 1907 1171 1982 ,vos“
1191 1907 1225 1970 et
1247 1904 1419 1988 profertur
1439 1905 1469 1971 in

145 2000 347 2080 praesentes.
393 1993 479 2059 Nam
504 2015 619 2060 sensus
642 1993 830 2061 verificatur
851 1993 885 2059 in
910 2014 1030 2060 omnes.
1070 1993 1134 2060 Sed
1158 1997 1255 2059 extra
1278 2013 1392 2060 casum
1416 2016 1469 2061 ne-

148 2084 313 2151 cessitatis
335 2084 368 2149 id
390 2083 515 2150 licitum
538 2105 603 2150 non
627 2088 688 2151 est.

86 2215 135 2271 301
235 2208 289 2273 Au
312 2228 503 2283 quansmuu
527 2210 567 2272 3³²
588 2208 628 2272 R.
655 2210 684 2273 1.
730 2205 828 2272 Ratio
859 2205 1036 2271 solvendae
1059 2204 1155 2271 huius
1184 2204 1388 2288 quaestionis
1411 2210 1467 2284 est,

147 2297 232 2364 sitne
255 2297 342 2363 inter
374 2318 430 2362 eos
454 2296 509 2379 qui
532 2296 638 2362 medio
661 2295 839 2379 telephonii
863 2296 1093 2377 colloquuntur
1115 2293 1249 2360 moralis
1272 2294 1467 2378 praesentia,
1510 2286 1512 2353 l

147 2408 189 2451 an
212 2385 354 2451 humano
378 2385 473 2451 modo
497 2385 633 2451 dicenda
663 2385 707 2451 sit
736 2385 817 2451 hacc
846 2383 1096 2449 communicatio
1123 2404 1181 2450 seu
1204 2383 1380 2450 collocutio
1403 2383 1468 2450 fieri
1510 2358 1512 2407 Ι

147 2480 230 2540 inter
260 2477 410 2541 abscedes.
457 2474 619 2541 Existimo
649 2474 812 2558 posterius
842 2493 915 2538 esse
944 2494 1078 2538 verum:
1109 2473 1195 2539 unde
1225 2472 1384 2539 concludo
1415 2473 1468 2538 ab·
1510 2476 1512 2533 i

146 2564 435 2719 {glutionemffipggr
468 2562 689 2648 telephonium
724 2584 789 2628 non
824 2583 896 2628 esse
930 2561 1083 2627 validam.
1135 2562 1190 2628 lb.
1226 2584 1268 2629 m.
1303 2560 1353 2640 Il,
1391 2563 1467 2637 8763

189 2675 258 2719 000
281 2676 311 2720 n.
427 2705 434 2720 .

235 2760 274 2826 n.
299 2763 329 2826 2.
376 2760 458 2825 Eam
483 2762 578 2826 extra
602 2776 713 2825 casmn
736 2757 943 2824 necessitatis
966 2757 1084 2823 saltem
1108 2778 1172 2823 non
1196 2756 1295 2823 licere
1319 2778 1415 2823 nemo
1437 2755 1467 2822 in

146 2850 277 2914 dubium
300 2855 408 2915 vocat.
456 2849 538 2915 Sunt
562 2849 616 2929 qui
640 2847 745 2913 velint
767 2848 913 2913 valorem
938 2846 1122 2912 defendere.
1155 2846 1188 2913 S.
1212 2845 1468 2913 Paenitentiaria
1508 2874 1512 2987 A

145 2938 350 3020 interrogata
380 2939 410 3004 d.
437 2941 453 3002 1
479 2936 552 3002 Iulii
578 2939 663 3002 1884
694 2935 872 3002 declinavit
895 2956 1102 3019 responsum,
1134 2935 1244 3001 dicens
1277 2935 1376 3014 „nihil
1400 2955 1467 3002 esse

96 3077 98 3081 .
145 3028 437 3112 respondendum“.
490 3026 598 3103 Quare
628 3030 805 3108 antequam
839 3024 1061 3090 ecclesiastica
1097 3023 1278 3090 auctoritas
1313 3045 1385 3091 rem
1415 3025 1467 3090 de·

144 3117 281 3193 finierit,
313 3138 385 3182 eum
410 3115 464 3199 qui
487 3115 520 3180 in
544 3136 622 3180 casu
646 3135 792 3180 summae
815 3113 1022 3180 necessitatis
1052 3113 1100 3179 ita
1123 3112 1303 3179 absolverit
1325 3133 1393 3179 non
1415 3133 1467 3180 ac·

145 3227 231 3283 cuso,
256 3206 284 3271 si
307 3206 403 3271 modo
426 3226 467 3270 ne
491 3209 581 3287 agat,
606 3225 644 3270 ac
660 3203 688 3268 si
705 3207 829 3269 certam
846 3202 973 3269 dederit
988 3202 1236 3269 absolutionem.
1268 3200 1316 3269 Cf.
1333 3202 1467 3269 Balle-

144 3295 379 3361 rint-Palm.
405 3295 426 3360 l.
451 3315 478 3359 c.
503 3316 534 3359 0.
560 3296 612 3372 32,
638 3293 806 3359 Sabetti
830 3314 861 3358 0.
887 3293 962 3370 728,
986 3292 1022 3369 Q.
1048 3294 1079 3358 7.

83 3439 135 3494 002
233 3427 286 3491 An
302 3447 493 3503 0000οι000
514 3429 554 3490 4²¹¹
577 3426 616 3491 R.
636 3428 665 3491 1.
696 3426 734 3488 ln
753 3427 861 3510 primo
884 3445 962 3489 casu
978 3427 1067 3489 recte
1091 3421 1221 3504 quidem
1237 3421 1318 3489 fecit
1334 3422 1466 3490 Carolus

145 3516 382 3599 pronuntiando
407 3515 558 3581 celeriter
581 3516 683 3580 verba
706 3513 929 3592 absolutionis
954 3511 1082 3578 omissis
1098 3510 1246 3577 omnibus
1269 3514 1465 3596 praeceden-

144 3605 247 3682 tibus,
276 3627 347 3670 cum
372 3605 509 3688 supponi
533 3604 638 3688 possit
659 3603 883 3688 paenitentem
905 3623 970 3667 non
994 3606 1123 3668 tantum
1147 3601 1270 3667 distare
1299 3606 1338 3669 ut
1361 3623 1466 3669 mora·

144 3695 220 3759 liter
243 3714 398 3777 praesens
422 3693 561 3778 amplius
583 3714 649 3758 non
672 3692 725 3759 sit.
773 3691 896 3757 Verum
923 3712 1000 3756 num
1031 3690 1161 3774 reipsa
1191 3689 1365 3775 paenitens
1389 3701 1466 3758 cedo

143 3786 249 3848 ‘crutide
278 3784 485 3859 absolvatur,
517 3784 558 3848 ab
589 3803 627 3848 eo
657 3781 779 3866 pendet
808 3803 884 3846 num
908 3781 1039 3864 reipsa
1062 3801 1126 3846 non
1150 3780 1215 3845 iam
1238 3778 1340 3846 fuerit
1363 3779 1398 3847 in
1420 3780 1465 3846 di·

144 3872 268 3938 stantia
291 3893 374 3955 quae
398 3894 515 3956 passus
539 3875 581 3938 20
605 3871 735 3937 circiter
759 3870 898 3936 excedit.

232 3979 271 4044 R.
298 3982 327 4044 2.
355 3981 411 4050 ¹In
434 3982 571 4046 seeundo
594 4000 671 4045 casu
701 3999 760 4061 per
789 3999 826 4042 se
855 3980 945 4042 recte
969 3976 1038 4059 egit
1061 3975 1148 4056 (cum
1178 3974 1249 4041 sino
1272 3975 1465 4043 difficultate
1505 4032 1512 4045 .

144 4068 175 4132 id
206 4068 331 4151 posset)
362 4090 400 4133 eo
425 4069 509 4152 quod
533 4067 756 4152 paenitentem
780 4065 1004 4144 revocaverit,
1037 4065 1065 4131 si
1095 4065 1191 4131 modo
1222 4064 1272 4132 ita
1300 4065 1410 4148 egerit
1432 4068 1465 4131 00
1506 4068 1512 4199 q

143 4157 233 4222 nulla
257 4157 382 4239 species
406 4157 519 4223 violati
536 4156 635 4239 sigilli
651 4155 804 4223 adfuerit.
835 4155 959 4220 Verum
975 4176 1038 4219 non
1056 4154 1161 4219 minus
1177 4157 1268 4220 recte
1284 4154 1411 4236 egisset
1424 4191 1464 4203 -

142 4246 240 4310 immo
252 4247 368 4311 melius
380 4285 433 4322 —,
451 4247 478 4310 si
490 4245 602 4311 statim
615 4245 860 4327 pronuntiasset
872 4245 1010 4310 formam
1025 4242 1238 4310 absolutionis
1251 4247 1286 4309 et
1305 4243 1464 4310 omisisset

143 4335 373 4418 praecedentia
397 4336 496 4400 verba
520 4357 584 4399 non
608 4335 810 4399 necessaria:
842 4356 917 4398 nam
941 4339 1012 4399 tum
1036 4337 1125 4399 certe
1149 4333 1271 4399 mansit
1294 4333 1463 4417 paenitens

143 4426 228 4489 inter
251 4429 356 4490 totam
381 4425 592 4489 absolutionis
615 4423 754 4488 formam
779 4424 948 4489 moraliter
971 4443 1138 4506 praesens,
1163 4443 1269 4504 neque
1288 4443 1373 4506 opus
1396 4426 1462 4488 erat

143 4519 179 4579 ut
211 4535 283 4577 oum
316 4514 434 4579 rubore
467 4513 635 4596 paenitens
668 4516 889 4577 revocaretur.
936 4512 1026 4587 Quod
1060 4512 1093 4575 in
1126 4514 1216 4577 lertio
1246 4532 1327 4577 casu
1358 4516 1462 4578 atten-

143 4602 218 4666 dere
243 4604 362 4669 debuit.

1502 4646 1512 4803 l

1501 4814 1512 5092 l
