3044 5174
139 292 205 356 376
484 290 689 347 Sacramentum
707 291 898 363 paenitentiae.
917 322 952 334 -
971 293 1124 364 Appendix.
1155 308 1158 316 ·

227 466 266 531 R.
285 468 315 533 3.
347 466 436 543 Quae
451 467 656 550 indulgentia
678 469 726 536 ita
741 469 945 553 intellegitur
967 474 1083 536 utnon
1097 469 1131 535 in
1146 469 1220 553 ipsa
1236 470 1457 538 benedictione

138 555 338 636 acquiratur,
363 557 421 621 sed
444 562 481 622 ut
504 557 687 641 applicetur
709 558 742 624 in
765 558 836 641 ipso
860 580 939 624 vcro
962 559 1077 624 mortis
1102 559 1242 626 articulo
1265 581 1325 625 seu
1349 559 1385 624 in
1407 580 1456 624 ax·

137 648 243 709 tremo
260 645 349 710 vitae
373 651 547 723 momento,
573 668 637 729 quo
660 648 839 731 praeterito
864 648 973 713 anima
995 647 1062 713 iam
1085 669 1150 713 non
1166 652 1218 714 est
1232 649 1268 714 in
1284 653 1378 716 statu
1395 649 1456 714 vin·

137 732 236 799 toris:
260 735 309 799 ita
331 738 369 799 ut
391 734 446 799 ille
469 735 523 817 qui
548 736 632 801 hanc
648 737 883 819 indulgentiam
901 738 997 820 pleno
1014 739 1132 804 effectu
1149 737 1312 819 acquirat,
1336 738 1415 802 nihil
1428 737 1454 802 in

139 822 245 888 altera
258 822 327 888 vita
341 822 463 890 habeat
476 825 640 902 luendum,
657 827 714 892 ssd
728 825 841 892 statim
857 827 898 891 ad
913 827 1089 892 caelestem
1103 827 1242 908 gloriam
1256 826 1453 894 admittatur.

138 911 344 995 Quapropter
367 914 503 978 effectus
525 913 749 997 indulgentiae
773 914 889 980 nititur
912 915 1041 999 quidem
1065 915 1099 981 in
1123 915 1352 982 benedictione
1372 923 1455 982 ante·

138 1000 277 1077 cedenti,
301 1001 359 1066 sed
375 1003 601 1086 suspenditur;
626 1025 731 1086 neque
746 1004 802 1069 ille
819 1005 873 1086 qui
889 1003 1141 1083 reconvaluerit,
1165 1005 1343 1087 quicquam
1359 1004 1454 1069 indul·

137 1089 270 1172 gantiae
293 1091 485 1173 acquisivit,
518 1092 595 1175 quia
618 1093 759 1158 nondum
784 1093 826 1158 ad
857 1093 1008 1159 ultimum
1037 1093 1127 1160 vitae
1157 1098 1361 1160 momentum
1390 1114 1454 1179 par·

138 1187 285 1244 venerat.

227 1269 318 1333 Haec
342 1289 384 1333 ex
408 1269 627 1353 compluribus
651 1270 791 1336 decretis
815 1273 848 1338 S.
875 1272 908 1337 0.
932 1271 1062 1356 Indulp.
1087 1269 1271 1336 certissima
1293 1275 1382 1338 sunt.

228 1358 373 1423 Effectus
396 1362 507 1423 autern
531 1381 593 1424 non
616 1367 715 1444 polest
738 1359 851 1424 haberi
875 1363 989 1436 totalis,
1014 1359 1076 1424 nisi
1100 1360 1173 1441 quis
1196 1364 1333 1428 areatu
1348 1360 1453 1444 culpae

137 1445 237 1512 etiarn
261 1446 448 1511 levissimae
470 1446 622 1512 immunis
646 1449 800 1514 evaserit.
825 1486 869 1497 —
893 1448 994 1525 Quem
1018 1448 1171 1515 effectum
1199 1448 1303 1530 igitur
1332 1449 1366 1514 in
1398 1448 1454 1513 sin·

136 1535 222 1617 gulis
246 1535 394 1600 fidelibus
418 1535 601 1602 benedictio
625 1537 682 1602 illa
705 1538 835 1614 habeat,
860 1536 969 1601 divino
993 1537 1112 1602 iudicio
1135 1543 1187 1604 est
1205 1538 1454 1621 relinquendum.

75 1680 127 1735 660
226 1661 278 1723 An
302 1680 493 1735 qunasrrnu
517 1663 556 1724 2¹¹²
580 1661 618 1726 R.
646 1662 674 1726 1.
706 1660 918 1726 Condiciones
941 1659 1147 1725 necessariae
1170 1681 1212 1725 ex
1234 1662 1332 1743 parte
1356 1681 1455 1726 sacer

137 1746 223 1812 dotis
247 1748 444 1832 applicantis
467 1748 727 1815 benedictionem
746 1754 841 1815 sunt:
867 1750 900 1831 a)
916 1753 953 1815 ut
969 1769 1086 1815 revera
1101 1749 1285 1815 instructus
1299 1749 1346 1816 sit
1361 1749 1454 1815 facul·

136 1840 224 1913 tate,
255 1837 318 1902 nisi
341 1837 428 1904 forte
450 1838 661 1903 moribundus
686 1860 728 1904 ex
752 1843 841 1905 certo
866 1839 974 1919 aliquo
998 1837 1095 1904 titulo
1125 1837 1176 1903 ius
1200 1838 1414 1920 acquisiverit
1438 1858 1454 1904 a

136 1926 281 2009 quolibet
304 1926 476 1992 sacerdote
499 1927 552 1991 vel
576 1926 776 1992 confessario
801 1949 872 1993 earn
896 1926 1089 2011 recipiendi;
1122 1927 1157 2008 b)
1180 1931 1219 1993 ut
1241 1926 1284 1992 ad
1308 1927 1453 1992 amussim
1492 1928 1495 1946 '

136 2021 249 2081 servet
277 2015 451 2081 formulam
475 2037 496 2081 a
518 2016 665 2082 Bened.
688 2017 767 2081 XIV
796 2017 1051 2101 praescriptam:
1084 2016 1137 2081 ubi
1166 2015 1267 2082 etiam
1296 2016 1454 2100 provisum
1488 1978 1494 2119 i

136 2109 188 2171 est
209 2126 268 2188 pro
285 2126 362 2170 casu
386 2126 450 2187 quo
473 2104 653 2189 periculum
676 2106 775 2171 sitin
799 2126 900 2182 mora,
924 2105 958 2169 in
981 2126 1045 2187 quo
1069 2106 1133 2171 solo
1156 2126 1234 2170 casu
1250 2105 1375 2172 sufficit
1397 2106 1455 2170 for
1490 2122 1494 2131 ’

136 2194 225 2259 mula
249 2194 458 2263 abbreviata:

226 2291 264 2356 R.
283 2293 312 2356 2.
345 2291 397 2354 Ex
420 2294 515 2374 parte
538 2290 721 2356 moribundi
744 2290 922 2372 requiritur
938 2290 972 2372 a)
987 2290 1151 2374 susceptio
1168 2296 1453 2364 sacramentorum,
1488 2254 1494 2405 Ι

136 2380 164 2445 si
194 2380 265 2445 ficri
295 2379 418 2463 potuit,
450 2380 572 2461 alioqui
602 2379 720 2446 saltem
750 2384 859 2446 status
888 2380 1018 2460 gratiae
1045 2400 1105 2463 per
1128 2379 1359 2446 contritionem
1389 2402 1455 2464 per·

136 2469 275 2543 iectam3
299 2468 398 2533 immo
421 2468 585 2535 sacerdoti
608 2469 799 2542 mandatur,
824 2474 861 2535 ut
884 2469 917 2534 in
941 2468 1027 2533 omni
1052 2489 1130 2533 casu
1153 2467 1383 2534 moribundum
1405 2491 1455 2534 ex·

137 2559 217 2624 citet
240 2557 283 2623 ad
306 2563 416 2624 actum
440 2558 589 2624 caritatis
613 2563 648 2623 et
666 2557 871 2624 contritionis
886 2579 985 2641 quam
1000 2557 1265 2624 ferventissimae
1281 2597 1326 2605 —
1343 2558 1456 2623 sufficit

136 2652 246 2712 autem
271 2651 424 2726 conatus;

226 2736 259 2818 b)
283 2735 459 2817 requiritur
482 2740 519 2801 ut
542 2736 751 2800 moribundus
781 2758 850 2819 ore,
881 2735 908 2800 si
939 2734 1060 2819 possit,
1092 2734 1175 2801 alias
1204 2735 1324 2802 saltem
1356 2736 1455 2811 corde,

136 2848 247 2891 numen
271 2827 343 2889 Iesu
365 2829 417 2910 pie
440 2828 579 2907 incocet;
600 2825 641 2892 cf.
666 2826 760 2891 Decr.
785 2826 871 2890 autb.
896 2846 927 2890 n.
953 2826 1015 2889 237
1041 2824 1083 2889 ad
1109 2827 1167 2896 7¹¹²;

226 2913 257 2995 c)
287 2915 464 2995 requiritur
487 2919 523 2980 ut
546 2914 650 2996 ipsam
674 2918 812 2978 mortem
841 2912 955 2978 libenti
984 2913 1092 2978 animo
1123 2913 1164 2976 de
1186 2933 1286 2977 manu
1310 2913 1372 2978 Dei
1395 2934 1457 2977 sus·

137 3002 253 3087 cipiat:
288 3003 327 3067 de
350 3025 413 3086 quo
438 3003 584 3067 Bened.
609 3003 687 3067 XIV
710 3002 743 3066 in
767 3002 876 3067 Const.
901 3002 987 3068 laud.
1012 3001 1108 3067 dicit:
1144 3001 1233 3078 ,Hoc
1258 3001 1346 3066 enim
1369 3023 1456 3087 prae-

137 3093 230 3175 cipue
254 3113 335 3175 opus
358 3093 390 3157 in
413 3092 596 3157 huiusmodi
611 3091 750 3156 articulo
768 3091 955 3157 constitutis
970 3091 1166 3173 imponimus
1182 3094 1216 3156 et
1232 3089 1453 3173 iniungimus‘

227 3182 376 3246 Ceterum
402 3182 491 3246 valet
514 3181 595 3246 haec
618 3179 810 3257 benedictio,
835 3185 878 3259 et,
904 3184 1062 3262 quantum
1087 3201 1128 3245 ex
1152 3180 1223 3263 ipsa
1245 3185 1306 3258 est,
1332 3179 1456 3245 habebit

136 3270 170 3335 in
195 3292 273 3335 vero
297 3270 412 3336 mortis
436 3270 573 3335 articulo
598 3291 692 3336 suum
715 3270 883 3346 effectum,
912 3269 1012 3334 etiam
1036 3268 1080 3346 si,
1110 3290 1183 3333 cum
1207 3268 1343 3334 daretur
1367 3271 1456 3334 bene

138 3360 254 3434 dictio,
278 3359 457 3442 periculum
482 3359 596 3424 mortis
620 3359 761 3423 nondum
786 3363 859 3424 erat
881 3358 1063 3436 imminens,
1091 3359 1207 3423 aderat
1236 3363 1349 3424 tamen
1380 3358 1456 3423 eius·

138 3448 234 3602 lln9⁰dlll
246 3449 279 3512 in
304 3449 488 3603 {iiim
511 3453 661 3514 extrema
684 3447 803 3514 unctio
851 3447 903 3514 Ita
927 3468 1082 3532 expresse
1105 3449 1139 3514 S.
1166 3448 1199 3512 0.
1223 3448 1354 3532 Irrdulp.
1380 3448 1409 3514 d.
1431 3446 1455 3511 d.

236 3559 282 3603 ec.
399 3589 405 3603 .

75 3669 125 3722 661
227 3658 280 3722 An
303 3680 494 3735 qnaasmun
512 3663 550 3724 3²¹
565 3659 605 3726 R.
626 3664 653 3726 l.
686 3659 762 3724 Sine
786 3658 882 3724 dubio
906 3680 948 3723 ex
972 3666 1067 3741 parte
1090 3657 1282 3735 sacerdotis,
1307 3657 1337 3722 si
1360 3658 1455 3724 facul-

138 3753 209 3815 tate
232 3748 411 3813 instructus
430 3753 512 3824 erat,
537 3748 719 3814 benedictio
743 3748 925 3832 apostolica
948 3747 1018 3812 dari
1042 3747 1160 3831 potuit.
1194 3747 1356 3812 Rituale
1380 3748 1455 3813 enirn

137 3838 244 3905 Rom.
269 3841 380 3903 monet
411 3858 566 3920 expresse
594 3858 685 3915 ,eam
709 3838 848 3902 dandam
874 3857 946 3901 esse
977 3836 1076 3902 etiam
1100 3836 1140 3901 iis
1164 3835 1218 3918 qui
1242 3836 1456 3901 verisimiliter

138 3927 327 4012 petiissent,
365 3926 415 3991 vel
451 3927 600 3992 dederint
632 3926 727 4008 signa
762 3925 982 4002 contritionis,
1019 3926 1080 3990 etsi
1116 3931 1232 4009 postea
1266 3925 1334 3992 sint
1369 3945 1456 3992 sensu

139 4017 322 4082 destituar.

228 4114 265 4180 a.
288 4117 317 4180 2.
350 4113 437 4178 Num
453 4135 490 4178 re
506 4111 769 4177 veraAmadeus¹
791 4112 1028 4194 indulgentiam
1053 4133 1124 4176 cum
1150 4113 1269 4177 effectu
1292 4111 1455 4178 habiturus

138 4205 198 4281 sit,
225 4204 344 4286 pendet
368 4204 409 4268 ab
434 4224 472 4267 eo
496 4206 605 4269 utrum
631 4202 836 4267 condiciones
859 4201 1079 4278 necessarias,
1111 4201 1205 4265 modo
1230 4200 1338 4267 dictas
1362 4202 1402 4267 ad
1425 4203 1455 4263 2·

139 4292 177 4358 a,
204 4295 240 4369 2,
264 4292 466 4375 impleverit,
491 4293 544 4356 vel
569 4292 669 4357 etiam
694 4296 809 4374 postea
833 4291 874 4356 ad
899 4290 949 4354 aui
973 4290 1204 4355 conscientiam
1228 4311 1383 4356 reversus
1405 4290 1454 4354 irn-

139 4383 287 4465 pleturus
310 4381 410 4447 fuerit
433 4384 511 4445 ante
534 4401 626 4445 suam
651 4385 800 4456 mortem,
824 4400 936 4445 neena
969 4379 1042 4444 Nisi
1061 4379 1162 4461 igitur
1180 4379 1213 4443 in
1229 4383 1322 4445 statu
1338 4379 1454 4462 gratiae
1491 4342 1497 4481 ¹

140 4471 281 4536 exsistat
304 4471 356 4534 vel
380 4492 415 4534 se
439 4470 677 4535 constituturus
701 4469 753 4545 sit,
777 4467 839 4532 nisi
861 4490 978 4533 nomen
994 4469 1067 4533 lesu
1084 4469 1200 4535 saltem
1218 4468 1317 4534 eorde
1332 4470 1453 4534 invoca·
1493 4484 1496 4493 ·

139 4561 227 4624 verit
250 4560 303 4624 vel
326 4559 538 4624 invocaturus
562 4557 615 4633 sit,
641 4557 702 4622 nisi
725 4562 898 4641 praeterea
921 4563 1029 4624 actum
1053 4558 1199 4641 posuerit
1222 4558 1274 4621 vel
1301 4558 1454 4642 positurus

140 4649 192 4721 sit,
218 4670 281 4730 quo
305 4647 418 4713 libenti
444 4648 551 4713 animo
574 4652 713 4713 mortem
744 4647 849 4731 ipsam
879 4647 920 4711 de
950 4667 1048 4712 manu
1073 4647 1132 4711 Dei
1162 4651 1330 4730 acceptet:
1361 4644 1454 4712 indul·
