3044 5174
513 289 629 345 Eructue
647 293 675 343 et
694 289 840 360 applicatio
859 290 966 344 missae.
1341 293 1402 357 109

166 464 310 530 Gravior
332 464 509 530 difficultas
533 468 600 543 est,
625 464 651 530 si
684 464 906 548 paenitentiae
930 465 1024 549 signa
1048 487 1111 531 non
1136 465 1225 532 dedit
1250 466 1301 531 vel
1325 467 1404 531 darc

79 575 141 620 non
165 553 292 637 potuit:
316 554 348 619 in
373 574 435 636 quo
460 575 538 619 casu
562 556 672 619 manet
696 554 765 619 eius
788 555 898 620 anima
914 555 1257 621 excommunicationis
1274 555 1403 620 viuculo

79 644 192 726 ligata.
244 643 352 720 Quare
376 642 480 707 videri
502 643 607 727 possit
630 664 694 707 non
719 643 817 708 licere
840 644 881 708 ad
906 643 975 708 eius
998 644 1199 728 petitionem,
1224 665 1320 725 quam
1346 665 1403 710 ex·

77 732 200 815 pressit
223 732 257 797 in
280 735 494 807 testamento,
517 732 649 797 missam
675 732 851 810 celebrare,
876 753 948 798 cum
972 733 1049 798 talis
1073 733 1322 798 communicatio
1346 753 1405 797 ex·

78 820 312 887 communicati
344 842 416 886 cum
440 820 588 886 Ecclesia
617 820 776 904 permissa
807 821 852 888 sit
881 823 984 887 solum
1016 823 1048 886 in
1078 822 1227 886 favorem
1251 822 1403 887 fidelium.

78 911 143 976 Sed
166 932 205 975 re
227 931 308 975 vera
331 911 388 975 vix
411 931 475 974 non
502 930 631 994 sempor
654 910 812 976 eiusmodi
834 911 955 976 missae
978 911 1155 976 celebratio
1178 911 1273 975 simul
1298 911 1404 977 estin

78 1000 229 1065 favorem
253 998 414 1075 fidelium,
445 998 571 1065 scilicet
593 999 627 1065 in
651 999 798 1065 favorem
822 999 966 1065 familiae
989 999 1176 1083 superstitis
1200 1004 1234 1065 et
1258 1003 1326 1065 ciue
1350 1004 1405 1087 qni

77 1095 299 1155 testamentum
329 1091 520 1173 exsequitur.
569 1088 661 1154 Sicut
690 1088 776 1154 enim
798 1087 913 1154 liceret
936 1089 977 1153 ab
1000 1088 1173 1154 heredibus
1197 1089 1404 1173 exipsorum

77 1179 174 1243 bonis
198 1177 438 1260 eleemosynam
462 1175 583 1243 missae
606 1178 755 1261 accipere
779 1177 992 1260 applicandae
1015 1198 1075 1261 pro
1099 1177 1270 1255 defuncto,
1294 1178 1343 1244 ita
1366 1178 1405 1242 li-

77 1266 167 1332 cebit
197 1265 296 1332 etiam
327 1265 369 1330 ad
399 1285 511 1331 eorum
541 1265 697 1332 solacium
721 1287 763 1331 ex
793 1265 938 1332 defuncti
967 1271 1176 1333 testamento.
1206 1303 1252 1313 —
1281 1267 1404 1333 Tamen

79 1375 214 1439 semper
242 1354 389 1420 cavenda
417 1359 496 1421 suut
525 1354 681 1421 scandala
710 1353 903 1438 publicaque
933 1355 1162 1421 celebrationis
1191 1355 1310 1422 notitia
1342 1376 1407 1439 qua

79 1445 179 1511 facile
196 1444 312 1509 borror
326 1443 455 1528 peccati
478 1443 585 1509 duello
602 1444 766 1509 commissi
781 1443 1025 1511 diminueretur.
1058 1445 1102 1510 Et
1118 1465 1251 1510 revera
1270 1445 1406 1511 effectus

79 1555 138 1600 seu
155 1533 284 1599 fructus
306 1537 419 1599 manet
434 1533 532 1599 valde
555 1532 680 1599 dubius.
715 1533 760 1600 Ut
775 1533 859 1599 enim
878 1533 1050 1599 defunctus
1065 1539 1240 1615 utcumque
1256 1534 1406 1599 levamen

79 1623 233 1706 accipere
263 1621 383 1706 possit,
417 1643 550 1688 necesse
573 1626 625 1690 est
654 1626 691 1689 ut
713 1622 828 1689 ultimo
852 1627 1016 1689 momento
1040 1622 1235 1688 contritione
1258 1623 1406 1706 perfecta

80 1716 194 1778 tactus
211 1710 313 1776 lulius
335 1731 414 1777 vere
438 1705 578 1778 doluerit
601 1712 641 1777 de
665 1712 798 1777 crimine
822 1712 992 1777 commisso
1015 1715 1115 1794 atque
1137 1712 1186 1777 ita
1208 1711 1241 1776 in
1264 1710 1406 1794 gratiam

80 1800 144 1867 Dei
167 1800 343 1867 restitutus
366 1800 419 1866 sit.
465 1800 557 1877 Quod
580 1801 672 1866 tenui
694 1821 752 1884 spe
776 1800 905 1883 quidem
930 1801 1056 1885 sperari
1079 1804 1206 1886 potest;
1229 1801 1407 1884 probabili·

80 1895 154 1957 tate
177 1909 300 1971 magua
322 1889 436 1971 nequit
457 1888 572 1955 teneri.

171 1978 212 2044 In
235 1999 313 2045 casu
336 1981 448 2044 nostro
464 1977 618 2044 sacerdos
633 1977 772 2055 videtur,
796 1999 832 2043 re
847 1978 1023 2057 occultata,
1047 1978 1243 2064 stipendium
1259 1979 1407 2063 accipere

80 2068 282 2149 missamque
305 2067 470 2132 celebrare
493 2086 605 2151 posse,
636 2072 810 2151 postquam
834 2066 1052 2134 declaraverit
1074 2068 1303 2152 superstitibus
1327 2089 1405 2151 cog-

81 2156 171 2224 natis
195 2176 232 2221 se
255 2155 340 2221 velle
363 2159 493 2221 tentare
516 2176 594 2221 num
617 2156 703 2222 forte
726 2156 827 2221 missa
849 2156 1005 2240 prodesse
1030 2156 1134 2240 possit
1157 2157 1327 2232 defuncto;
1352 2158 1405 2223 vel

82 2245 184 2313 etiam
219 2243 354 2310 dicendo
384 2265 420 2310 se
449 2244 535 2310 velle
567 2244 732 2311 celebrare
762 2266 821 2329 pro
851 2245 1015 2310 defunctis
1044 2245 1188 2312 familiae
1210 2245 1406 2312 intendendo

84 2335 185 2402 etiam
210 2333 379 2417 speciatim
403 2354 594 2399 succurrere
610 2333 738 2399 animae
753 2334 849 2400 istius
864 2334 1020 2412 defuncti,
1045 2335 1071 2400 si
1088 2335 1120 2401 id
1136 2336 1206 2401 Deo
1229 2336 1406 2419 placuerit:

84 2424 130 2490 sic
161 2422 250 2488 enim
281 2423 398 2489 melius
421 2422 454 2488 in
478 2444 636 2506 suspenso
659 2428 792 2490 tenetur
824 2445 899 2487 num
931 2444 1009 2489 vere
1032 2424 1103 2489 viro
1126 2425 1159 2490 in
1188 2425 1250 2490 tali
1273 2424 1407 2490 crimine

82 2512 240 2578 defuncto
263 2512 408 2578 succurri
426 2514 535 2599 possit.

173 2600 213 2666 R.
238 2603 269 2666 4.
304 2600 436 2667 Certum
460 2606 511 2666 est
533 2600 604 2666 solo
627 2601 697 2666 iure
721 2600 829 2666 divino
854 2621 896 2666 ex
919 2620 955 2665 se
976 2600 1056 2667 nihil
1082 2603 1212 2668 obstare
1236 2601 1468 2684 quominuslbt

81 2690 212 2757 occulte
228 2689 421 2755 sacrificium
444 2688 564 2755 missae
587 2690 745 2757 offeratur
766 2710 825 2773 pro
844 2690 954 2756 anima
970 2689 1105 2755 alicuius
1120 2690 1153 2756 in
1169 2693 1261 2756 secta
1276 2691 1407 2757 hetero-

82 2781 172 2846 doxa
198 2778 345 2845 defuncti
367 2779 427 2844 sub
451 2777 639 2845 condicione
666 2778 713 2856 „si
735 2777 767 2843 iu
792 2779 876 2844 bona
900 2778 963 2844 fide
987 2799 1030 2844 ex
1052 2777 1114 2844 hac
1137 2778 1207 2845 vita
1230 2779 1407 2845 decesserit

82 2875 116 2936 et
149 2888 212 2952 per
240 2867 382 2950 gratimn
414 2868 672 2934 sanctificantem
703 2867 744 2933 ad
776 2867 918 2933 animam
949 2868 1118 2934 Ecclesiae
1149 2868 1344 2952 pertinuerit
1374 2873 1407 2935 et

82 2957 288 3042 pertineat“,
321 2954 451 3038 quando
482 2957 564 3023 haec
597 2955 742 3022 condicio
773 2956 1014 3023 rationabiliter
1041 2957 1115 3023 addi
1147 2962 1265 3042 potest.
1319 2958 1408 3035 Quae

82 3045 217 3129 quidem
257 3047 476 3112 conditionata
512 3045 689 3130 applicatio
727 3044 826 3112 etiam
866 3068 925 3130 pro
966 3046 1128 3112 defunctis
1164 3047 1312 3112 fidelibus
1349 3068 1407 3112 suo

82 3135 181 3201 modo
207 3154 337 3218 semper
359 3133 631 3218 subintellegitur‚
656 3133 725 3200 scil.
754 3134 855 3212 ,siin
879 3135 989 3218 gratia
1011 3136 1070 3201 Dei
1096 3136 1295 3202 decesserint
1319 3136 1408 3202 etin

81 3222 278 3310 purgatorio
308 3221 548 3290 detineantur“.
595 3223 657 3289 Pro
687 3223 727 3288 iis
757 3229 866 3290 autem
898 3224 953 3306 qui
985 3224 1144 3290 catholice
1173 3225 1327 3290 vixerunt
1356 3225 1409 3290 vel

82 3312 208 3380 mortui
238 3315 331 3390 sunt,
361 3311 443 3378 haec
467 3312 611 3379 condicio
631 3316 851 3400 praesumitur·
874 3334 910 3378 re
933 3313 1005 3397 ipsa
1028 3312 1199 3380 verifieata
1222 3334 1327 3396 neque
1351 3335 1409 3378 ex-

81 3423 200 3488 presse
232 3400 424 3485 apponitur;
454 3401 553 3468 immo
582 3402 615 3466 id
638 3422 738 3484 agere
767 3424 832 3467 non
863 3424 939 3468 raro
962 3408 1050 3468 esset
1081 3402 1268 3468 defunctum
1293 3401 1410 3469 iniuria

82 3492 231 3569 afficere,
257 3511 328 3556 cum
348 3493 481 3576 positive
504 3491 665 3556 dubitetur
688 3491 728 3557 de
752 3491 820 3557 eius
844 3492 898 3575 pia
922 3492 992 3559 uita
1015 3492 1068 3557 vel
1092 3498 1207 3560 morte.
1246 3492 1306 3568 Qui
1330 3513 1410 3558 vero

82 3581 264 3665 positivum
288 3579 420 3646 dubium
443 3579 645 3662 reliquerunt
675 3580 715 3645 de
738 3601 798 3645 sua
822 3581 907 3646 bona
930 3581 1161 3664 dispositione,
1192 3581 1262 3647 iure
1292 3582 1409 3647 merito

83 3668 278 3737 beneficium
301 3668 421 3734 missae
451 3667 511 3734 sibi
539 3668 752 3752 applicandae
782 3691 847 3734 non
875 3669 1036 3753 recipiunt
1065 3671 1127 3735 uisi
1157 3692 1230 3735 cum
1253 3692 1411 3754 expressa

83 3757 286 3826 condicione.
320 3757 392 3823 Hoc
414 3756 500 3823 idern
523 3757 625 3841 igitur
646 3758 717 3823 fieri
742 3758 848 3836 debet,
872 3758 900 3823 si
924 3759 1053 3841 quando
1078 3759 1175 3825 liceat
1198 3781 1257 3844 pro
1281 3760 1410 3827 hetero-

82 3850 172 3915 doxo
197 3845 353 3912 defuncto
377 3846 551 3913 celebrare.
961 3927 962 3930 Ἴ

175 3936 308 4002 Certum
333 3941 384 4002 est
408 3936 533 4020 pariter·
555 3957 614 4020 pro
630 3935 840 4001 heterodoxis
856 3935 1019 4003 defunctis
1035 3936 1163 4021 publice
1179 3936 1312 4003 missam
1336 3959 1411 4022 per·

84 4047 188 4110 agere
218 4024 289 4090 iure
312 4025 533 4091 ecclesiastico
557 4023 686 4089 omnino
710 4024 889 4108 prohiberi:
921 4026 1034 4108 idque,
1058 4048 1098 4090 ne
1129 4026 1319 4109 simpliciter
1343 4029 1410 4105 fiat,

84 4117 208 4183 debere
237 4113 401 4198 prohiberi
427 4113 574 4195 adeoque
597 4113 629 4178 id
652 4115 721 4178 iure
745 4115 1014 4180 naturali-divino
1038 4115 1186 4180 illicitum
1211 4137 1283 4181 esse
1307 4138 1348 4181 ex
1372 4138 1411 4181 eo

84 4209 198 4290 patet,
230 4202 307 4286 quia
337 4203 434 4268 aliter
462 4223 560 4285 agere
591 4207 678 4269 esset
708 4204 867 4286 quaedam
898 4204 1156 4270 indifferentismi
1187 4206 1345 4288 professio
1379 4211 1412 4271 et

85 4292 293 4361 oblitteratio
309 4290 396 4356 illius
412 4290 485 4356 fidei
500 4292 645 4357 articuli:
662 4298 781 4388 ,extra
794 4293 973 4357 Ecclesiam
987 4294 1076 4358 nulla
1088 4295 1209 4359 salus“.
1235 4294 1281 4358 Cf.
1301 4295 1355 4358 ru.
1370 4318 1410 4360 m.

83 4383 125 4464 Π,
154 4385 279 4539 lbiimo
304 4469 391 4534 idem
414 4468 476 4534 dici
499 4469 596 4534 debet
619 4474 754 4552 propter
775 4468 856 4534 haec
880 4470 1032 4535 adiuncta
1056 4471 1158 4535 relate
1183 4471 1223 4535 sd
1248 4471 1411 4554 privatam

85 4563 183 4629 etiam
208 4560 334 4627 missae
358 4557 607 4641 applicationem
631 4579 691 4641 pro
715 4558 859 4638 quolibet
883 4559 914 4622 in
939 4564 1029 4623 secta
1046 4558 1227 4624 acatholica
1247 4560 1411 4638 defuncto,

86 4653 137 4735 qui
168 4675 234 4719 nou
268 4646 424 4734 praebuit
458 4646 601 4731 positiva
635 4647 730 4730 signa
763 4647 878 4728 quibus
908 4647 1057 4728 arguitur
1094 4669 1166 4711 eum
1197 4648 1414 4714 materialiter
