3044 5174
478 276 634 331 Divortium
654 291 671 330 a
689 279 749 330 toro
767 279 796 329 et
814 275 1022 330 cohabitatione.
1349 281 1411 344 521

83 450 244 518 eiusmodi
267 451 474 536 separatione
497 471 572 516 raro
596 451 703 516 aberit
724 451 904 535 periculum
927 451 1198 519 incontinentiae:
1230 456 1264 520 et
1287 474 1413 529 revera,

83 546 238 609 cessante
262 560 363 606 causa
384 539 602 624 separationis
625 560 683 607 seu
707 546 859 607 cessante
881 541 1026 624 periculo
1057 542 1163 608 malac
1193 543 1413 619 tractationis,

83 630 244 697 redeundi
266 629 382 713 gravis
404 629 561 711 obligatio
576 632 637 695 est.
670 628 742 695 Etsi
757 629 859 712 igitur
882 630 923 695 ab
939 629 1031 696 initio
1055 651 1075 696 a
1098 630 1297 697 declaranda
1319 631 1414 714 gravi

84 718 288 802 obligatione
310 719 472 803 parochus
495 719 638 802 prudens
661 718 865 797 abstinuerit,
889 719 918 784 si
933 719 1056 784 femina
1070 725 1187 803 postea
1209 721 1298 787 flecti
1321 721 1414 797 nolit,

84 809 199 892 gravis
216 812 350 874 mutuae
366 807 641 874 reconciliationis
657 807 814 891 obligatio
829 808 1013 891 generatim
1027 808 1260 876 dissimulanda
1276 814 1413 876 nonest.

175 916 215 982 R.
241 917 272 982 2.
313 913 346 980 Si
370 914 410 979 de
434 914 579 981 Anatolii
603 912 763 980 adulterio
788 913 990 994 constiterit,
1016 917 1091 981 Zita
1113 937 1239 982 summo
1263 938 1321 983 suo
1344 917 1475 983 iure905

84 1004 200 1082 utitur,
225 1004 356 1087 quando
379 1003 629 1088 inperpetuum
653 1002 796 1086 denegat
817 1004 989 1086 coniugale
1008 1004 1223 1079 consortium
1248 1026 1363 1090 neque,
1387 1005 1415 1071 si

84 1095 117 1159 in
134 1093 331 1173 deneganda
347 1091 669 1158 reconciliatione-
687 1091 828 1158 exclusis
844 1093 1022 1159 inimicitiis
1046 1097 1080 1159 et
1099 1093 1172 1159 odio
1188 1133 1232 1142 -
1248 1095 1414 1179 persistat,

85 1182 275 1267 aparocho
305 1182 357 1246 vel
389 1181 589 1247 confessario
620 1181 769 1248 absolute
793 1182 903 1264 urgeri
933 1187 1053 1266 potest.
1100 1182 1319 1250 Nihilominus
1356 1205 1416 1268 pro

84 1271 343 1339 circumstantiis
365 1270 588 1337 reconciliatio
603 1270 742 1337 multum
765 1271 932 1337 suadenda
950 1275 1011 1350 cst,
1028 1292 1071 1337 ne
1086 1272 1260 1338 Anatolius
1274 1274 1307 1338 iu
1325 1273 1416 1357 peius

85 1367 180 1438 ruat;
212 1361 356 1427 maxime
377 1380 474 1437 vero,
504 1359 630 1426 siZita
659 1359 731 1443 ipsa
760 1359 794 1426 in
824 1361 967 1444 periculo
997 1360 1128 1427 labendi
1151 1367 1319 1439 versatur,
1351 1383 1415 1428 non

86 1452 193 1518 solnm
218 1449 387 1516 suadenda
409 1453 463 1515 cst
484 1448 722 1526 reconciliatio,
752 1449 810 1514 sed
841 1450 941 1516 etiam
964 1450 1018 1516 vel
1049 1471 1088 1516 ea
1118 1455 1171 1517 est
1198 1451 1340 1517 iubenda
1363 1452 1414 1517 vel

86 1540 155 1607 alia
177 1538 323 1605 remedia
345 1543 462 1605 contra
484 1539 597 1623 lapsus
620 1538 799 1622 periculum
822 1540 952 1605 omnino
976 1543 1055 1606 sunt
1078 1539 1271 1606 adhibenda.

179 1647 358 1727 Postquam
381 1648 492 1711 autem
516 1644 589 1711 Zita
611 1664 727 1710 revera
751 1645 845 1728 lapsa
867 1644 984 1724 fuerit,
1013 1646 1187 1712 Anatolius
1210 1648 1260 1712 ius
1283 1647 1417 1714 habebit

87 1735 197 1802 Zitam
232 1733 421 1819 repetendi,
461 1733 534 1800 Zita
572 1733 679 1799 redire
714 1737 864 1812 tenetur,
905 1735 966 1800 nisi
1000 1735 1087 1802 forte
1125 1736 1291 1820 separatio
1326 1737 1417 1804 facta

87 1823 384 1994 {libritorigfflgiafis’
407 1825 507 1904 atque
532 1822 630 1888 iudex
657 1822 899 1889 ecclesiasticus
920 1827 1014 1909 putet
1039 1845 1075 1890 se
1100 1845 1164 1889 non
1190 1825 1309 1891 dehere
1330 1825 1415 1890 redi·

179 2011 321 2088 Verum,
355 2015 393 2077 ut
423 2009 457 2075 in
490 2030 568 2075 casu
601 2015 771 2085 narratur,
804 2011 979 2077 Anatolius
1012 2010 1143 2077 videtur
1175 2013 1217 2078 ad
1249 2011 1416 2078 meliorem

87 2101 219 2184 frugem
242 2120 279 2165 se
301 2098 481 2183 recepisse;
504 2118 610 2181 neque
632 2098 703 2183 ipse
726 2100 766 2164 de
782 2101 999 2165 restauranda
1015 2101 1085 2166 vita
1101 2101 1264 2184 coniugali
1280 2102 1415 2183 cogitat.

87 2191 147 2256 sed
175 2191 217 2255 de
240 2188 467 2273 amplectendo
490 2192 580 2254 statu
604 2187 809 2272 perfectiore.
857 2189 948 2266 Quod
978 2189 1049 2254 aine
1079 2190 1176 2255 dubio
1200 2190 1335 2273 exsequi
1357 2211 1416 2275 po·

87 2283 211 2356 tuerat,
235 2298 308 2343 enm
324 2277 398 2344 Zita
412 2276 623 2360 interpellata
646 2277 687 2341 de
710 2277 974 2343 reconciliatione
990 2299 1061 2344 eam
1086 2279 1235 2346 absolute
1254 2283 1417 2362 negasset.

89 2372 135 2435 At
160 2389 204 2433 ex
228 2387 268 2432 ea
283 2366 500 2449 denegatione
515 2366 567 2431 ius
584 2367 695 2431 uxoris
717 2367 887 2452 repetendi
904 2368 1020 2439 virum,
1046 2369 1199 2451 quamdiu
1222 2369 1277 2434 ille
1293 2373 1415 2436 statum

92 2454 323 2542 perfectiorem
347 2476 412 2521 nou
436 2454 660 2538 assumpserit,
685 2476 750 2520 non
774 2461 825 2521 est
848 2457 1059 2523 exstinctum.
1089 2458 1177 2523 Num
1194 2459 1264 2524 iure
1287 2480 1346 2524 suo
1370 2459 1415 2525 ut'

90 2547 182 2623 velit,
207 2545 295 2629 apud
318 2545 424 2629 ipsam
448 2548 508 2621 est,
533 2544 633 2610 etiam
656 2550 732 2628 post
754 2545 921 2630 proprium
944 2547 1082 2630 lapsum.
1124 2547 1185 2624 Qui
1207 2547 1319 2631 lapsus
1342 2570 1417 2632 pro·

89 2635 182 2720 prius
203 2636 348 2700 fortasse
371 2633 514 2699 animum
536 2634 680 2700 mutavit
702 2635 1040 2718 reconciliationisque
1063 2636 1256 2702 desiderium
1279 2637 1416 2704 induxit.

90 2725 300 2809 Quapropter
314 2726 394 2807 puto
411 2723 540 2788 omnino
557 2722 757 2801 Anatolium,
781 2724 809 2789 si
833 2724 1019 2790 etiamnunc
1041 2725 1270 2809 perfectiorem
1294 2731 1417 2792 statum

91 2814 163 2880 sive
186 2833 355 2879 sacrorum
379 2812 526 2876 ordinum
550 2811 621 2879 sive
644 2812 811 2895 religionis
839 2813 1005 2898 suscipere
1034 2814 1190 2890 intendit,
1220 2816 1316 2880 huius
1347 2837 1418 2898 pro·

91 2901 193 2988 positi
216 2902 366 2968 notitiam
390 2901 484 2967 Zitae
507 2901 586 2965 dare
610 2901 738 2968 debere.
785 2902 922 2980 Quodsi,
952 2904 1160 2985 recognita,
1193 2925 1256 2968 non
1288 2908 1418 2969 contra-

91 2992 188 3068 dicit,
220 2990 353 3056 licentia
375 2990 433 3055 illa
456 3010 540 3072 quae
564 3010 606 3054 cx
629 2991 738 3074 priore
762 2992 855 3058 Zitae
878 2992 996 3075 agendi
1020 2993 1148 3058 ratione
1167 2993 1321 3058 Anatolio
1345 2997 1419 3058 orta

90 3087 165 3148 orat
187 3081 366 3166 perdurare
388 3079 527 3144 dicenda
549 3084 610 3145 est.
657 3079 962 3148 Ecclesiasticorum
994 3085 1105 3146 autem
1130 3082 1332 3165 superiorum
1357 3081 1420 3146 erit

91 3170 254 3256 dispicere
276 3189 353 3235 num
376 3167 486 3253 potius
509 3172 643 3253 propter
666 3169 759 3236 Zitae
788 3170 966 3253 periculum
996 3175 1151 3254 uterque,
1182 3170 1356 3237 Anatolius
1385 3175 1419 3236 et

92 3261 182 3337 Zita,
215 3258 395 3342 adigendus
424 3257 468 3324 ait
498 3257 539 3324 ad
569 3258 820 3336 restaurandam
845 3259 946 3326 vitam
977 3260 1199 3342 coniugalem:
1230 3280 1313 3341 quae
1344 3265 1419 3343 post

91 3352 264 3433 susceptos
285 3368 398 3414 sacros
422 3347 552 3413 ordines
574 3346 626 3412 vel
651 3347 837 3429 religiosam
861 3347 1096 3432 professionem
1119 3349 1189 3415 iure
1211 3348 1420 3434 impossibilis

92 3458 235 3505 evasura
258 3439 320 3504 est.

182 3544 222 3610 R.
248 3546 279 3610 3.
325 3542 419 3610 Uxor
452 3544 589 3628 Reoaipii
617 3542 689 3608 iure
718 3564 777 3607 suo
805 3565 866 3608 usa
895 3547 963 3619 est,
995 3566 1068 3610 cum
1098 3565 1171 3611 sese
1201 3545 1315 3611 aviro
1344 3548 1479 3630 posuere

93 3634 165 3700 eius
188 3654 210 3699 a
231 3632 296 3700 fide
318 3630 535 3698 defectionem
558 3631 780 3715 separaverit,
806 3653 911 3714 neque
934 3654 1036 3710 nunc,
1067 3655 1140 3699 cum
1164 3634 1205 3700 de
1228 3636 1289 3700 viri
1313 3636 1419 3702 reditu

92 3724 134 3789 ad
165 3722 262 3789 fidem
294 3720 489 3787 catholicam
521 3741 628 3786 sermo
657 3742 723 3786 non
752 3722 812 3801 sit,
843 3725 976 3789 tenetur
998 3722 1041 3787 ad
1064 3743 1139 3788 eum
1162 3724 1284 3798 redire,
1316 3745 1420 3806 neque

91 3811 205 3879 licebit
228 3810 298 3876 viro
322 3809 489 3877 haeretico
512 3810 596 3876 filios
619 3810 804 3876 educandos
827 3810 970 3877 tradere.

184 3917 342 3985 Attamen
377 3916 461 3999 quod
497 3916 628 4001 proprio
663 3921 769 3982 marte
804 3917 908 3984 vitam
943 3918 1129 4001 religiosam
1165 3919 1319 4000 elegerit,
1356 3938 1418 3983 non

93 4008 226 4074 omnino
249 4011 340 4073 recte
363 4005 441 4089 egit.
488 4005 536 4073 Ut
559 4006 644 4071 enim
668 4027 835 4073 assumere
858 4013 970 4090 posset
993 4012 1116 4074 statum
1140 4007 1338 4090 religiosum,
1364 4007 1417 4088 qui

93 4096 251 4164 excludat
282 4117 341 4179 pro
371 4095 487 4178 quovis
517 4099 663 4179 tempore
694 4100 793 4178 atque
827 4097 994 4179 quibusvis
1027 4096 1197 4162 eventibus
1229 4095 1419 4161 reconcilia·

93 4188 216 4253 tionem
241 4204 314 4251 cum
339 4185 420 4262 viro,
443 4184 612 4268 indigebat
634 4184 750 4250 iudicis
773 4186 985 4251 ecclesiastici
1009 4185 1182 4251 sententia.
1222 4185 1323 4262 Quam
1349 4186 1419 4267 qui·

93 4275 169 4342 dem
192 4274 379 4342 etiamnunc
409 4278 521 4358 potest
549 4274 712 4358 supplere.
760 4274 928 4356 Alioquin,
960 4273 988 4338 si
1018 4274 1069 4336 vir
1098 4273 1223 4339 sincere
1254 4275 1295 4339 ad
1323 4274 1418 4338 fidem

93 4363 292 4432 catholicam
315 4362 465 4439 redierit,
495 4363 546 4428 ius
569 4362 703 4427 habehit
726 4363 838 4428 uxoris
861 4383 940 4428 suae
964 4361 1177 4444 repetendae;
1208 4383 1313 4444 neque
1337 4384 1420 4427 uxor

92 4475 153 4539 per
176 4458 260 4519 vota
282 4451 402 4517 emissa
424 4472 444 4516 a
468 4453 538 4518 vita
561 4452 723 4533 coniugali
749 4453 965 4517 restauranda
988 4457 1220 4527 excusaretur,
1248 4451 1308 4515 uisi
1333 4452 1420 4518 forte

91 4548 231 4629 propter
254 4541 518 4608 circumstantias
538 4561 709 4625 supremus
724 4542 822 4605 iudex
840 4540 1082 4605 ecclesiasticus
1099 4560 1165 4603 rem
1184 4561 1256 4605 oum
1271 4540 1420 4622 Remigio

90 4633 191 4700 aliter
215 4631 445 4713 composuerit.
