3044 5174
403 292 549 346 Extremae
567 292 703 346 unctionis
720 291 837 346 materia
855 295 884 346 et
901 292 996 347 forma.
1295 295 1358 360 381

76 471 117 533 42
131 469 165 535 S.
180 468 332 534 Officium
346 469 537 546 declaravit,
551 469 807 552 approbantibus
817 469 873 534 SS.
885 469 947 534 PP.
962 468 1104 533 PauloV
1117 473 1151 534 et
1162 469 1257 551 Greg.
1272 469 1359 546 XVI,

76 558 289 641 opositionem
317 559 420 640 „quod
444 562 687 624 sacramentum
710 563 880 623 extremae
903 558 1065 623 unctionis
1088 558 1159 622 oleo
1183 559 1361 641 episcopali

76 647 260 712 nedictionc
283 669 347 712 nou
372 652 564 713 consecrato
587 647 766 713 ministrari
789 647 897 712 valide
920 648 1041 731 possit“
1063 668 1135 712 esse
1151 650 1359 712 temerariam

87 737 195 801 errori
218 737 418 821 proximam
441 737 540 819 idque
564 737 794 802 declarabatur
816 735 857 801 ad
883 737 1117 819 quaestionem,
1147 757 1205 814 „an
1231 739 1264 800 in
1285 759 1361 801 caso

76 829 231 891 ressitotis
253 826 414 910 parochus
438 827 487 890 uti
511 826 615 909 possit
638 829 702 891 elec
725 849 745 889 o
769 848 801 890 sc
821 824 1012 891 benedicat
1049 826 1096 890 Cf.
1114 826 1366 907 Denzinger‚.

76 916 195 981 cebir.⁷
218 936 250 981 n.
278 917 362 980 1494
386 919 421 981 et
447 918 548 980 1495:
573 914 627 979 ubi
650 920 761 980 tamen
783 915 869 998 folco
891 914 993 979 habes
1020 917 1059 978 13
1084 914 1151 981 lan.
1179 917 1274 981 1655.

122 1011 153 1076 R
178 1016 209 1078 2.
233 1012 373 1077 Materia
389 1012 539 1096 proxima
556 1016 608 1078 est
623 1015 728 1077 unctio
742 1015 1052 1098 quinqueremem,
1069 1016 1107 1078 ut
1119 1017 1360 1077 sacramentum

98 1101 246 1185 practice
269 1103 461 1181 indubium
483 1106 520 1166 ut
543 1101 720 1185 probabilis
744 1101 788 1166 sit
811 1101 921 1179 valor,
950 1100 1061 1166 unctio
1086 1100 1222 1166 alicuius
1245 1122 1361 1166 sensus

76 1190 165 1256 fficit.
198 1189 245 1256 df.
276 1191 330 1257 lli.
355 1213 395 1257 m.
420 1190 462 1265 ΙΙ,
488 1193 563 1257 571.
607 1190 658 1256 Ad
681 1194 817 1255 colorem
841 1210 906 1254 non
928 1189 1082 1274 pertinet,
1109 1194 1144 1255 ut
1167 1190 1227 1255 fiat
1250 1190 1360 1255 unctio

76 1280 175 1357 mina,
201 1279 252 1345 vel
276 1285 314 1345 ut
336 1280 395 1345 fiat
418 1280 528 1346 unctio
551 1301 610 1364 per
632 1280 761 1345 modum
786 1280 901 1345 crucis.

125 1376 163 1442 R.
181 1379 212 1442 3.
243 1377 362 1441 Forma
385 1376 516 1443 catilla
540 1377 727 1460 deprecatio
751 1376 792 1441 ad
817 1376 963 1458 singulas
978 1375 1149 1442 unctiones
1165 1376 1359 1455 adhibenda,

76 1465 84 1530 Ι
110 1466 230 1530 saltem
253 1466 318 1541 ita,
349 1470 387 1531 ut
410 1466 529 1548 singuli
553 1487 668 1530 sensus
692 1464 934 1548 exprimantur:
972 1465 1053 1543 „Per
1081 1465 1180 1530 istam
1210 1471 1359 1532 sanctam

77 1555 220 1620 ctionem
245 1560 279 1620 et
301 1575 393 1620 suam
418 1555 595 1640 piissimam
624 1554 880 1620 misericordiam
909 1554 1080 1636 indulgeat
1106 1553 1167 1620 tibi
1189 1553 1358 1632 Dominus,

76 1643 189 1726 idquid
213 1664 272 1727 per
296 1643 478 1711 visum...
504 1643 707 1726 deliquisti“:
731 1643 764 1708 in
788 1664 852 1725 qua
875 1643 932 1709 vix
955 1665 1019 1708 non
1036 1643 1145 1709 omnia
1160 1643 1272 1722 verbs,
1297 1644 1360 1708 nisi

76 1733 255 1799 bstituatur
278 1753 345 1797 vox
368 1733 590 1814 aequivalens,
614 1737 692 1799 sunt
715 1732 912 1799 essentialia.
949 1733 1004 1798 Tb.
1030 1756 1069 1798 in.
1094 1732 1135 1807 Il,
1160 1735 1235 1799 573.

122 1849 177 1912 An
200 1867 392 1922 ouansrrunr
416 1850 455 1911 2m
478 1847 516 1912 lt.
546 1850 572 1911 l.
613 1847 816 1913 Permutatio
840 1848 983 1911 oleorum
1008 1845 1148 1912 reddidit
1171 1847 1358 1912 unctionem
1369 1854 1422 1908 668

79 1939 179 2002 biom.
212 1936 319 2012 Quare
343 1936 370 2001 si
393 1936 464 2001 sola
487 1936 598 2001 unctio
622 1941 694 2002 erat
718 1936 868 2013 medium,
894 1956 958 2017 quo
981 1935 1063 2001 satis
1086 1956 1200 2000 secure
1215 1937 1361 2019 potuerit

76 2031 173 2108 groto
197 2025 381 2102 subveniri,
415 2025 522 2108 potuit
545 2029 579 2090 et
602 2025 714 2091 debuit
738 2025 909 2090 Gisbertus
933 2024 1061 2107 quidem
1085 2025 1250 2108 inceptam
1280 2047 1359 2091 unc·

76 2136 156 2180 nem
181 2116 336 2199 perficere
361 2113 595 2191 condicionate‚
620 2115 678 2179 sed
702 2114 814 2180 debuit
836 2113 931 2178 simul
952 2113 1182 2180 administrare
1197 2114 1359 2180 condicio-

76 2210 147 2270 tam
169 2203 417 2279 absolutionem,
442 2208 542 2284 atque
558 2203 668 2280 etiam,
693 2203 720 2268 si
737 2207 878 2286 poterat,
904 2203 982 2268 dare
998 2224 1041 2267 ss.
1059 2203 1299 2281 eucharistiam,
1325 2208 1360 2270 et

76 2314 168 2377 ruper
182 2313 370 2376 properare,
394 2296 440 2370 ut,
461 2292 619 2358 accersito
636 2293 706 2357 oleo
722 2291 865 2370 indubio,
889 2291 949 2357 sub
966 2291 1156 2357 condicione
1172 2294 1358 2358 unctionem

77 2386 181 2449 raret.

123 2470 246 2548 Quodsi
269 2470 456 2536 necessitati
480 2469 664 2535 moribundi
693 2490 752 2552 per
783 2469 848 2535 alia
878 2474 1086 2536 sacramenta
1114 2479 1196 2535 cerlo
1225 2475 1358 2554 recepta

76 2560 116 2627 tis
142 2560 308 2643 provisum
332 2563 405 2624 erat
428 2558 481 2639 (eo
505 2559 647 2636 scilicet,
678 2559 764 2641 quod
788 2558 998 2624 moribundus
1021 2558 1149 2625 ratione
1172 2564 1267 2625 utens
1296 2560 1359 2626 rito

101 2649 296 2729 absolutus),
321 2648 473 2712 existimo
490 2647 677 2714 Gisbertum
700 2648 809 2732 potius
833 2647 983 2714 debuisse
1006 2647 1122 2714 sistere
1144 2648 1357 2727 inunctione,

76 2761 105 2804 m
133 2739 323 2803 adverteret
343 2738 505 2802 defectum
521 2737 555 2802 in
572 2737 654 2814 oleo,
678 2742 712 2803 et
729 2758 825 2819 quam
843 2736 908 2802 cito
924 2737 1041 2820 potuit,
1066 2759 1234 2804 accersere
1251 2740 1358 2803 oleum

76 2831 247 2905 imorum,
272 2825 335 2893 etsi
358 2825 536 2910 periculum
560 2825 661 2893 fuerit
684 2847 726 2890 ne
748 2827 894 2891 infirmus
916 2825 1045 2891 interim
1069 2827 1257 2892 decederet:
1282 2849 1357 2892 nam

76 2917 143 2984 tuit
167 2915 367 2981 solummodo
392 2915 522 2979 dubium
547 2915 642 2980 dubio
667 2936 798 2997 augere.
843 2915 1001 2981 Attamen
1025 2937 1066 2980 ne
1089 2914 1121 2979 in
1144 2916 1205 2980 hoc
1229 2915 1357 2997 quidem

76 3028 112 3072 su
130 3027 203 3070 eum
221 3003 442 3070 damnaverim
461 3004 597 3088 pcccati,
618 3005 670 3087 qui
688 3004 730 3069 ad
746 3004 929 3086 aagendam
946 3003 1209 3087 probabilitatem
1222 3006 1359 3069 effectus

76 3094 234 3161 crementi
257 3093 348 3177 prius
372 3093 558 3159 unctionem
582 3093 805 3158 condicionate
829 3093 1025 3159 absolvisset
1048 3094 1119 3158 oleo
1144 3092 1250 3158 dubio,

124 3192 163 3258 R.
189 3194 218 3258 2.
252 3191 343 3268 Quod
367 3191 488 3255 omissa
511 3190 611 3257 fuerit
634 3191 743 3256 unctio
767 3212 891 3268 renum,
915 3190 948 3254 id
972 3191 1076 3256 valori
1099 3194 1189 3255 certo
1213 3212 1275 3255 nou
1301 3191 1358 3255 ob·
1368 3201 1422 3253 669

76 3286 210 3358 iteum
234 3280 339 3363 ipsum
361 3279 492 3346 Rituale
515 3280 627 3345 iubeat
649 3301 720 3345 eam
746 3279 930 3346 unctionem
955 3279 1063 3346 omitti
1086 3280 1171 3364 apud
1194 3280 1357 3359 mulieres,

92 3370 192 3435 etiam
216 3369 303 3453 apud
327 3369 433 3446 viros,
462 3369 518 3451 qui
541 3369 717 3436 difficulter
740 3391 758 3434 e
782 3370 852 3433 loco
876 3374 1058 3435 moventur.
1084 3405 1126 3414 —
1150 3369 1265 3452 Neque
1289 3369 1358 3434 cius

76 3459 166 3524 rissio
190 3480 342 3540 umquam
367 3478 470 3540 grave
493 3462 663 3542 peccatum
688 3458 875 3533 constituit,
906 3462 1005 3540 atque
1028 3458 1098 3523 sine
1127 3458 1193 3523 ullo
1223 3464 1358 3542 peccato

82 3548 275 3631 quibusdam
292 3547 371 3611 locis
388 3568 428 3611 ex
446 3548 680 3613 consuetudine
696 3547 868 3614 omittitur.
893 3548 1015 3611 Verum
1032 3550 1065 3614 S.
1080 3549 1119 3614 R.
1135 3549 1247 3634 Conpr.
1266 3553 1359 3630 optat

76 3660 149 3714 ine,
181 3643 217 3703 ut
247 3636 403 3701 eiusmodi
432 3637 684 3702 consuetudines
713 3637 871 3720 paulatim
904 3641 1087 3714 mutentur,
1121 3640 1220 3719 atque
1251 3638 1359 3702 omnia

76 3748 129 3793 ane
153 3727 194 3792 ad
218 3747 365 3791 normam
390 3724 530 3791 Ritualis
553 3727 644 3792 fiant.

125 3824 163 3889 R.
182 3826 213 3890 3.
234 3823 355 3900 ‘Quoad
380 3822 564 3888 unctionem
589 3823 707 3907 pedum
731 3822 815 3888 idem
834 3822 1003 3888 dicendum
1028 3828 1080 3889 est
1104 3822 1189 3888 circa
1213 3824 1357 3889 valorem

78 3915 121 3979 od
144 3913 184 3978 de
205 3911 357 3977 unctione
379 3933 502 3976 renum.
550 3911 770 3977 Nihilominus
791 3913 897 3976 rarius
925 3913 1031 3978 aderit
1057 3916 1245 3978 consuetudo
1270 3917 1359 3997 pileus

76 4007 173 4069 citima
197 4023 269 4066 eam
295 4001 482 4078 omittendi,
514 4022 619 4083 neque
643 4001 797 4066 convenit
821 4023 893 4066 eam
917 4001 1086 4081 omittere,
1118 4001 1179 4066 nisi
1204 4003 1235 4066 iu
1259 4023 1358 4084 pecu-

76 4093 105 4158 ri
132 4113 209 4158 casu
233 4091 367 4173 gravior
390 4090 474 4156 ratio
499 4092 616 4157 obstet.

123 4191 162 4255 R.
180 4192 211 4255 4.
243 4187 362 4253 Unctio
386 4208 550 4265 manuum,
575 4210 647 4252 cum
671 4187 836 4271 pertineat
859 4188 901 4253 ad
925 4187 1169 4271 exprimendum
1194 4208 1291 4251 unum
1317 4209 1359 4251 ex

77 4281 177 4362 inque
200 4277 365 4355 sensibus,
396 4280 520 4342 tactum
545 4276 715 4354 videlicet,
740 4277 847 4342 omitti
870 4299 933 4342 non
958 4281 1083 4360 potest,
1115 4275 1192 4356 quin
1216 4275 1359 4359 practice

79 4369 165 4453 quod
190 4367 320 4431 dubium
346 4366 385 4430 de
410 4367 521 4431 valore
552 4366 750 4432 sacramenti
781 4366 953 4432 excitetur.
1001 4365 1156 4430 Similiter
1188 4365 1357 4430 dicendum

77 4464 124 4537 tc,
149 4457 177 4523 si
200 4457 233 4522 in
258 4456 397 4520 formula
421 4454 562 4537 ungendi
587 4454 652 4520 oris
677 4455 839 4522 omittitur
861 4477 928 4520 vox
956 4455 1177 4532 „locutionis“.

124 4562 163 4626 R.
189 4562 219 4624 5.
260 4558 291 4624 Si
316 4558 426 4622 unctio
450 4556 622 4622 incohatur
645 4558 687 4623 ad
710 4559 805 4622 finem
830 4558 1003 4634 formulae,
1029 4555 1158 4621 dubium
1183 4556 1223 4621 de
1247 4557 1359 4621 valore
1369 4566 1422 4619 670

76 4649 230 4718 tionabile
254 4645 391 4714 excitari
415 4647 537 4729 nequit.
585 4647 673 4713 Idem
699 4646 767 4725 dic,
794 4647 820 4711 si
851 4647 1051 4712 adverbum
1079 4648 1219 4722 „Amen“
1249 4646 1358 4712 unctio
