3044 5174
549 277 666 331 Materia
684 277 822 346 proxime:
842 306 876 314 -
896 276 1045 331 Confessio.
1392 281 1456 345 205

76 444 81 481 ·'
130 475 194 519 nna
211 457 310 537 parte
325 452 492 536 negativa,
509 452 654 536 positiva
670 473 713 516 ex
729 452 844 518 altera.
877 453 1014 517 Positive
1029 452 1160 517 dubium
1177 453 1304 530 dieitur,
1329 454 1458 535 quando

130 544 228 608 adest
250 541 397 626 positiva
420 542 505 607 ratio
529 546 641 618 tanta,
667 561 750 622 quae
774 541 1003 606 certitudinem
1027 542 1155 623 quidem
1180 564 1244 606 non
1268 544 1377 626 pariat
1399 565 1457 609 seu

131 633 173 697 ad
197 637 327 698 certum
351 652 521 696 assensum
545 651 609 695 non
633 630 793 705 sufficiat,
825 629 967 696 sufficiat
990 636 1102 696 tamen
1126 631 1168 695 ad
1191 631 1384 714 prudentem
1408 654 1458 697 as·

76 744 92 773 ·
131 742 265 786 sensum
291 720 355 786 etsi
377 719 578 804 probabilem
602 722 742 786 tautum.
774 720 925 804 Nepotioe
940 708 1072 784 ddbium
1088 721 1192 797 adest,
1218 721 1346 801 quando
1362 722 1458 799 ratio,

76 844 81 853 ·
133 831 217 892 quae
234 808 347 875 afferri
362 808 477 892 possit,
502 830 565 873 non
581 808 700 891 suffieit
716 809 760 872 od
771 810 962 892 prudentem
979 832 1142 874 assensum
1151 832 1164 890 ,·
1187 830 1265 891 ergo
1282 831 1335 874 res
1358 832 1460 893 nega·

133 901 201 965 tire
226 899 328 963 dubia
350 898 470 963 dieitur
492 919 556 962 non
580 897 684 962 solum
715 896 843 978 quando
867 898 958 962 nulla
981 898 1075 963 adest
1104 898 1190 963 ratio
1214 898 1371 982 positiva,
1403 900 1460 964 sed

135 988 235 1054 etiam
260 986 389 1070 quando
420 986 505 1052 ratio
536 985 665 1068 quidem
696 985 792 1050 adest
822 1007 926 1068 neque
956 1007 996 1051 ea
1023 987 1120 1070 plane
1150 987 1255 1052 futilis
1285 1009 1342 1053 seu
1366 989 1459 1066 levis,

135 1076 192 1142 sed
216 1076 376 1142 eiusmodi
399 1096 483 1158 quae
506 1096 676 1140 assensum
701 1073 829 1156 quidem
853 1096 963 1140 secum
986 1075 1118 1142 trahere
1141 1098 1205 1140 non
1224 1081 1400 1155 mereatur,
1425 1081 1461 1145 at

136 1165 280 1232 sufficiat
302 1165 344 1231 ad
366 1164 561 1230 movendam
585 1163 812 1248 suspicionem.
859 1164 1032 1242 Reuter,
1062 1166 1117 1231 774.
1141 1188 1182 1231 m.
1207 1165 1264 1239 IV,
1289 1169 1364 1233 304.

224 1271 265 1338 R.
289 1274 321 1337 3.
367 1271 401 1337 Si
424 1270 586 1352 utrimque
610 1274 662 1336 444
683 1270 825 1354 positive
848 1271 996 1348 dubium,
1027 1292 1084 1337 seu
1108 1272 1270 1353 utrimque
1294 1273 1462 1356 probabile
1471 1284 1518 1338 35

138 1365 309 1446 4444444444
333 1381 405 1426 esse
428 1361 645 1437 commissum,
670 1360 724 1424 vel
747 1363 937 1442 peccantem
961 1381 1116 1443 peccasse
1139 1362 1296 1442 graviter,
1322 1383 1387 1427 non
1410 1366 1462 1428 est

140 1449 297 1532 obligatio
320 1448 400 1514 illud
423 1452 594 1532 peceatum
619 1448 809 1524 coufitendi;
834 1449 891 1513 sed
915 1449 943 1513 si
960 1448 1110 1514 similiter
1129 1455 1181 1516 est
1196 1450 1359 1532 utrimque
1374 1451 1463 1535 posi·

140 1541 206 1604 4144
230 1537 363 1604 dubium
388 1559 446 1603 seu
475 1537 644 1621 probabile
673 1537 707 1602 in
737 1536 940 1602 confessione
970 1537 1051 1603 illud
1073 1543 1245 1622 peccatum
1269 1560 1341 1604 esse
1365 1561 1462 1605 accu-

142 1633 264 1705 satum,
296 1626 454 1709 obligatio
485 1625 660 1692 confitendi
691 1648 749 1709 pro
780 1626 945 1692 exstincta
977 1627 1089 1692 haberi
1119 1631 1240 1712 potest.
1288 1629 1319 1694 S.
1344 1628 1460 1713 Alph.

144 1718 201 1795 Vl,
226 1718 304 1782 473.
328 1718 411 1789 477,
436 1716 491 1798 441
514 1715 547 1780 14
570 1715 753 1800 posteriore
776 1715 905 1798 quidem
930 1737 1008 1781 casu
1032 1716 1263 1799 obligationem
1288 1719 1463 1784 confitendi

89 1852 92 1857 -
144 1809 252 1889 urget,
284 1804 346 1870 nisi
369 1805 482 1888 gravis
504 1804 727 1889 praesumptio
757 1803 802 1870 sit
825 1826 883 1887 pro
907 1804 997 1871 facta
1027 1806 1246 1884 confessione,
1278 1807 1334 1871 sed
1365 1810 1462 1874 affert

87 1898 90 1903 '
145 1894 353 1977 gravissimos
376 1898 528 1959 auctores
551 1916 609 1977 pro
633 1893 797 1960 sententia
820 1893 1019 1976 benigniore.

226 2000 268 2065 R.
292 2005 324 2066 4.
371 2000 406 2066 Si
429 2000 591 2081 utrimque
622 1999 776 2082 negative
806 1999 938 2064 dubium
968 2005 1038 2078 est,
1071 2006 1242 2085 peceatum
1275 2023 1347 2066 esse
1378 2024 1462 2067 com-

147 2090 290 2166 missum,
324 2089 379 2154 vel
409 2089 615 2154 commissum
647 2109 719 2155 esse
749 2094 786 2155 44
816 2089 972 2167 mortale,
1004 2089 1160 2171 obligatio
1191 2091 1365 2157 confitendi
1398 2113 1462 2157 non

148 2182 251 2262 potest
274 2177 415 2261 imponi;
439 2199 554 2243 verum
578 2177 606 2242 si
629 2177 781 2243 similiter
803 2178 958 2259 negative
975 2178 1105 2244 dubium
1123 2186 1174 2246 est
1196 2184 1367 2263 peccatum
1391 2200 1463 2246 esse

76 2273 88 2335 i
149 2268 175 2334 iu
196 2267 401 2334 confessione
424 2271 631 2343 accusatum,
663 2288 727 2331 non
757 2271 868 2350 potest
890 2288 949 2351 pro
973 2268 1139 2334 exstincta
1168 2269 1282 2334 haberi
1305 2269 1461 2352 obligatio

81 2428 93 2460 ἦ
150 2355 326 2423 confitendi.
373 2356 405 2424 S.
429 2356 545 2440 Alph.
569 2355 591 2421 l.
617 2377 642 2420 c.
668 2377 698 2422 4.
724 2358 799 2422 474.
824 2357 900 2422 477.

89 2536 92 2540 ,
229 2463 269 2529 R.
294 2465 324 2528 5.
357 2461 392 2527 Si
415 2461 545 2527 dubium
570 2467 621 2528 est
644 2484 686 2527 ex
710 2483 774 2527 una
797 2466 891 2545 parte
908 2462 1107 2544 negativum,
1133 2468 1224 2529 etex
1247 2464 1353 2529 altera
1368 2469 1463 2548 parte
1472 2478 1506 2532 35

153 2552 329 2633 positivum,
354 2572 432 2634 pars
455 2551 612 2633 negativa
635 2572 700 2616 444
724 2558 775 2617 444
798 2553 1014 2623 attendenda;
1039 2574 1153 2617 verum
1170 2575 1246 2636 pars
1265 2553 1407 2637 positiva
1430 2554 1463 2619 14

152 2640 202 2706 444
224 2662 304 2706 casu
327 2661 392 2705 non
416 2640 570 2705 44144414
586 2640 733 2705 favorem
750 2639 923 2718 libertatis,
948 2641 1121 2706 sedetiam
1141 2642 1331 2725 plerumque
1347 2648 1463 2709 contra

150 2728 324 2797 libertatem
348 2729 494 2812 practice
516 2727 644 2795 attendi
667 2729 774 2806 debet,
798 2730 915 2796 saltem
940 2730 967 2794 si
990 2730 1075 2795 ratio
1099 2730 1241 2814 positiva
1257 2737 1309 2798 est
1325 2733 1463 2799 relative

76 2888 80 2898 ,
150 2820 262 2899 gravis,
287 2839 393 2900 neque
417 2818 582 2884 contraria
604 2818 869 2902 praesumptione
894 2817 1037 2897 diluitur,
1062 2819 1204 2887 scilicet:

230 2929 261 2991 1ο
283 2925 312 2990 41
335 2928 467 2991 constat
497 2924 537 2989 de
567 2928 703 3007 peccato
728 2925 900 2990 commisso
931 2929 965 2990 et
994 2925 1108 3007 gravis
1138 2926 1222 2993 ratio
1253 2932 1305 2994 est
1327 2927 1463 3011 putandi

149 3011 217 3080 illud
241 3014 276 3079 in
299 3012 503 3079 confessione
526 3012 668 3078 noudum
693 3034 765 3078 esse
789 3018 988 3092 accusatum,
1014 3014 1176 3080 confessio
1199 3016 1270 3080 fieri
1294 3016 1400 3083 debet.

228 3117 261 3177 2ο
283 3111 312 3176 41
335 3110 449 3192 gravis
472 3111 558 3176 ratio
582 3114 633 3176 est
656 3112 697 3176 ad
722 3112 933 3176 asserendum
950 3115 1061 3178 actum
1077 3113 1213 3196 peccati,
1238 3114 1327 3177 nulla
1351 3113 1463 3195 gravis

147 3201 222 3268 ratio
258 3200 292 3265 in
327 3199 547 3278 contrarium,
586 3199 777 3265 sustinenda
812 3205 864 3265 est
898 3201 1054 3282 obligatio
1087 3202 1280 3279 confitendi,
1320 3203 1396 3283 quia
1429 3203 1463 3266 in

147 3289 235 3356 dubio
260 3289 340 3355 facti
359 3288 517 3354 eiusmodi
541 3309 661 3370 graves
684 3289 829 3354 rationes
852 3290 996 3356 efficiunt
1021 3291 1178 3355 moralem
1204 3292 1368 3372 quandam
1393 3313 1463 3356 cer-

146 3379 325 3447 titudinem.

76 3474 85 3515 ³
228 3479 263 3542 3⁰
283 3475 312 3541 si
335 3475 376 3541 de
399 3480 475 3541 actu
499 3479 639 3553 constat,
664 3480 698 3541 et
720 3477 833 3558 gravis
849 3477 944 3553 ratio,
969 3477 1032 3542 etsi
1056 3498 1118 3541 non
1136 3477 1234 3560 plane
1257 3477 1462 3555 convincens,

144 3566 235 3632 adest
258 3569 369 3631 actum
393 3564 599 3630 commissum
623 3585 789 3630 esserum
813 3570 907 3631 reatu
931 3566 1035 3647 gravi,
1059 3567 1207 3647 urgenda
1233 3571 1283 3632 444
1307 3567 1462 3649 obligatio

144 3654 328 3731 confitendi,
352 3654 381 3719 41
397 3654 502 3731 modo,
527 3653 654 3720 ratione
670 3655 784 3720 habita
800 3655 1074 3738 praesumptionis
1091 3657 1131 3720 de
1147 3660 1237 3722 statu
1254 3656 1461 3740 paenitentis,

76 3772 86 3784 ·
141 3743 195 3811 1114
217 3744 306 3809 ratio
329 3743 442 3826 gravis
464 3747 586 3808 manet.
618 3743 781 3809 Videlicet
804 3744 831 3808 41
856 3766 1009 3826 umquam
1034 3744 1126 3822 41144,
1150 3745 1182 3809 14
1208 3745 1267 3811 hoo
1292 3767 1369 3811 casu
1393 3746 1462 3811 fere

76 3834 84 3871 Τ
141 3853 270 3918 semper
291 3831 499 3897 diiudicanda
527 3852 581 3896 res
612 3838 663 3899 est
692 3853 734 3897 ex
766 3834 1031 3917 praesumptione
1063 3835 1240 3899 secuudum
1264 3835 1463 3901 habitualem

141 3921 339 4006 paenitentis
355 3920 596 3998 conscientiam,
613 3942 697 4003 quae
712 3922 757 3986 ibi
769 3922 927 4006 imprimis
939 3924 1095 3987 moralem
1108 3924 1209 3988 efficit
1225 3924 1462 3990 certitudinem.

141 4011 200 4090 Qui
222 4011 310 4077 enim
333 4010 431 4076 laxae
454 4010 507 4075 vel
530 4010 613 4076 44414
636 4011 750 4092 largae
773 4012 994 4077 conscientiae
1018 4018 1078 4089 est,
1102 4013 1137 4077 iu
1153 4012 1249 4076 dubio
1266 4013 1362 4078 debet
1386 4034 1463 4078 con-

76 4128 79 4137 ¹
140 4101 236 4179 114441,
261 4099 347 4182 4414,
371 4099 435 4164 4141
457 4119 586 4164 revera
608 4101 756 4180 graviter
778 4105 948 4185 peccasset
971 4122 1028 4165 seu
1045 4101 1273 4178 consensisset,
1298 4102 1356 4166 vix
1372 4102 1463 4166 dubi-

140 4195 237 4257 taret.
285 4187 502 4255 Econtrario
533 4187 587 4269 qui
610 4189 762 4263 strictae,
794 4211 835 4255 ne
858 4190 963 4255 dicam
987 4191 1213 4274 scrupulosae,
1246 4191 1463 4255 conscientiae

76 4284 81 4289 “
141 4285 199 4359 est,
224 4279 259 4344 in
283 4277 380 4344 dubio
403 4299 424 4344 a
447 4277 650 4343 confessione
674 4279 782 4362 potius
805 4278 1025 4362 prohibendus
1044 4284 1105 4356 est,
1131 4279 1216 4361 quia,
1241 4280 1268 4344 si
1283 4285 1462 4363 peccasset,

76 4390 78 4395 ·
140 4390 203 4435 uon
234 4367 401 4433 dubitaret
431 4367 488 4432 sed
513 4371 622 4432 certus
652 4373 756 4444 esset,
788 4368 950 4434 confessio
982 4372 1091 4434 antem
1122 4369 1265 4434 inanium
1296 4369 1464 4433 dubiorum

87 4450 90 4463 '
139 4459 290 4526 timorem
315 4459 350 4522 et
372 4456 624 4522 haesitationem
648 4461 758 4539 auget.
790 4457 850 4534 Qui
875 4458 1050 4524 timoratae
1068 4458 1288 4524 conscientiae
1312 4462 1372 4534 est,
1396 4479 1464 4522 me·

76 4470 106 4693 1
140 4549 211 4615 1144
234 4547 324 4612 inter
345 4545 456 4611 laxam
480 4549 515 4610 et
537 4544 703 4623 strictam,
735 4547 882 4612 confiteri
906 4569 971 4612 444
994 4553 1142 4625 4444444,
1173 4548 1230 4612 sed
1260 4567 1365 4627 neque
1389 4568 1464 4630 pro-

76 4660 103 4965 t,
141 4637 301 4704 bibendus
324 4638 385 4713 est,
410 4633 486 4717 quia
503 4635 545 4699 ad
560 4635 811 4702 teneritudinem
829 4636 1046 4702 conscientiae
1063 4637 1197 4721 expedit
1211 4636 1244 4701 14
1262 4636 1465 4701 confessione
