3044 5174
376 277 519 350 Suseeptio
537 279 701 334 sacramenti
720 297 737 334 a
755 279 880 334 ministro
898 278 1018 346 indigno.
1319 285 1360 349 37

76 467 134 511 ‚am
166 446 369 525 haereticus,
400 451 438 513 ut
467 447 601 512 meliore
632 469 696 530 quo
720 447 790 512 fieri
821 451 934 531 posset
962 449 1058 513 modo
1089 447 1280 512 moribundo
1304 469 1364 531 per

76 539 218 601 tremam
235 537 422 603 unctionem
444 542 698 614 succurreretur,
723 556 807 620 quae
823 537 855 601 in
879 538 938 603 tali
956 558 1034 602 casu
1049 537 1245 602 securiorem
1262 537 1363 604 babet

76 629 188 691 'ectum
213 646 311 707 qnam
335 626 507 693 absolutio.

123 714 290 780 Viaticum
315 719 425 781 autem
449 714 517 799 peti
547 714 657 799 potuit
685 717 814 780 tantum
846 714 878 778 iu
903 736 941 780 co
965 735 1044 780 casu
1067 736 1087 780 a
1110 714 1259 780 ministro
1283 714 1362 781 hae·

76 803 137 869 tico
169 805 298 885 quando
330 804 541 869 moribundus
571 803 719 869 sensibus
750 802 928 869 destitutus
958 825 1064 886 neque
1087 803 1169 870 satis
1191 808 1264 870 tuto
1287 807 1362 888 pot-

76 897 108 959 et
137 892 266 958 absolvi
297 913 401 976 neque
430 898 567 977 propter
590 915 615 958 s.
640 893 703 957 olei
735 892 899 958 defectum
930 893 1045 959 donari
1071 893 1235 959 unctione.
1282 893 1361 959 Via-

76 1003 136 1047 um
160 986 272 1048 autem
294 982 450 1065 intellego
474 982 538 1049 rite
561 987 798 1048 consecratum.

123 1070 222 1136 Ratio
253 1092 311 1137 cur
340 1072 444 1136 solum
475 1071 509 1136 in
539 1071 670 1137 defectu
702 1070 916 1137 absolutionis
946 1070 1161 1136 asacerdote
1195 1070 1362 1137 haeretico

76 1160 86 1225 l
110 1160 248 1226 vitando
271 1163 479 1226 sacramenta
495 1160 658 1226 unctionis
680 1160 734 1225 vel
757 1159 870 1226 viatici
892 1159 961 1242 peti
981 1159 1109 1243 possint
1133 1162 1185 1226 est
1200 1181 1241 1225 ea
1264 1181 1362 1242 quam

76 1270 135 1333 pra
164 1249 323 1328 indicavi,
354 1249 481 1317 scilicet
509 1251 615 1315 solnm
645 1249 678 1314 in
709 1249 839 1315 defectu
869 1270 1004 1314 securae
1034 1249 1248 1315 absolutionis
1279 1249 1361 1316 baec

76 1343 243 1405 tramenta
267 1339 408 1404 evadere
430 1360 490 1424 pro
513 1339 705 1404 moribundo
729 1337 922 1423 simpliciter
943 1337 1140 1405 necessaria.

123 1436 163 1503 R.
181 1438 211 1502 6.
243 1435 321 1502 Cum
339 1435 511 1503 Caesarius
535 1440 623 1504 esset
646 1439 743 1502 extra
766 1435 944 1522 periculum
969 1435 1095 1514 mortis,
1119 1435 1208 1503 licite
1232 1434 1404 1508 omninose

76 1524 116 1592 iit
145 1525 350 1593 sacerdotem
380 1525 472 1592 illum
502 1525 557 1608 qni
586 1532 757 1610 peccatum
783 1526 912 1608 quidem
936 1525 1161 1603 commiserat,
1192 1526 1248 1590 sed
1273 1525 1363 1591 nulla

76 1636 176 1680 nsnra
199 1613 423 1680 ecclesiastica
453 1618 526 1682 erat
555 1614 740 1699 impeditus.
787 1615 873 1681 Nam
898 1615 1036 1699 supponi
1065 1615 1178 1682 debuit
1209 1635 1283 1680 eum
1312 1614 1362 1680 in-

76 1703 131 1769 rim
162 1704 225 1769 sibi
256 1705 456 1770 consuluisse
486 1710 587 1786 atque
617 1725 690 1770 cum
720 1704 791 1771 Deo
821 1703 1119 1770 reconciliationem
1150 1703 1361 1787 quaesivisse.

76 1815 85 1858 ι
109 1792 229 1859 saltem
254 1792 282 1859 si
305 1794 459 1859 sacerdos
481 1793 537 1859 ille
560 1793 675 1873 babuit
698 1815 740 1859 ex
763 1793 869 1859 officio
890 1813 1001 1859 curam
1024 1794 1217 1860 animarum.
1254 1792 1363 1858 Grave

76 1881 120 1948 im
144 1886 235 1948 esset
266 1903 349 1947 onus
378 1881 527 1948 fidelibus
548 1882 737 1966 impositum
774 1883 802 1948 si
825 1885 1016 1948 tenerentur
1045 1883 1078 1947 in
1103 1881 1260 1948 eiusmodi
1284 1902 1363 1948 casu

76 1975 238 2038 consueta
261 1971 361 2038 etiam
384 1992 449 2036 non
472 1970 658 2037 necessaria
681 1971 867 2057 receptione
882 1975 1161 2037 sacramentorum
1186 1970 1361 2039 abstinere.

90 2064 214 2142 agatur
238 2059 279 2125 de
302 2060 474 2127 sacerdote
498 2081 595 2127 curae
611 2060 793 2127 animamm
809 2081 851 2125 ex
866 2081 1000 2126 munere
1019 2082 1083 2126 non
1100 2060 1241 2137 addicto,
1265 2081 1360 2142 quem

76 2153 122 2217 rto
152 2150 257 2215 sciam
280 2149 315 2214 in
347 2153 438 2217 statu
460 2149 588 2234 'peccati
612 2171 701 2228 esse,
732 2149 867 2233 gravior
896 2150 982 2216 ratio
1007 2152 1154 2216 accedere
1177 2149 1274 2214 debet
1304 2169 1362 2214 cur

76 2259 103 2304 m
127 2239 258 2310 adeam.
