3044 5174
153 284 218 348 354
513 283 515 286 ⁴
605 279 811 335 Sacramentum
829 280 1020 352 paenitentiae.

241 456 295 522 Ita
329 477 486 541 expresse
519 461 632 523 monet
666 457 840 522 Rituale
871 456 997 534 Rom,
1035 456 1123 521 Ordo
1154 457 1365 523 ministrandi
1400 479 1483 526 sacr.

149 548 269 631 pacarit.
285 545 310 626 §
325 549 468 630 penca:
496 547 566 622 ,vel
590 545 691 612 etiam
713 546 742 611 si
765 545 940 611 confitendi
963 544 1160 610 desiderium
1182 545 1254 610 sive
1268 566 1329 629 per
1351 567 1390 612 se
1413 547 1485 614 sive

150 655 211 719 per
232 635 315 701 alios
338 635 530 713 ostenderit,
553 635 773 700 absolvendus
797 637 879 700 est.“

88 751 139 805 621
239 741 279 807 R.
304 743 335 807 3.
381 740 552 807 Difficilior
573 761 628 806 res
651 744 718 818 est,
749 741 879 822 quando
910 739 983 821 quis
1011 740 1125 804 morbo
1147 738 1196 806 ita
1218 745 1484 826 praeoccupatus

150 829 251 895 fuerit
273 833 373 912 atque
396 830 545 895 sensibus
569 830 764 907 destitutus,
789 833 826 894 ut
848 830 972 894 nullum
995 828 1125 910 signum
1149 828 1199 894 sui
1224 828 1379 895 desiderii
1402 831 1483 897 dare

150 918 294 1001 potuerit
316 939 422 1001 neque
445 919 557 1002 possit.
603 918 692 984 Nam
714 918 890 984 secundum
915 917 1096 983 doctrinam
1126 917 1344 985 communiter
1367 940 1481 1004 recep·

149 1011 219 1072 tam
243 1007 285 1072 ad
309 1009 455 1073 valorem
478 1011 513 1073 et
534 1007 678 1074 fructum
701 1007 900 1074 sacramenti
922 1006 1146 1091 paenitentiae
1168 1008 1314 1091 pertinet
1336 1029 1403 1073 non
1426 1030 1480 1074 so·

149 1095 217 1160 lum
240 1096 389 1162 internus
412 1097 453 1162 de
475 1097 621 1181 peccatis
645 1097 755 1173 dolor,
780 1097 838 1162 sed
861 1096 961 1163 etiam
985 1096 1054 1162 eius
1078 1096 1230 1178 aliqualis
1252 1097 1481 1164 manifestatio

149 1185 228 1250 talis
251 1206 335 1267 quae
364 1207 424 1269 pro
454 1186 596 1268 quadam
625 1185 779 1267 generice
809 1185 1018 1251 accusatione
1047 1206 1106 1250 seu
1136 1185 1343 1251 confessione
1366 1187 1479 1252 haberi

150 1272 264 1356 possit.
298 1274 393 1340 Unde
407 1275 455 1350 fit,
472 1277 519 1353 ut,
536 1275 590 1340 ubi
607 1274 806 1359 praecedens
822 1274 1037 1341 absolutionis
1053 1273 1248 1339 desiderium
1265 1279 1359 1341 certo
1376 1275 1480 1341 mani·

144 1361 266 1426 testari
288 1383 354 1428 non
376 1364 523 1447 potuerit
544 1384 650 1446 neque
673 1384 759 1428 nunc
781 1363 903 1448 possit,
935 1363 1190 1441 absolutionem,
1214 1363 1242 1427 si
1266 1362 1418 1446 proferre
1439 1365 1479 1429 li·

17 1518 20 1523 ,
149 1454 233 1528 cest,
256 1472 321 1517 non
343 1451 442 1517 liceat
464 1453 526 1518 nisi
550 1455 775 1520 condicionate.

238 1558 277 1626 R.
300 1559 331 1624 4.
377 1556 554 1638 Attamen,
587 1559 729 1624 maxime
761 1579 803 1624 ex
835 1563 983 1643 tempore
1015 1558 1047 1624 S.
1080 1557 1240 1641 Alphousi
1270 1562 1305 1624 et
1334 1578 1378 1624 ex
1409 1559 1480 1625 eius

148 1646 365 1726 auctoritate,
390 1648 534 1731 practice
557 1647 711 1714 facillime
735 1647 844 1713 licebit
866 1648 915 1714 ita
938 1646 1163 1714 condicionate
1186 1647 1377 1726 absolvere,
1403 1649 1480 1731 quia

147 1734 289 1802 habetur
310 1736 420 1820 aliqua
436 1736 623 1822 explicatio,
647 1736 856 1803 etiamsinon
878 1736 1017 1801 multum
1038 1735 1226 1820 probabilis,
1251 1739 1386 1802 actuum
1408 1737 1476 1802 suf·

147 1824 334 1891 ficientium.
367 1825 468 1890 Nam:
495 1827 527 1910 1)
549 1825 697 1891 internus
721 1826 813 1891 dolor
836 1826 952 1891 meritc
976 1824 1207 1909 praesumitur,
1230 1823 1293 1890 nisi
1316 1827 1477 1909 probetur

148 1915 364 1990 contrarium
394 1914 487 1998 isque
510 1915 611 1982 etiam
634 1915 708 1981 elici
729 1918 856 1999 potest,
888 1915 951 1980 etsi
982 1915 1069 1980 forte
1092 1914 1242 1979 videatur
1263 1914 1477 1981 moribundus

147 2003 276 2069 ratione
306 2003 500 2070 destitutus:
532 2004 691 2087 siquidem
721 2006 817 2087 signa
847 2003 984 2070 rationis
1014 2003 1193 2069 deficientis
1222 2007 1300 2069 eunt
1330 2002 1474 2072 fallacia.

148 2092 184 2175 2)
207 2092 368 2157 Desiderii
390 2092 560 2159 habendae
583 2093 797 2160 absolutionis
814 2091 1036 2159 manifestatio
1050 2092 1188 2176 fortasse
1210 2092 1377 2178 sufficiens
1400 2092 1476 2174 (etsi

147 2201 213 2245 non
237 2183 374 2247 multum
398 2181 624 2265 probabiliter)
653 2182 793 2248 sumitur
816 2181 850 2259 a)
873 2183 915 2247 ab
945 2181 1019 2248 aliis
1043 2203 1085 2246 ex
1112 2180 1275 2265 suspiriis,
1308 2183 1474 2248 oculorum

147 2270 290 2348 nutibus,
316 2291 399 2352 quae
414 2271 625 2336 moribundus
640 2270 783 2337 fortasse
806 2271 944 2337 ediderit
959 2272 1012 2335 vel
1036 2271 1114 2336 edat
1129 2269 1316 2336 etiamnunc
1331 2271 1366 2335 in
1390 2271 1477 2337 hunc

148 2360 256 2436 finem,
274 2360 335 2425 etsi
353 2361 525 2427 adstantes
541 2381 581 2425 ca
596 2380 661 2425 non
677 2361 812 2426 valeant
828 2359 1030 2434 discernere;
1054 2358 1089 2442 b)
1105 2360 1146 2424 ab
1163 2358 1236 2424 aliis
1252 2380 1295 2424 ex
1310 2360 1397 2425 serie
1420 2383 1476 2427 ec·

146 2451 239 2513 tuum
252 2449 478 2531 praecedentis
490 2450 590 2525 vitae,
608 2469 650 2514 ex
662 2448 778 2530 quibus
790 2449 872 2515 satis
885 2449 1039 2531 colligere
1054 2448 1159 2532 possit
1174 2447 1404 2515 moribundum
1415 2471 1473 2515 vo·

148 2537 247 2602 luisse
270 2539 388 2603 saltem
412 2539 494 2603 mori
516 2539 549 2603 iu
565 2560 647 2623 pace
663 2537 830 2604 Ecclesiae
852 2538 999 2621 adeoque
1022 2559 1082 2621 pro
1104 2537 1220 2602 mortis
1243 2541 1394 2621 tempore
1418 2540 1475 2604 de-

147 2626 309 2691 siderasse
340 2627 595 2693 absolutionem:
635 2627 721 2709 quod
750 2627 780 2692 si
810 2648 853 2692 ex
883 2626 1093 2711 praecedeuti
1125 2626 1195 2692 vita
1225 2629 1329 2712 codici
1359 2628 1475 2712 possit,

146 2714 321 2781 manifeste
354 2715 467 2780 haberi
501 2715 589 2781 illius
623 2715 776 2780 desiderii
807 2719 978 2781 externam
1009 2715 1279 2799 significationem
1318 2737 1378 2781 seu
1417 2738 1475 2783 ex·

145 2825 356 2888 pressrouem.

83 2926 137 2981 622
234 2920 274 2986 n.
299 2924 329 2986 5.
377 2920 472 2986 Unde
497 2941 539 2985 ex
568 2921 600 2986 S.
623 2920 739 3003 Alph.
763 2920 820 2997 VI,
844 2923 909 2985 482
933 2920 981 2986 sic
1004 2918 1230 2986 condicionate
1253 2918 1475 2985 absolvendus

146 3013 199 3074 est
224 3010 256 3089 1)
280 3009 335 3091 qui
359 3009 536 3075 christiane
559 3009 697 3085 vixerit;

236 3107 270 3187 2)
294 3106 394 3173 etiam
416 3108 471 3173 ille
494 3105 549 3189 qui
572 3128 688 3190 parum
711 3106 888 3172 christiane
911 3107 1050 3182 vixerit,
1081 3126 1176 3187 quem
1207 3109 1320 3171 tamen
1343 3110 1477 3173 constat

146 3198 281 3262 voluisse
303 3200 385 3261 oncri
408 3199 443 3261 ia
464 3219 544 3280 pace
567 3197 727 3262 Ecclesiae
750 3198 933 3276 catholicae

235 3295 269 3373 3)
292 3293 390 3357 immo
414 3294 469 3358 ille
492 3293 673 3360 catholicus
703 3295 758 3376 qui
788 3294 915 3376 inipso
940 3297 1016 3358 actu
1047 3290 1175 3376 peccati
1197 3291 1348 3357 sensibus
1372 3293 1474 3359 desti-

145 3387 275 3448 tuatur:
307 3383 466 3464 siquidem
497 3383 673 3447 secundum
698 3383 729 3449 S.
754 3383 872 3466 Alph.
904 3382 924 3447 l.
956 3403 983 3448 c.
1015 3403 1046 3450 n.
1070 3383 1136 3446 483
1166 3381 1331 3464 praesumi
1363 3386 1476 3467 potest

146 3472 245 3536 etiam
270 3471 373 3549 hunc,
399 3471 427 3536 si
450 3471 536 3537 forte
560 3471 701 3536 lucidum
725 3471 934 3537 intervallum
959 3469 1125 3547 habuerit,
1157 3469 1189 3534 in
1213 3470 1364 3554 proximo
1388 3473 1475 3556 peri·

146 3560 219 3624 culo
243 3564 398 3625 aeternae
422 3560 640 3626 damnationis
657 3560 880 3633 constitutum,
906 3560 1167 3625 desideraturum
1184 3579 1257 3624 esse
1273 3560 1362 3625 omni
1377 3562 1474 3625 modo

145 3670 225 3714 suae
249 3655 404 3715 aeternae
427 3649 527 3714 saluti
550 3651 729 3728 consulere,
754 3670 859 3731 neque
882 3653 1035 3713 constare
1058 3669 1131 3712 eum
1148 3648 1307 3714 eiusmodi
1329 3648 1471 3714 lucidum

144 3739 354 3804 intervallum
379 3761 443 3804 non
466 3738 635 3814 habuisse;

235 3837 269 3918 4)
294 3858 335 3901 ex
359 3858 422 3919 quo
446 3836 594 3902 concludi
618 3839 729 3920 potest
759 3873 803 3882 -
834 3856 1031 3917 quamquam
1055 3835 1086 3901 S.
1111 3833 1199 3918 Alph
1222 3834 1299 3899 ibid.
1324 3836 1474 3901 severius

144 3925 288 4008 loquitur
311 3965 353 3973 —
378 3927 462 3990 idem
484 3925 555 3990 fieri
579 3946 675 4009 posse
699 3946 771 3989 cum
796 3923 925 3988 homine
955 3924 1121 4006 baptizato
1154 3923 1337 3990 acatholico
1369 3926 1471 3991 senn-

144 4016 205 4080 bus
222 4015 391 4091 destituto,
415 4015 442 4079 si
458 4015 602 4099 positiva
618 4014 784 4079 adfuerint
799 4012 918 4077 indicia
935 4032 1005 4076 eum
1023 4012 1057 4076 in
1080 4014 1166 4077 bona
1188 4014 1251 4078 fide
1268 4013 1357 4079 circa
1379 4037 1472 4080 suam

143 4108 268 4170 sectam
291 4104 418 4170 versari
435 4108 533 4186 atque
550 4103 707 4169 auxilium
723 4102 875 4168 catholici
890 4101 1071 4167 sacerdotis
1086 4102 1227 4167 libenter
1242 4102 1471 4172 admissurum.

144 4194 303 4260 Attamen
326 4194 358 4258 id
383 4193 645 4276 restringendum
669 4193 800 4258 videtur
823 4191 864 4256 ad
889 4212 1019 4266 casum,
1044 4212 1107 4271 quc
1132 4191 1309 4273 contigerit
1333 4197 1372 4259 ut
1396 4197 1473 4259 ante

145 4283 282 4349 rationis
312 4283 559 4348 destitutionem
591 4283 647 4346 ille
679 4284 774 4347 homo
808 4301 917 4345 eoram
950 4281 1121 4345 sacerdote
1154 4302 1227 4346 sese
1260 4284 1473 4348 declaraverit

144 4378 349 4454 peccatorem
367 4373 420 4436 vel
437 4393 472 4436 se
497 4372 536 4436 de
552 4371 696 4454 peccatis
712 4370 893 4436 commissis
917 4369 1043 4444 dolere;
1069 4369 1151 4434 alias
1175 4370 1318 4435 enimin
1341 4371 1472 4436 homine

144 4461 338 4535 acatholico,
363 4462 418 4543 qui
434 4465 675 4526 sacramentum
692 4459 913 4543 paenitentiae
929 4459 1093 4534 abhorret,
1110 4479 1152 4523 ne
1168 4458 1325 4543 implicite
1342 4460 1470 4543 quidem

143 4548 279 4702 lffibebis
293 4550 664 4703 filliss⁰⁰¹¹f⁰⁸⁸i⁰¹¹em
696 4554 730 4615 et
753 4547 968 4614 absolutionis
992 4547 1187 4612 desiderium
1210 4549 1471 4617 manifestatum.

185 4662 204 4704 ι.
227 4662 268 4704 aa.
328 4667 378 4717 ,o
404 4665 434 4705 o.
