3044 5174
199 300 397 372 Impedimenta
414 317 463 355 sau
482 298 714 369 irregularitatss:
733 329 767 341 -
786 317 822 354 ex
841 300 948 354 delectu
967 300 1051 355 animi
1069 303 1098 354 st
1116 301 1243 373 eorporis.
1319 306 1385 371 433

201 525 530 588 IRREGULARITAS
551 528 605 586 EX
626 526 808 588 DEFEOTU
829 526 950 587 ANIMI
970 527 1021 587 ΕΤ
1043 526 1244 588 CORPORIS.

615 684 726 753 casus.
745 691 823 762 (221)

145 825 306 885 Brooatius
326 824 459 897 iuvenis,
481 825 531 902 qui
552 826 667 903 aspirat
688 827 726 885 ad
747 825 960 898 sacerdotium,
981 825 1134 902 hucusque
1154 828 1255 885 morbo
1277 826 1386 905 epilep-

55 903 115 964 tico
136 905 300 978 laborauit,
329 905 378 982 qui
399 905 518 965 videtur
545 908 582 965 ab
610 925 688 965 anno
710 925 862 977 cessasse,
892 924 958 965 cum
986 925 1021 965 eo
1049 911 1182 984 tempore
1202 907 1275 966 nulli
1297 927 1386 968 casus

55 985 181 1045 violenti
204 985 381 1056 acciderint:
410 986 462 1044 sed
491 985 610 1045 auditus
638 986 743 1046 debilis
770 986 869 1045 faetus
899 991 962 1058 est,
989 986 1088 1046 itaut
1115 987 1302 1063 aliquatenus
1324 1007 1385 1047 sur·

55 1065 159 1125 dsster
177 1066 319 1137 exsistat,
341 1067 486 1142 simulque
507 1065 628 1127 sinistro
650 1068 735 1126 oculo
756 1067 820 1126 fars
841 1086 949 1129 caecus
970 1073 1024 1126 eet.

55 1177 236 1251 animm
256 1181 287 1238 1⁰
307 1178 426 1256 quinam
454 1179 516 1239 sint
536 1179 670 1240 defectus
691 1180 782 1239 animi
803 1182 840 1239 ob
861 1200 935 1256 quos
956 1179 1063 1256 aliquis
1081 1183 1129 1240 ¹ab
1151 1181 1302 1242 ordinibus
1323 1201 1386 1242 sus·

312 1259 456 1337 cipiendis
476 1260 523 1319 vel
546 1260 720 1320 exercendis
741 1260 836 1319 arceri
858 1261 972 1320 debeat.

259 1359 290 1416 2ο
309 1355 428 1433 quinem
449 1356 510 1416 sint
531 1357 675 1417 eiusmodi
696 1357 829 1436 corporis
851 1357 993 1417 defectus.
1119 1367 1122 1381 ’

260 1456 291 1514 3⁰
310 1454 379 1532 quid
401 1455 437 1513 de
457 1454 599 1515 Brocatio
620 1460 724 1515 nostro
746 1455 899 1515 dicendum
921 1456 969 1516 sit.

653 1656 788 1724 Solutio.

145 1799 201 1864 An
231 1818 423 1876 quausrrurr
449 1803 486 1865 1¹n
515 1798 555 1866 R.
583 1802 610 1866 l.
656 1799 709 1864 Ad
739 1798 903 1866 deiectum
933 1801 1036 1865 animi
1064 1799 1271 1865 adnumerari
1301 1799 1387 1864 solet
1395 1813 1447 1867 755

57 1887 114 1972 qui
144 1887 264 1954 dieitur
292 1886 441 1955 defectus
468 1889 547 1973 fidei
576 1889 796 1972 eorrfirmotoe,
827 1888 860 1952 vi
891 1887 982 1952 cuius
1011 1887 1210 1970 irregulares
1238 1893 1317 1954 sunt
1343 1908 1385 1953 ex

56 1978 193 2062 vigente
215 1977 312 2061 praxi
328 1977 436 2059 quoad
455 1977 585 2042 ordines
607 1977 777 2060 ipsamque
792 1981 963 2043 tonsuram
979 1975 1140 2060 (Wernz
1155 1979 1177 2043 l.
1194 1998 1221 2044 o.
1239 2000 1270 2044 n.
1290 1978 1384 2058 119):

57 2066 91 2149 a)
115 2067 265 2152 neophyti
287 2063 320 2148 (1
347 2066 427 2131 Tim.
454 2069 491 2143 3,
517 2067 568 2148 6),
600 2066 677 2131 dum
699 2066 852 2150 prudenti
876 2065 994 2131 iudicio
1025 2066 1167 2151 episcopi
1197 2066 1386 2133 authentice

57 2156 256 2223 declarando
279 2155 464 2221 iudicentur
487 2154 689 2221 sufficienter
712 2155 746 2220 in
763 2154 827 2221 fide
842 2155 980 2230 firmati:
1004 2175 1112 2238 neque
1127 2161 1238 2222 tamen
1255 2158 1386 2221 constat

55 2244 179 2329 requiri
203 2244 481 2328 dispensationem
504 2244 621 2309 summi
644 2244 808 2329 pontificis
831 2244 992 2323 (Wernz
1016 2243 1090 2327 ib.);
1115 2243 1149 2328 b)
1173 2247 1289 2328 clinici,
1312 2244 1333 2312 i.
1356 2264 1384 2312 e.

55 2334 79 2400 ii
103 2333 161 2417 qui
183 2333 219 2398 in
241 2333 356 2399 adulta
380 2336 491 2400 aetate
514 2335 607 2419 eulpa
631 2356 692 2398 sua
714 2333 912 2416 baptismum
937 2354 1039 2415 usque
1072 2333 1114 2399 ad
1146 2333 1384 2416 aegritudinem

54 2422 276 2508 periculosam
297 2422 615 2507 procrastinaverint
638 2428 737 2504 atque
760 2423 794 2487 in
816 2421 960 2507 periculo
984 2422 1100 2488 mortis
1126 2423 1224 2506 positi
1255 2424 1384 2489 demum

54 2511 277 2597 susceperint:
303 2531 386 2593 quae
409 2510 647 2592 irregularitas,
673 2532 869 2595 quamquam
894 2513 1019 2598 colpam
1042 2512 1213 2596 supponit,
1236 2512 1385 2595 proxime

56 2625 95 2670 ee
126 2600 249 2685 defecta
279 2600 355 2666 fidei
385 2621 450 2666 non
479 2600 561 2666 satis
590 2601 751 2685 probatae
781 2601 839 2666 sed
869 2600 1044 2684 suspicioni
1079 2600 1245 2667 subiectae
1282 2601 1386 2667 oritur

56 2690 212 2773 (ideoque
235 2689 335 2756 etiam
359 2689 400 2754 ab
424 2710 463 2755 eo
486 2690 664 2757 incurritur
687 2690 740 2773 qui
758 2689 842 2755 hane
858 2710 996 2773 poenam
1013 2689 1247 2773 ignoraveritl:
1271 2712 1386 2756 verum

54 2779 228 2864 episcopus
252 2777 468 2862 dispensando
492 2779 593 2846 talem
617 2780 791 2845 admittere
813 2781 943 2863 potest,
974 2779 1117 2845 maxime
1148 2781 1188 2844 ob
1211 2779 1380 2863 penuriam

54 2867 280 2946 sacerdotum,
312 2889 383 2932 eum
408 2888 444 2933 se
467 2867 587 2934 infide
610 2871 738 2934 firmum
760 2867 966 2952 probaverit:
1000 2868 1041 2933 of.
1067 2888 1094 2936 o.
1119 2870 1156 2933 Si
1179 2871 1250 2955 quis
1273 2871 1312 2934 D.
1338 2870 1379 2933 57

56 2981 94 3023 es
117 2959 226 3023 condi.
249 2957 439 3023 Neocaesor.

146 3072 186 3138 R.
218 3074 248 3138 2.
290 3071 452 3138 Dicuntur
481 3071 680 3155 irregulares
709 3095 749 3137 es
778 3072 898 3155 defecto
929 3074 1079 3137 scientiae
1111 3071 1166 3153 qui
1203 3093 1268 3137 non
1307 3075 1445 3140 sunt756

55 3160 140 3230 setis
163 3159 317 3227 instructi
338 3164 378 3227 ut
401 3160 565 3226 ordinibus
588 3160 803 3245 suscipiendis
826 3160 920 3242 fungi
943 3159 1086 3243 possint:
1121 3182 1205 3243 quae
1228 3165 1280 3226 est
1302 3162 1383 3226 irre·

56 3250 219 3334 gularitam
247 3251 317 3316 late
347 3256 494 3334 sumpta,
531 3271 604 3315 cum
633 3251 708 3333 lege
738 3248 1007 3315 divino-naturali
1040 3270 1134 3314 neruo
1167 3271 1202 3315 se
1233 3249 1384 3332 ingerere

56 3340 161 3424 possit
191 3339 321 3423 ineptus
352 3339 386 3404 in
416 3339 589 3405 cuiuslibet
618 3340 764 3405 muneris
793 3338 994 3411 functiones:
1033 3359 1071 3404 ac
1102 3342 1279 3423 propterea
1310 3340 1384 3424 lege

56 3429 157 3497 etiam
188 3426 411 3494 ecclesiastica
435 3432 566 3493 cautum
590 3433 658 3508 est,
689 3450 730 3494 ne
754 3430 846 3494 liceat
868 3427 997 3492 ordines
1021 3427 1170 3493 conferre
1194 3428 1247 3493 vel
1282 3428 1384 3495 susci-

56 3539 135 3675 plqre
158 3518 337 3672 nisqlpqqtl
360 3521 485 3583 certam
516 3517 687 3584 scientiam
721 3516 871 3583 examine
903 3517 1085 3600 probatam.
1133 3517 1182 3583 De
1214 3539 1277 3600 quo
1309 3518 1384 3584 vide

110 3630 184 3675 ‚ou
243 3657 250 3684 ,
343 3658 350 3672 .

147 3722 186 3789 R.
211 3725 241 3790 3.
280 3721 388 3804 Magis
417 3721 518 3788 etiam
550 3721 749 3805 irregulares
781 3727 859 3788 sunt
892 3743 929 3788 en
962 3722 1084 3804 defecto
1117 3745 1217 3789 sonae
1248 3726 1384 3789 rationis

56 3833 122 3879 non
146 3811 250 3878 solum
274 3811 366 3895 pueri
391 3815 468 3877 ante
492 3831 585 3877 usum
608 3812 756 3889 rationis
780 3817 837 3877 sed
862 3811 1020 3894 imprimis
1043 3811 1077 3893 a)
1101 3815 1249 3877 amentes
1272 3815 1307 3877 et
1328 3812 1384 3877 de·

57 3905 200 3979 mentes,
226 3899 325 3966 etiarn
349 3899 371 3965 ii
394 3900 449 3983 qui
472 3899 594 3966 habent
616 3901 724 3967 lucida
747 3901 932 3977 intervalla,
960 3903 1060 3983 atque
1082 3900 1105 3965 ii
1129 3903 1184 3986 qui
1204 3903 1279 3984 fisis
1304 3903 1384 3966 ideis

57 3992 226 4059 laborant:
251 3989 293 4056 of.
317 3987 466 4054 Wernz
489 4011 521 4057 n.
548 3993 610 4055 116
635 3991 809 4074 praecipue
832 3993 900 4058 not.
928 3992 1001 4055 143.

146 4097 181 4181 b)
204 4096 426 4178 Energumeni
450 4117 508 4162 seu
531 4117 552 4162 a
575 4096 703 4162 diabolo
728 4097 861 4162 obsessi.

146 4202 224 4280 Qui,
256 4202 320 4269 etsi
349 4203 404 4267 diu
427 4203 603 4269 videantur
625 4202 726 4269 fuisse
749 4203 909 4268 immunes
932 4202 987 4267 vel
1010 4221 1031 4266 a
1055 4201 1173 4267 diaboli
1197 4200 1382 4268 infestatio·

56 4295 152 4360 nibus
175 4291 229 4358 vel
252 4313 353 4358 sanae
376 4291 513 4358 rationis
536 4292 799 4376 perturbatione:
824 4291 894 4357 sine
910 4290 1003 4356 Sedis
1018 4289 1229 4374 Apostolicae
1253 4291 1382 4373 dispen-

56 4383 187 4450 satione
211 4381 340 4446 ordines
363 4384 523 4467 aoscipere
545 4401 610 4446 ncn
633 4387 771 4465 possunt
794 4382 892 4462 (quae
917 4382 1106 4445 diuturnam
1123 4381 1249 4444 mnino
1264 4380 1382 4462 proba-

55 4474 180 4541 tionem
203 4471 370 4553 requirere
394 4468 508 4550 solet);
534 4470 664 4536 ordines
688 4493 766 4537 vero
791 4479 886 4535 colec
905 4477 1061 4553 :correptos
1077 4490 1220 4533 exercere
1235 4472 1381 4551 possunt,

56 4560 188 4647 quando
211 4581 271 4644 per
292 4558 422 4641 longius
444 4562 574 4644 tempus
597 4559 756 4625 immunes
780 4560 903 4625 fuerint
926 4562 959 4621 et
983 4578 1024 4622 ex
1055 4556 1207 4642 prudenti
1240 4556 1382 4640 episcopi

55 4654 110 4719 vel
135 4649 314 4734 superioris
336 4647 498 4730 regularia
520 4648 640 4713 iudicio
656 4649 726 4732 apti
743 4649 847 4714 denuo
864 4644 1082 4714 inveniantur.
1111 4645 1160 4713 cf.
1176 4646 1322 4711 Wernz
1337 4645 1380 4713 ib.

106 4760 276 4808 behmknhl.
290 4760 364 4802 cesus
377 4758 539 4802 ecmcisnties.
560 4759 589 4800 11.
1140 4750 1174 4804 28
