3044 5174
139 283 207 346 Δ116
674 278 714 332 De
733 296 769 334 ss.
789 277 962 332 eucharistia.

140 503 375 572 OBLIGATIO
399 505 663 573 APPLICANDI
685 506 770 572 PRO
793 505 964 572 POPULO
988 506 1114 583 QUAM
1141 505 1256 572 LATI]
1279 505 1465 575 ΡΑΤΕΑΤ.

718 674 827 740 Casus.
847 681 906 747 (58)

232 813 379 884 Claudius,
401 814 552 890 hucusque
573 815 704 874 vicarius
726 814 916 892 apostolicus,
939 835 1016 874 nuno
1038 816 1200 875 constituta
1220 816 1369 875 ordinaria
1391 816 1467 874 hier·

141 893 245 952 archia
273 894 430 971 episcopus
457 894 515 954 looi
545 895 575 953 iu
605 901 708 954 extera
729 895 884 966 missione,
914 897 1037 971 penuria
1059 915 1166 971 magna
1187 896 1347 973 premitur,
1376 902 1466 971 atque

140 974 252 1049 optimo
273 992 330 1049 quo
351 975 446 1050 possit
468 975 553 1034 modo
574 994 715 1051 quaerere
737 976 823 1034 debet
844 976 1096 1035 sustentationem
1116 997 1169 1053 pro
1185 996 1217 1035 se
1239 983 1269 1035 et
1290 996 1343 1052 pro
1364 977 1467 1034 multis

140 1053 321 1130 pauperibus
350 1074 440 1114 esuo
466 1075 565 1131 grege.
607 1056 685 1114 Hinc
714 1056 846 1114 celebrat
872 1075 925 1132 pro
955 1055 1125 1131 stipendiis;
1154 1076 1207 1134 pro
1235 1056 1377 1116 missione
1406 1075 1465 1114 non

141 1134 273 1210 applicat
293 1135 351 1193 nisi
373 1136 464 1194 semel
485 1135 516 1193 in
537 1154 638 1194 mense
660 1135 705 1194 die
727 1134 901 1205 arbitrario,
931 1154 996 1194 cum
1018 1136 1107 1195 etiam
1128 1135 1230 1196 fideles
1252 1138 1289 1195 ob
1310 1137 1465 1212 penuriam

140 1214 327 1272 sacerdotum
348 1234 408 1273 non
429 1215 558 1291 saepius,
579 1215 681 1275 habita
703 1215 934 1292 opportunitate,
955 1221 1114 1275 teneantur
1135 1235 1221 1276 sacro
1243 1216 1402 1285 assistere;
1425 1217 1467 1274 in-

141 1313 232 1370 super
252 1294 383 1353 subditis'
400 1297 462 1354 suis
483 1295 679 1355 missionariis
700 1295 829 1370 iniungit
849 1302 882 1354 ut
903 1295 1003 1354 eodem
1025 1296 1109 1355 modo
1131 1301 1241 1371 agant,
1263 1297 1376 1355 lucram
1398 1296 1466 1354 inde

141 1374 279 1433 haustum
308 1375 364 1432 sibi
393 1395 447 1451 pro
475 1376 653 1452 pauperibus
681 1377 801 1434 tradant
828 1380 916 1451 atque
943 1375 1080 1434 similiter
1108 1396 1223 1435 omnem
1253 1377 1466 1453 stipendiorum

140 1474 296 1513 excessum
325 1474 408 1530 quem
438 1456 515 1514 ultra
544 1457 668 1532 pretium
698 1456 784 1514 unius
813 1455 909 1514 hanel
938 1474 990 1531 pro
1019 1456 1144 1531 singulis
1165 1457 1340 1534 receperint.
1382 1454 1467 1525 Quod

140 1540 173 1592 ut
192 1534 297 1593 melius
319 1535 380 1604 fiat,
402 1536 467 1593 vult
486 1541 520 1594 ut
540 1537 571 1594 in
592 1542 742 1611 posterum
765 1536 863 1594 omnia
887 1535 1035 1611 stipendia
1053 1556 1118 1595 cum
1135 1537 1351 1596 intentionibus
1372 1537 1411 1595 ad
1435 1557 1467 1594 se

139 1614 294 1673 remittant
323 1620 353 1673 et
375 1615 611 1675 distributionem
639 1635 657 1674 a
685 1636 717 1674 se
746 1617 854 1674 factam
883 1621 1064 1692 exspectent.
1107 1616 1135 1674 A
1155 1616 1268 1676 vicario
1297 1617 1466 1675 admonitus

140 1694 215 1753 haec
236 1695 390 1754 adversari
411 1695 525 1771 legibus
545 1695 717 1766 Ecclesiae,
739 1696 899 1772 respondet
919 1715 952 1754 se
973 1696 1104 1772 iamper
1125 1697 1224 1756 decem
1247 1716 1341 1756 annos
1363 1696 1395 1755 in
1416 1717 1465 1755 va·

140 1775 193 1834 riis
213 1775 288 1834 locis
309 1794 368 1834 non
389 1775 507 1852 saepius
529 1777 713 1852 applicasse;
744 1781 924 1852 quapropter
944 1795 1004 1834 non
1026 1795 1093 1834 esee
1114 1796 1167 1835 cur
1194 1796 1213 1835 a
1233 1777 1323 1851 longa
1344 1796 1466 1837 consue·

139 1855 242 1913 tudine
264 1855 398 1915 desistat.

140 1968 317 2039 Quanmrus
339 1970 368 2028 1⁰
389 1969 485 2044 qualis
505 1970 656 2029 incumbat
684 1969 826 2045 obligatio
853 1969 1050 2029 missiondriis
1078 1970 1245 2047 applicandi
1274 1991 1327 2048 pro
1348 1972 1466 2049 populo.

340 2069 370 2125 2ο
390 2067 524 2143 possitne
545 2087 583 2126 ex
604 2067 760 2143 stipendiis
781 2068 891 2143 aliquid
913 2067 1028 2126 detrahi
1047 2066 1078 2126 in
1106 2070 1238 2127 favorem
1261 2088 1369 2129 causae
1391 2070 1467 2146 piae.

341 2165 371 2222 3⁰
391 2169 514 2223 rectane
534 2164 624 2222 fuerit
645 2169 734 2240 atque
755 2163 795 2222 sit
816 2163 931 2224 Claudii
953 2164 1060 2239 agendi
1079 2164 1165 2224 ratio.

734 2362 870 2430 Solutio.

75 2520 129 2589 20⁶
228 2504 281 2569 An
305 2503 607 2579 Quirenarum
628 2508 656 2569 1.
691 2503 856 2587 Obligatio
871 2505 1055 2589 applicandi
1080 2527 1139 2590 pro
1163 2506 1283 2589 populo
1306 2505 1466 2573 incumbit

140 2593 179 2657 iis
204 2593 257 2674 qui
281 2593 484 2658 ordinariam
509 2613 620 2658 curam
644 2593 825 2658 animarum
849 2594 881 2658 vi
904 2595 1047 2660 muneris
1070 2594 1120 2660 sui
1144 2601 1243 2677 atque
1259 2616 1302 2661 ex
1324 2596 1465 2678 quadarn

140 2682 266 2748 iustitia
286 2681 472 2746 subierunt:
497 2681 657 2764 episcopis
682 2687 716 2747 et
738 2683 898 2766 parochis,
923 2687 957 2748 et
980 2684 1008 2748 si
1032 2685 1085 2766 qui
1102 2705 1212 2749 eorum
1229 2683 1317 2749 vices
1334 2690 1464 2766 gerunt.

140 2771 201 2847 Qui
231 2774 341 2836 autem
371 2792 435 2834 non
466 2770 499 2834 vi
522 2770 735 2837 ecclesiastici
768 2772 927 2850 maneria,
959 2773 1017 2838 sed
1047 2773 1149 2837 libere
1178 2779 1408 2840 succurrentes
1431 2775 1464 2838 in

140 2861 237 2925 rebus
260 2880 344 2942 quse
367 2859 549 2924 animarum
575 2879 685 2924 curam
711 2865 863 2944 spectant
886 2862 1035 2945 occupati
1061 2867 1138 2928 sunt
1161 2866 1260 2944 atque
1281 2862 1352 2927 sola
1377 2863 1465 2928 dele·

138 2953 219 3032 gata
242 2952 408 3032 potestate
432 2948 514 3012 alios
537 2947 663 3027 iuvent,
688 2971 751 3013 non
775 2953 930 3017 tenentur
952 2951 1086 3035 propria
1110 2951 1320 3032 obligatione.

229 3055 267 3121 R.
293 3057 322 3119 2.
363 3054 661 3136 Obligatio'autem
685 3075 750 3119 non
772 3055 846 3122 inde
869 3056 1029 3140 repetitur
1053 3058 1148 3139 quod.
1173 3058 1200 3122 si
1224 3058 1335 3139 quiin
1360 3059 1465 3124 ecole-

138 3145 271 3211 siastico
296 3165 430 3209 munere
454 3143 626 3209 constituti
649 3143 725 3220 sint,
750 3144 896 3210 beneficii
920 3145 1047 3211 fructus
1063 3146 1254 3231 percipiant,
1280 3147 1363 3211 acsi
1383 3148 1465 3212 obli-

138 3233 229 3315 gatio
253 3237 369 3309 cesset,
394 3232 523 3315 quando
547 3232 674 3298 fructus
697 3255 761 3298 non
777 3235 905 3317 possint
920 3235 1056 3319 percipi;
1081 3257 1157 3300 narn
1172 3238 1299 3301 enarrari
1314 3235 1464 3302 inhaeret

33 3353 37 3367 ·
137 3323 304 3406 obligatio,
329 3343 395 3387 non
419 3321 579 3388 fructibus
602 3322 759 3388 beneficii.

227 3428 265 3494 R.
292 3431 321 3494 3.
368 3428 566 3493 Missionarii
589 3427 622 3492 in
647 3428 770 3495 exteris
794 3428 997 3511 regionibus,
1021 3430 1075 3494 ubi
1099 3430 1283 3495 hierarchia
1307 3430 1463 3496 ecclesia·

138 3518 223 3583 stica
253 3517 405 3584 instituta
434 3539 497 3581 non
528 3521 580 3582 est
609 3538 713 3599 neque
736 3519 866 3602 proprie
891 3519 998 3585 diotae
1022 3519 1186 3584 dioeceses
1209 3519 1265 3584 vel
1286 3520 1462 3603 parochiae

139 3607 321 3685 exsistunt,
345 3628 410 3671 non
434 3610 605 3684 tenentur;
629 3611 666 3672 st
689 3630 727 3671 ea
749 3611 883 3672 caritate
906 3609 991 3673 decet
1013 3608 1174 3674 interdum
1199 3609 1331 3673 missam
1357 3609 1462 3693 appli-

139 3717 223 3761 care.
272 3695 305 3761 Si
329 3696 457 3776 quando
481 3700 591 3761 autern
615 3695 659 3760 ibi
682 3695 865 3761 hierarchia
889 3696 1018 3779 quidem
1042 3697 1221 3763 constituta
1244 3704 1312 3775 est,
1347 3699 1406 3763 sed
1430 3699 1462 3762 in

136 3785 249 3850 sedern
273 3789 448 3850 vacantem
472 3784 590 3866 aliquis
613 3784 766 3862 mittitur,
791 3787 891 3851 etiam
915 3808 987 3851 oum
1012 3787 1141 3851 nomine
1158 3786 1271 3852 vicarii
1295 3787 1349 3852 vel
1367 3808 1462 3871 prae·

138 3874 217 3940 fecti
241 3872 420 3956 apostolici,
445 3873 473 3938 is
496 3879 628 3941 tenetur
651 3874 816 3957 applicare
833 3879 869 3940 ut
886 3874 974 3940 vices
989 3897 1107 3958 gerens
1129 3876 1199 3941 eius
1215 3875 1268 3957 qui
1285 3875 1460 3958 obligatur.

139 3962 186 4029 uf.
217 3962 282 4029 litt.
316 3963 440 4045 eneyal.
474 3963 504 4028 d.
536 3963 565 4029 d.
602 3966 642 4028 10
671 3962 754 4028 Iunii
786 3965 871 4028 1882
902 3963 1053 4030 Leonis
1076 3965 1154 4030 XIII
1185 3967 1245 4046 ,Ia
1276 3969 1463 4051 aaprrmffl,

140 4052 342 4134 Gasparri
366 4074 396 4117 n.
422 4053 485 4116 497
503 4073 574 4133 sqq.

74 4189 127 4242 205
227 4173 281 4239 An
312 4196 503 4251 aurneinan
537 4179 577 4239 2¹²¹
608 4176 646 4241 R.
694 4177 876 4241 Detrahere
908 4181 1036 4260 partem
1069 4198 1110 4241 ex
1143 4177 1312 4261 stipendiis
1344 4180 1462 4245 missa·

139 4286 219 4341 rum,
245 4265 307 4330 etsi
330 4267 389 4330 fiat
412 4265 445 4328 in
468 4265 615 4330 favorem
640 4286 757 4329 causae
781 4265 870 4348 piae,
896 4287 954 4349 per
977 4288 1013 4330 se
1036 4266 1150 4332 stricte
1174 4267 1373 4350 prohibitum
1398 4275 1459 4346 est,

139 4354 200 4417 nisi
229 4374 288 4428 ,ex
312 4375 470 4418 consensu
494 4354 709 4431 oblatorun1“,
732 4354 753 4421 i.
779 4375 806 4419 e.
832 4376 942 4419 eorum
967 4356 1020 4437 qui
1044 4356 1240 4438 stipendium
1264 4359 1415 4424 offerunt.

226 4450 316 4516 inter
346 4473 503 4534 responsa
527 4453 557 4516 S.
582 4452 740 4533 Congreg.
766 4473 785 4516 a
809 4452 866 4516 Pio
892 4452 937 4516 IX
968 4455 1159 4518 confirmata
1186 4456 1236 4518 13.
1262 4454 1347 4537 Aug.
1376 4458 1460 4522 1874

138 4539 218 4603 haec
243 4543 294 4604 est
318 4541 359 4605 ad
383 4542 445 4605 VII
473 4541 543 4616 ,An
566 4540 665 4605 liceat
688 4541 847 4624 episcopis
871 4542 941 4606 sine
965 4541 1098 4624 speciali
1123 4543 1154 4607 S.
1181 4542 1273 4607 Sedis
1296 4545 1395 4611 venia
1419 4567 1461 4610 ex

137 4629 353 4712 eleemosynis
385 4630 557 4694 missarum
589 4651 670 4711 quas
703 4630 814 4695 fideles
847 4631 1077 4695 celebrioribus
1108 4632 1305 4698 sanctuariis
1328 4636 1461 4701 tradere
