3044 5174
139 305 204 370 458
639 301 845 356 Sacramentum
864 300 974 355 ordinis.

228 477 266 543 R.
292 480 322 543 3.
370 475 430 554 Qui
453 476 556 559 igitur
577 476 792 543 habitualiter
820 476 884 543 scit
914 479 949 542 et
979 476 1052 541 vult
1081 476 1223 542 recitare
1253 476 1399 542 officium
1423 476 1466 542 di·

138 567 249 632 vinum
275 571 312 633 ut
335 565 527 632 exercitium
544 565 642 650 pium,
668 587 706 632 eo
722 566 794 649 ipso
810 567 896 648 quod
911 565 1048 649 incipiat
1063 567 1117 631 vel
1134 570 1244 633 sumat
1261 566 1467 640 breviarium,
1512 624 1514 649 ,

138 655 352 722 intentionem
377 655 593 721 sufficientem
618 656 735 734 habet,
765 655 828 721 nisi
852 675 895 720 ex
917 656 981 720 fine
1005 658 1181 732 extraneo,
1212 676 1245 721 v.
1269 676 1301 737 g.
1327 657 1370 720 ad
1402 659 1469 721 stu·

139 746 290 822 dandum,
314 745 356 810 ad
380 765 453 810 sese
477 745 705 810 oblectandum
730 744 770 809 de
793 747 866 810 arte
882 744 936 810 vel
955 743 1085 809 curiosa
1107 743 1248 811 lectione
1271 745 1469 810 breviarium

139 838 249 901 sumat
273 839 307 900 et
329 834 430 916 legat.
1297 834 1298 837 ’

80 967 131 1022 796
229 956 282 1020 Ar>
299 976 490 1032 ouanmruu
506 959 545 1020 4⁸²
561 956 599 1022 R.
620 959 649 1023 1.
680 957 901 1023 Damoclem
917 957 1107 1024 indecenter
1122 955 1251 1022 omnino
1268 977 1304 1022 se
1328 957 1469 1042 gessisse

140 1045 303 1110 neminem
326 1045 431 1111 latere
454 1049 578 1128 potest;
610 1049 709 1127 atque
739 1045 901 1111 siceram
931 1045 1024 1111 laicis
1047 1045 1095 1112 ita
1126 1046 1211 1128 egit,
1243 1044 1300 1128 qui
1323 1046 1469 1111 sciebant

141 1135 196 1217 agi
219 1134 264 1199 ibi
288 1133 328 1198 de
351 1133 562 1218 praescriptis
578 1135 729 1218 precibus
746 1155 766 1199 a
780 1135 937 1200 Damocle
953 1134 1127 1200 fundendis
1143 1134 1273 1200 nomine
1290 1135 1468 1212 Ecclesiae,

141 1223 238 1289 valde
262 1222 441 1289 timendum
466 1228 517 1290 est
540 1244 581 1289 nc
604 1227 727 1290 reticere
750 1224 899 1289 scovaduti
921 1224 1069 1306 graviter
1092 1223 1289 1308 peccaverit.

231 1329 270 1396 R.
296 1332 326 1396 2.
372 1329 461 1395 Num
485 1329 749 1396 substantialiter
772 1329 990 1408 satisfecerit,
1015 1330 1137 1413 pendet
1160 1331 1201 1395 ab
1225 1351 1263 1395 eo
1287 1334 1402 1396 utrum
1424 1330 1468 1395 di·

142 1418 264 1485 cendus
287 1419 332 1484 sit
355 1423 525 1484 externam
550 1418 679 1501 quidem
704 1419 920 1485 attentionem
944 1440 1097 1484 servasse
1120 1440 1161 1484 an
1192 1419 1291 1486 etiam
1316 1440 1392 1484 eam
1416 1440 1468 1485 ne·
1511 1420 1514 1451 ³

141 1508 295 1591 glexisse.
343 1507 428 1574 Sane
450 1507 586 1573 lustrari
609 1507 741 1574 chartas
765 1508 955 1586 ludentium,
981 1529 1037 1573 eos
1061 1507 1201 1590 dirigere
1224 1507 1256 1573 in
1282 1508 1371 1587 ludo,
1396 1514 1468 1575 sunt
1511 1504 1514 1511 ’

143 1595 289 1663 actiones
313 1618 397 1680 quae
421 1597 564 1662 animum
587 1596 702 1662 orandi
732 1599 766 1663 et
797 1597 1013 1664 attentionem
1044 1598 1085 1662 ad
1109 1597 1214 1663 Deum
1237 1597 1293 1663 vel
1315 1597 1360 1662 ad
1383 1597 1468 1682 ipsas

142 1707 258 1771 preces
281 1707 341 1771 per
363 1707 398 1750 se
423 1686 611 1755 excludunt.
658 1686 691 1752 si
714 1685 817 1768 igitur
837 1686 970 1770 saepius
993 1686 1080 1752 inter
1101 1685 1207 1770 ipsam
1231 1685 1467 1763 recitationem,
1510 1722 1513 1747 t

143 1775 177 1841 in
201 1795 265 1859 qua
288 1775 464 1860 pergebat.
496 1775 607 1841 oculos
637 1775 787 1840 attulerit
809 1775 851 1840 ad
874 1776 983 1840 ludum
1010 1780 1109 1859 atque
1139 1775 1318 1842 notabilem
1342 1781 1468 1860 partem

144 1863 243 1929 officii
267 1863 368 1929 divini
391 1863 439 1930 ita
455 1863 644 1930 indecenter
659 1864 893 1948 pronuntiavit,
919 1864 1026 1947 quoad
1045 1865 1130 1930 hanc
1148 1868 1273 1948 partem
1290 1886 1357 1930 non
1373 1865 1468 1931 satis·

144 1953 240 2031 fecit;
272 1974 311 2018 ac
341 1953 435 2037 proin
458 1952 520 2018 hac
542 1953 671 2019 ratione
694 1954 843 2035 graviter
866 1954 1033 2037 peccavit,
1064 1955 1092 2018 si
1115 1954 1176 2019 hoc
1199 1952 1296 2019 modo
1319 1954 1467 2020 absolute

144 2042 250 2109 voluit
265 2042 496 2124 obligationem
514 2063 608 2107 suam
624 2063 697 2107 esse
712 2042 891 2126 impletam,
916 2042 968 2108 vel
991 2043 1029 2120 si,
1053 2047 1170 2126 postea
1192 2042 1382 2121 advertens
1407 2064 1467 2108 non

144 2131 315 2216 repetierit
338 2130 574 2197 recitationem.
623 2132 779 2197 Similiter
801 2131 971 2197 dicendum
996 2136 1064 2210 est,
1094 2132 1123 2197 si
1146 2131 1225 2197 socii
1248 2131 1336 2198 inter
1359 2133 1468 2198 ludum

143 2242 256 2286 vocem
281 2221 441 2286 extollere
464 2222 630 2298 solebant,
661 2225 761 2303 atque
784 2221 957 2287 Damocles
986 2241 1087 2304 prope
1117 2221 1281 2299 assidens,
1313 2221 1391 2286 dum
1416 2242 1468 2287 oro

144 2310 323 2387 recitabat,
355 2313 482 2376 attente
512 2310 638 2375 audivit
661 2310 738 2391 quid
760 2309 911 2377 ludentes
934 2311 1155 2393 loquerentur.
1202 2310 1290 2376 Nam
1313 2309 1397 2376 haec
1420 2315 1469 2375 est

146 2404 285 2464 externa
309 2419 382 2463 cum
405 2399 470 2463 illis
493 2398 758 2476 communicatio,
789 2420 873 2482 quae
906 2400 1087 2465 orationem
1112 2399 1179 2464 veri
1204 2399 1345 2465 nominis
1369 2400 1469 2484 impe·

145 2489 214 2553 dire
238 2488 335 2552 debet
358 2492 478 2552 natura
500 2509 570 2564 sua,
595 2487 655 2552 nisi
680 2488 767 2554 forte
790 2489 907 2571 aliquis
923 2510 1043 2572 magno
1066 2494 1186 2554 conatu
1210 2509 1231 2554 a
1254 2488 1469 2555 collocutione

145 2577 281 2642 aliorum
307 2576 453 2643 auditum
478 2581 512 2643 et
534 2581 676 2642 mentem
701 2581 843 2644 avertat.
860 2616 904 2626 -
921 2578 953 2644 si
977 2599 1056 2643 vero
1081 2578 1226 2644 breviter
1248 2576 1470 2645 intermittens

144 2665 370 2731 recitationem
395 2666 569 2748 aliquoties
592 2666 634 2732 ad
657 2666 768 2731 ludum
791 2667 932 2750 aspexit,
957 2667 1093 2732 consilia
1116 2666 1206 2733 dedit
1229 2687 1268 2732 ac
1292 2667 1384 2744 dein,
1417 2669 1470 2732 de·

144 2755 265 2820 sistens
289 2776 309 2819 a
332 2755 424 2829 ludo,
455 2755 573 2820 iterum
598 2776 633 2820 se
656 2755 843 2821 recitationi
873 2755 1069 2840 applicavit,
1101 2756 1282 2821 censendus
1312 2762 1366 2822 est
1396 2758 1469 2822 sub·

144 2844 346 2910 stantialiter
368 2843 584 2922 satisfecisse,
617 2846 747 2926 quando
777 2845 873 2910 amici
902 2845 988 2910 inter
1018 2845 1130 2911 ludum
1152 2845 1295 2911 silebant
1317 2846 1372 2910 vel
1397 2867 1469 2911 raro

145 2933 274 2998 omnino
298 2933 468 2998 verbulum
492 2934 713 3017 proferebant.

84 3053 134 3108 ‘197
234 3039 273 3106 a.
307 3041 336 3106 3.
384 3039 496 3116 Quoad
529 3040 776 3106 Dositheum
811 3046 906 3123 patet
940 3061 982 3106 cx
1017 3039 1113 3107 dictis
1150 3044 1355 3108 intentionem
1390 3042 1469 3106 satis

144 3150 307 3213 superque
330 3128 484 3196 adfuisse.

234 3217 325 3294 Quod
349 3218 390 3282 ad
415 3218 484 3283 eius
506 3217 722 3284 attentionem
748 3218 884 3284 attinet:
912 3221 942 3282 1ο
964 3219 1084 3284 saltem
1107 3218 1223 3284 aderat
1245 3219 1389 3286 attentio
1414 3241 1468 3284 ex·
1506 3220 1512 3381 ο

144 3311 256 3382 terna;
282 3328 358 3371 nam
382 3306 466 3390 quod
491 3306 613 3373 sederit
636 3308 689 3373 vel
713 3307 832 3372 leviter
855 3307 1090 3385 ambulaverit,
1114 3308 1195 3372 haec
1218 3328 1283 3373 non
1307 3314 1360 3374 est
1385 3308 1468 3374 actio

145 3397 262 3471 aliena,
288 3417 371 3479 quae
394 3401 514 3462 natura
537 3417 597 3461 sua
620 3396 801 3462 orationem
826 3395 992 3480 impediat.
1025 3395 1115 3472 Quod
1139 3396 1179 3461 de
1196 3395 1343 3461 sessione
1368 3397 1469 3463 mani·

146 3486 358 3562 factumest,
393 3507 464 3550 cum
489 3485 521 3550 in
545 3485 676 3570 publica
699 3485 893 3552 recitatione
917 3484 1019 3550 divini
1043 3484 1141 3550 officii
1164 3506 1207 3549 ex
1230 3506 1353 3568 magna
1377 3491 1469 3570 parte
1509 3484 1512 3521 ³

145 3574 308 3640 sedeatur.
356 3573 419 3639 Sed
450 3575 549 3641 etiam
581 3575 621 3639 de
651 3575 872 3641 ambulatione
896 3574 1044 3639 Dositbei
1077 3573 1108 3638 id
1133 3573 1195 3639 dici
1228 3574 1336 3642 debet.
1384 3577 1468 3641 Nam

146 3663 208 3728 etsi
232 3663 415 3727 accelerato
439 3685 554 3745 gressu
578 3664 643 3729 iter
672 3664 781 3729 facere
804 3665 857 3729 vel
888 3664 1024 3729 incitato
1056 3685 1151 3729 cursu
1183 3685 1361 3747 properare
1386 3665 1469 3731 actio

145 3752 198 3830 sit,
224 3772 308 3833 quae
331 3751 413 3816 alios
437 3755 594 3830 multum,
619 3753 700 3819 alios
723 3775 838 3836 parum
863 3753 1035 3836 impediat,
1061 3758 1160 3834 atque
1183 3757 1362 3836 propterea
1386 3754 1469 3838 apud

145 3862 201 3906 eos
232 3841 287 3924 qui
317 3841 423 3906 sciunt
453 3862 489 3906 se
519 3843 656 3908 multum
687 3842 852 3925 impediri,
884 3842 970 3908 inter
1000 3841 1146 3907 actiones
1175 3842 1322 3925 reputari
1354 3843 1470 3910 debeat

146 3951 230 4012 quae
254 3930 321 3994 sint
343 3931 430 3995 inter
453 3930 554 3995 divini
578 3931 676 3996 officii
700 3931 925 3997 recitationem
952 3931 1146 3996 evitandae:
1169 3938 1282 3997 tamen
1298 3932 1383 3996 levis
1403 3954 1469 3998 am·
1509 4014 1512 4021 Ι

145 4020 271 4085 bulatio
293 4028 414 4085 rectura
438 4042 500 4084 seeo
523 4021 643 4086 mentis
674 4022 714 4085 ad
740 4021 897 4086 orandum
923 4020 1175 4103 applicationem
1199 4021 1390 4086 nullatenus
1413 4023 1470 4087 im·
1509 4062 1512 4069 ·

144 4110 252 4192 pedit3
284 4131 323 4174 ac
346 4113 521 4193 propterea
551 4111 592 4174 ab
623 4131 662 4175 ea
693 4131 787 4174 nemo
811 4114 942 4176 tenetur
965 4109 1147 4185 abstinere;
1181 4111 1239 4175 sed
1269 4110 1297 4175 si
1329 4111 1403 4192 quis
1426 4114 1469 4177 ita
1508 4076 1512 4203 Ι

145 4199 341 4264 ambulando
366 4198 577 4274 distrahatur,
602 4199 634 4264 id
651 4199 859 4265 instabilitati
878 4198 998 4264 mentis
1014 4198 1066 4263 vel
1083 4198 1341 4264 accidentalibus
1366 4202 1469 4266 causis
1509 4208 1512 4213 “

145 4287 285 4352 adscribi
310 4287 422 4366 debet,
455 4309 536 4371 quas
560 4287 716 4372 impedire
746 4289 800 4353 vel
830 4310 894 4352 non
925 4309 1097 4371 possumus
1120 4288 1174 4352 vel
1196 4288 1258 4353 sub
1287 4290 1470 4371 gravinen

144 4381 303 4442 tenemur.

233 4482 271 4548 R.
297 4487 326 4547 4.
374 4483 479 4564 Ergo,
514 4483 577 4549 etsi
600 4483 777 4548 Dositheus
807 4485 903 4566 plene
927 4445 1111 4549 voluntarie
1136 4483 1314 4549 distractus
1345 4485 1469 4562 fuisset,

144 4571 224 4635 haec
248 4593 312 4635 non
336 4577 424 4636 esset
447 4573 531 4637 ratio
556 4594 613 4637 cur
637 4573 759 4637 deberet
773 4578 923 4657 repetere
940 4594 1024 4654 quae
1040 4572 1210 4647 recitavit;
1234 4574 1340 4639 multo
1357 4576 1469 4649 minus,

145 4661 273 4741 quando
298 4661 536 4726 involuntariae
560 4661 789 4727 distractiones
820 4683 937 4745 passus
967 4667 1028 4728 est.
1075 4662 1120 4728 Et
1148 4661 1279 4744 quando
1310 4664 1470 4730 adfinem
