3044 5174
361 273 477 326 Materia
496 272 635 343 proxima:
654 303 689 310 -
708 273 834 326 contritio
854 277 881 327 et
899 274 1076 344 propositum.
1320 277 1381 342 189

141 449 181 516 R.
200 454 231 515 4.
271 450 386 533 Neque
410 450 508 516 timor
531 451 583 515 vel
608 450 681 534 ipsa
704 450 863 532 quaedam
881 449 1013 516 moralis
1029 450 1197 533 persuasio
1214 451 1254 515 de
1269 451 1381 516 futuro

64 537 185 621 elapsu
217 540 362 605 excludit
391 539 576 604 necessario
607 539 809 623 propositum
839 541 968 605 actuale
1001 539 1083 604 satis
1115 541 1260 605 firmum:
1294 560 1379 615 narn,

64 633 88 692 66
121 627 211 692 idem
240 629 381 694 Lacroix
413 632 524 705 notat,
558 629 759 712 propositum
792 649 858 693 non
890 633 941 695 est
971 628 1108 698 scientia
1139 629 1287 712 relapsus
1316 649 1380 693 non

64 716 173 794 uiuri,
207 718 265 782 sed
298 722 350 783 est
382 721 525 783 66166666
557 717 706 802 relapsus
738 738 803 783 non
835 717 937 784 futuri
969 739 1027 783 seu
1057 719 1210 784 voluntas
1242 716 1381 782 actualis

64 826 116 869 ron
141 806 283 873 labendi.

142 912 182 979 R.
209 916 238 978 5.
285 912 443 979 Attamen
474 913 607 979 moralis
636 913 804 997 persuasio
836 913 876 977 de
906 913 1037 997 relapsu
1061 914 1172 980 futuro
1196 913 1294 979 debet
1316 934 1382 978 non

64 1002 197 1066 ransire
226 1002 260 1066 in
291 1001 562 1086 desperationem.
609 1001 776 1079 Quaret
742 1003 841 1069 66666
865 1001 983 1068 666666
1006 1002 1105 1069 66666
1128 1002 1382 1086 compescendus

64 1095 104 1156 st
127 1094 163 1156 et
186 1090 314 1156 animus
338 1091 512 1174 erigendus
535 1112 593 1175 spe
616 1091 729 1156 auxilii
753 1091 863 1170 divini,
888 1092 974 1173 quod
997 1092 1102 1157 solum
1117 1112 1177 1156 nos
1193 1092 1381 1157 confortare

64 1184 165 1335 666966
180 1180 345 1334 1662266661
376 1182 464 1246 Deus
493 1180 619 1246 sincere
649 1185 763 1264 petent
748 1180 836 1247 tibus
865 1202 930 1246 non
961 1181 1146 1263 denegabit.
1200 1180 1382 1246 Lacroix

120 1290 140 1332 n

143 1375 183 1441 R.
216 1378 246 1442 6
292 1375 344 1441 Ad
376 1375 513 1442 firmitat
498 1379 566 1441 tem
597 1375 708 1441 reduci
740 1375 840 1441 666666
873 1380 984 1460 potest
1016 1376 1100 1459 quod
1133 1375 1231 1442 aliter
1263 1376 1342 1443 dicit
1327 1381 1382 1443 tur

64 1464 171 1546 616666
200 1465 411 1548 propositum.
458 1465 551 1530 Haec
581 1465 726 1530 condicio
756 1465 917 1549 propositi
945 1465 979 1529 in
1010 1486 1048 1531 eo
1079 1468 1130 1530 est
1160 1470 1198 1531 ut
1227 1465 1382 1549 respiciat

64 1553 235 1634 practicam
268 1553 531 1631 exsecutionem,
567 1575 625 1619 seu
656 1559 694 1619 66
726 1554 880 1620 66166666
915 1574 980 1618 666
1012 1554 1056 1620 666
1087 1558 1218 1620 666666
1250 1554 1381 1619 666669-

64 1641 120 1707 ica
156 1643 316 1724 quaedam
352 1642 431 1724 iuga
466 1643 612 1727 peccati,
651 1643 709 1707 sed
745 1643 891 1726 practica
930 1664 989 1726 per
1027 1643 1229 1728 propositum
1269 1644 1381 1710 utendi

64 1731 169 1795 nediis
200 1733 412 1809 necessariis,
443 1732 590 1814 fugiendi
620 1731 807 1797 occasiones
838 1732 1022 1816 proximas,
1055 1732 1228 1815 reparandi
1259 1732 1381 1799 iniusta

64 1819 175 1885 lamna
197 1824 260 1887 etc.

143 1948 197 2013 An
220 1969 411 2024 ouaasrrcu
436 1951 484 2014 3¹³¹.
531 1947 643 2025 Quoad
668 1949 762 2013 Consi
764 1951 855 2013 ontio
858 1949 950 2014 616
978 1952 1013 2014 l:
1045 1949 1170 2014 censeri
1194 1949 1307 2033 nequit
1330 1949 1442 2018 in·323

64 2037 232 2121 lispositus
255 2059 297 2103 ex
322 2037 451 2103 defectu
474 2038 650 2138 propositi;
681 2058 756 2102 nam
780 2039 842 2103 etsi
863 2046 950 2124 putet
972 2058 1009 2103 se
1032 2038 1081 2105 ult
1066 2043 1120 2105 666
1142 2038 1378 2104 6666666666

64 2147 118 2192 666
141 2147 391 2209 permansurum
415 2147 487 2191 esse
510 2126 543 2191 in
567 2128 652 2192 bona
675 2126 862 2203 voluntte
890 2132 1002 2193 66696
1026 2132 1084 2227 pot
1084 2130 1136 2192 est
1121 2126 1357 2193 thaberet
1303 2133 1379 2194 6666

64 2212 261 2282 voluntatem
284 2237 348 2280 non
372 2216 510 2316 amplius
533 2216 689 2299 peccandi
712 2219 746 2281 et
770 2236 881 2280 veram
899 2215 1150 2283 detestationem
1166 2216 1293 2300 peccati
1310 2222 1379 2284 tum

64 2304 226 2386 6666666666
215 2310 326 2371 6666
357 2304 425 2370 6666
456 2305 586 2386 quodt
571 2305 668 2371 timet
690 2325 731 2369 69
755 2303 798 2370 sit
783 2304 872 2370 ttfu
858 2309 977 2370 turum.
1024 2307 1182 2371 Attamen
1207 2305 1379 2389 erigendus

64 2399 105 2459 ast
135 2397 171 2459 et
201 2393 284 2458 serio
315 2394 501 2459 incumbere
524 2394 622 2459 debet
649 2394 682 2458 66
706 2393 904 2470 666666696,
935 2393 1077 2459 maxime
1100 2399 1247 2479 ternpore
1271 2400 1380 2462 tenta-

64 2483 164 2557 ionis,
188 2482 318 2565 aliaque
341 2483 486 2549 remedia
509 2503 529 2548 6
552 2481 753 2548 confessario
776 2481 950 2548 indicanda
974 2483 1071 2550 debet
1094 2483 1258 2549 adhibere.

142 2589 221 2653 Dixi
245 2610 317 2653 eum
341 2610 405 2654 non
428 2610 524 2672 posse
547 2609 606 2672 pro
629 2588 823 2672 indisposite
853 2589 966 2654 haberi
989 2611 1031 2655 ex
1057 2589 1188 2656 defectu
1210 2591 1379 2675 propositi.

64 2679 140 2743 t'um
164 2699 208 2743 ex
231 2678 297 2743 alia
319 2677 447 2744 ratione
471 2678 632 2744 absolutio
656 2678 836 2744 differenda
858 2678 912 2757 sit,
937 2683 974 2745 ut
989 2700 1020 2745 v.
1038 2700 1069 2762 g.
1087 2685 1246 2762 urgeatur
1262 2680 1380 2746 efficax

64 2788 132 2832 6666
157 2767 385 2847 remediorum,
410 2766 565 2832 hocloco
589 2787 653 2831 non
677 2767 859 2850 inquiritur.

143 2874 183 2941 R.
209 2877 239 2940 2.
287 2874 320 2939 Si
344 2873 554 2939 Constantius
584 2894 649 2938 non
679 2874 783 2938 solum
814 2874 1020 2958 praesagiret
1048 2895 1084 2940 se
1114 2875 1207 2940 brevi
1229 2880 1305 2960 post
1329 2896 1380 2941 re-

66 2984 223 3047 apsumm
256 2983 328 3028 esse
360 2967 394 3029 et
426 2963 534 3029 defect
519 2967 628 3028 turum
660 2983 681 3028 a
710 2964 796 3029 6666
827 2964 999 3029 voluntate
1031 2984 1128 3045 quam
1159 2985 1245 3029 nunc
1274 2970 1379 3066 gerat,

64 3052 151 3118 r'ed
141 3073 248 3136 ipsam
278 3052 482 3118 voluntatem
514 3057 645 3135 gereret
677 3073 742 3117 non
774 3052 959 3118 abstinendi
987 3073 1006 3117 a
1036 3056 1171 3136 peccato
1202 3075 1288 3119 novo
1317 3053 1380 3119 nisi

64 3163 113 3207 rer
135 3141 389 3206 hebdomadam.
415 3161 495 3206 sane
510 3141 713 3225 propositum
729 3141 896 3206 sufficiens
911 3162 976 3206 non
995 3141 1131 3208 haberet
1146 3162 1252 3225 neque
1268 3146 1380 3226 posset

64 3229 200 3307 absolvi,
230 3229 292 3295 nisi
322 3230 407 3295 6666
436 3231 589 3296 voluntat
574 3234 641 3295 tem
671 3230 870 3297 mutasset
861 3252 894 3295 in
924 3230 1157 3296 melioremt
1121 3235 1220 3313 atque
1244 3231 1317 3297 69
1308 3254 1380 3317 ipsa

65 3324 119 3385 sta
142 3339 249 3402 prava
271 3318 407 3386 volunta
408 3323 442 3385 66
466 3319 579 3385 dolens
602 3340 638 3384 69
661 3324 858 3386 accusasset.

144 3425 259 3503 Quoad
284 3426 563 3492 0666666666..
595 3425 725 3490 Certum
751 3430 803 3492 666
788 3425 997 3492 tsufficiens
1027 3391 1184 3510 proposit
1176 3448 1229 3491 66
1257 3427 1379 3506 deesse,
1391 3445 1443 3499 324

64 3538 127 3581 mm
152 3514 389 3580 emendationis
412 3518 555 3580 66166666
579 3515 698 3580 666666
683 3519 793 3580 tesso
817 3515 984 3592 66661666
1015 3515 1077 3581 etsi
1101 3516 1259 3595 fortasse,
1285 3479 1381 3583 aliter,

64 3626 155 3687 quam
178 3604 333 3669 voluntas
355 3625 440 3668 nunc
464 3608 540 3670 actu
563 3607 707 3681 statuat,
736 3607 940 3688 psallat-irat
942 3612 998 3669 ont
999 3627 1052 3668 66
1076 3604 1117 3669 66
1141 3566 1282 3688 affectabo
1305 3628 1380 3707 per·

64 3697 205 3760 lucatur.
244 3692 421 3776 Dispositio
445 3693 633 3760 Constantis
657 3714 696 3758 ea
719 3698 770 3759 est
793 3693 960 3760 utrarius
984 3693 1167 3775 quideme
1168 3695 1341 3777 taliquot
1333 3718 1380 3761 res

64 3783 162 3848 rdhuo
185 3785 257 3847 oei-it
279 3802 430 3866 peccare;
456 3803 539 3864 quae
563 3803 642 3847 sane
665 3802 729 3847 non
753 3786 805 3848 est
828 3803 868 3848 96
891 3804 987 3865 quam
1011 3782 1156 3849 Trident
1133 3787 1237 3849 tinum
1258 3785 1379 3854 Concil.

64 3871 192 3956 ·equirit
216 3871 309 3953 (sess.
337 3873 387 3947 14,
412 3892 438 3937 c.
464 3872 515 3954 4);
545 3872 714 3949 ,66166666
738 3892 802 3935 666
826 3871 979 3954 peccandi
1005 3872 1045 3936 de
1068 3875 1195 3937 cetero“
1203 3925 1209 3939 .

144 3978 450 4055 QuoadCcmiliom
474 3978 513 4044 a.
541 3981 569 4044 1.
616 3977 841 4043 confessarius
871 3978 979 4061 potuit
1009 3978 1137 4060 quidem
1166 3980 1378 4063 principalem

64 4067 254 4135 6666666666
288 4072 439 4133 conatum
473 4067 506 4131 in
542 4088 640 4131 unum
672 4067 788 4132 vitium
823 4089 902 4150 prae
937 4067 1069 4149 reliquis
1104 4068 1245 4151 dirigere
1280 4074 1379 4151 atque

64 4157 212 4243 specialia
243 4156 386 4221 remedia
419 4161 534 4222 contra
566 4157 625 4220 hoc
658 4156 761 4220 solum
795 4156 979 4238 iniungere:
1013 4161 1160 4222 attamen
1190 4158 1379 4238 generalem

64 4250 174 4314 altem
198 4247 399 4311 voluntatem
424 4267 509 4310 nunc
534 4266 555 4311 a
577 4245 712 4310 Camillo
735 4245 880 4329 recipere
905 4244 1032 4323 debuit,
1058 4267 1121 4310 non
1145 4246 1250 4311 solum
1273 4247 1378 4310 ebrie·

66 4344 159 4405 atem
183 4334 241 4400 sed
263 4334 401 4417 quodvis
424 4338 594 4419 peccatum
619 4335 756 4399 mortale
780 4334 915 4400 vitandi.

144 4443 184 4509 R.
202 4445 231 4508 2.
272 4440 306 4506 Si
330 4440 410 4506 haec
434 4440 596 4523 generalis
612 4443 756 4506 uolumus
772 4441 924 4514 adfuerit,
949 4441 1075 4505 absolvi
1090 4441 1196 4524 potuit
1213 4441 1377 4518 Camillus,

64 4534 114 4601 6666
140 4532 228 4597 forte
252 4530 483 4614 praevideatur
506 4551 579 4594 666
604 4550 640 4594 66
661 4530 733 4612 ipsa
757 4552 820 4595 non
845 4531 876 4594 in
901 4530 1048 4594 omnibus
1066 4529 1154 4596 vitiis
1178 4529 1378 4596 debellandis

64 4625 215 4689 'ictorem
239 4619 310 4686 iore
333 4620 396 4685 nisi
418 4619 601 4703 paullatim.
