3044 5174
140 291 203 357 168
592 287 797 344 Sacramentum
815 288 1008 359 paenitentiae.

732 462 867 530 Solutio.

73 617 126 672 288
227 604 279 670 Au
302 625 494 680 6111611111
528 606 565 669 1·
589 604 628 672 R.
677 605 768 671 Haec
800 605 949 688 quaestio
980 603 1124 688 practice
1153 604 1263 671 soluta
1292 608 1345 671 est
1376 625 1465 670 com·

136 693 284 778 pluribus
307 693 338 761 S.
365 693 472 760 Officii
494 693 660 777 responsis
691 715 775 776 quae
804 694 838 760 iu
868 694 1072 760 commodum
1102 693 1234 760 lectoris
1257 693 1310 759 hic
1334 714 1465 778 quoque

135 782 284 850 adiciam.

228 881 260 962 1)
277 882 310 948 S.
330 880 420 964 Offic.
445 879 476 946 d.
496 881 535 946 17
553 879 637 945 Iunii
656 883 741 946 1715
765 880 1019 963 interrogatum:
1048 878 1118 958 ¹‚Au
1133 880 1231 965 plena
1246 879 1328 946 tides
1343 880 1390 946 sit
1404 881 1464 946 ad·

135 968 278 1036 hibenda
292 968 408 1035 Carolo
425 968 661 1053 Wippermanu
684 969 724 1035 de
740 969 897 1048 Rostock,
919 969 952 1033 in
968 968 1091 1035 ducatu
1105 968 1342 1052 Mecklenhurg
1365 990 1463 1054 prae·

136 1057 259 1125 dicanti
282 1061 316 1124 et
338 1057 455 1123 lectori
477 1058 664 1141 theologiae
687 1058 895 1125 Lutherauae
925 1056 1147 1140 quietisticae‚
1177 1058 1461 1141 superintendenti

137 1151 172 1212 61
195 1147 321 1213 doctori
344 1146 498 1231 primario
522 1151 633 1213 sectae
655 1147 916 1214 Lutheranorum
939 1146 1100 1229 quictist.‚
1130 1167 1157 1213 6.
1180 1147 1256 1214 fidei
1279 1147 1462 1214 catholicae

135 1235 346 1302 reconciliato
370 1235 403 1300 in
427 1236 459 1302 S.
484 1235 522 1302 Ο.
547 1235 703 1315 Parmae,
734 1241 768 1303 et
791 1236 878 1302 circa
907 1236 1081 1302 nonnullos
1104 1255 1232 1302 errores
1255 1236 1406 1304 detectos
1428 1237 1461 1302 in

136 1324 206 1390 eius
235 1324 415 1409 baptismo:
445 1345 488 1391 an
516 1325 579 1409 ipsi
611 1325 808 1391 credendum
838 1325 882 1392 sit
911 1325 999 1391 circa
1029 1345 1069 1390 ea
1098 1344 1183 1408 quae
1212 1329 1371 1392 enarrat?
1417 1327 1462 1393 Et

136 1413 300 1496 quatenus
321 1413 537 1491 affirmative,
568 1419 638 1481 tum
662 1419 700 1480 11
721 1414 824 1499 ipsius
847 1414 962 1493 saluti,
992 1419 1063 1481 turn
1093 1413 1192 1480 etiam
1216 1417 1253 1480 11
1275 1418 1461 1481 ceterorum

135 1502 223 1569 illius
252 1506 365 1569 sectae
394 1523 452 1569 seu
482 1503 666 1586 religionis,
699 1503 893 1587 praesertim
923 1503 952 1568 si
974 1502 1098 1569 fuerint
1119 1502 1328 1585 ignorantes,
1360 1505 1460 1571 saluti

135 1592 260 1675 pariter
275 1591 474 1670 consulatur,
490 1592 675 1674 quaeritur:
693 1614 735 1658 au
752 1593 858 1658 dictus
873 1591 1108 1675 Wippermanu
1124 1592 1168 1659 sit
1183 1593 1461 1677 rebaptizandus?

136 1684 170 1747 et
194 1685 354 1763 quatenus
378 1680 592 1746 affirmative:
616 1703 659 1747 an
682 1682 832 1748 absolute
847 1681 901 1746 vel
924 1682 985 1746 sub
1006 1680 1216 1747 condicione?
1239 1687 1274 1749 et
1297 1687 1462 1764 quatenus

135 1770 350 1837 affirmative:
381 1791 423 1836 au
454 1769 615 1837 confessio
645 1769 874 1854 praeponenda
897 1770 1018 1835 situel
1047 1770 1273 1854 postponenda
1296 1771 1460 1857 baptismo

136 1858 332 1925 conferendo
355 1859 415 1925 sub
439 1859 649 1925 condicione?

224 1949 319 2034 Rcap.
349 1948 517 2026 „carolum
539 1947 778 2014 Ferdinandum
804 1968 877 2014 esse
892 1947 1160 2031 rebaptizandum
1183 1948 1243 2013 sub
1259 1948 1460 2028 condicione,

135 2039 169 2102 et
199 2037 319 2104 collato
349 2037 513 2121 baptismo
544 2037 614 2103 eius
637 2037 837 2121 praeteritae
861 2037 951 2103 vitae
974 2041 1112 2120 peccata
1135 2039 1331 2104 confiteatur
1361 2041 1397 2104 61
1419 2040 1461 2105 ab

133 2125 174 2191 iis
196 2126 258 2191 sub
281 2125 468 2193 condicione
492 2127 711 2192 absolvatur!

224 2223 259 2306 2)
276 2223 308 2291 S.
325 2223 418 2290 Offic.
443 2224 473 2290 d.
494 2226 532 2289 17
550 2224 628 2291 Dec.
648 2225 733 2290 1868
757 2223 1013 2305 interrogatum:
1043 2222 1150 2300 „Inter
1175 2222 1310 2289 decreta
1325 2224 1364 2289 Ιιο
1386 2246 1459 2308 syn.

134 2333 226 2394 prou.
250 2312 615 2378 Westmouasterieusis
637 2313 697 2378 sub
722 2334 801 2396 cap.
832 2313 910 2379 XVI
934 2334 964 2378 1.
990 2314 1009 2377 8
1040 2312 1094 2377 ubi
1123 2333 1231 2378 sermo
1261 2312 1461 2380 6611661)-

134 2400 297 2467 iuratione
320 2401 574 2486 protestantium
604 2401 790 2468 adultorum
821 2407 855 2468 61
885 2402 925 2467 16
955 2401 1154 2485 baptismata
1184 2402 1244 2466 sub
1269 2401 1460 2468 condicione

135 2490 182 2555 eis
206 2490 412 2569 conferendo,
436 2490 584 2557 additur:
609 2491 780 2568 ,confessio
804 2490 904 2556 etiarn
920 2490 1168 2556 sacramentalis
1190 2510 1319 2574 semper
1342 2490 1377 2556 in
1400 2493 1461 2558 tali

135 2598 213 2643 casu
236 2584 288 2645 cst
311 2578 494 2662 exigenda‘.
526 2578 715 2656 Quaeritur:
740 2601 783 2646 an
800 2581 910 2645 debeat
932 2580 1026 2646 iuxta
1041 2579 1155 2662 synodi
1173 2600 1265 2662 prov.
1290 2579 1460 2648 decretum

135 2668 203 2736 aS.
221 2667 305 2734 Sede
327 2669 501 2750 probatum
525 2668 686 2734 confessio
709 2668 958 2735 sacramentalis
982 2668 1265 2734 aueo-conversis
1287 2669 1320 2733 in
1336 2670 1462 2753 Anglia

134 2755 233 2838 exigi,
258 2760 292 2823 et
315 2778 357 2822 au
381 2757 499 2825 debeat
522 2778 595 2834 6666
618 2759 775 2840 integras

223 2847 317 2930 Reap.
348 2847 589 2924 „Adfirmativm
615 2852 650 2914 et
673 2847 814 2913 dandum
838 2866 910 2912 esse
934 2846 1100 2913 decretum
1124 2846 1228 2912 latum
1251 2846 1312 2911 sub
1335 2846 1408 2913 Fer.
1429 2848 1461 2914 V

134 2933 186 3000 die
212 2936 251 3000 17
275 2933 360 3001 Iunii
384 2937 500 3004 1715.‘

224 3031 258 3113 3)
274 3033 324 3098 De
348 3055 411 3116 quo
434 3033 567 3099 decreto
583 3032 616 3098 in
640 3054 740 3098 causa
755 3033 895 3115 Angliae
911 3033 978 3099 lato
995 3054 1068 3097 curn
1084 3032 1226 3116 archiep.
1243 3032 1382 3109 Quebec.
1401 3034 1462 3100 du·

134 3120 222 3186 bium
244 3127 394 3188 moveret
416 3122 502 3206 apud
526 3122 558 3188 S.
575 3121 702 3199 Sedem,
726 3125 835 3188 utrum
859 3123 920 3188 hoc
943 3121 1109 3187 decretum
1133 3121 1258 3204 obliget
1279 3122 1313 3187 in
1337 3123 1463 3205 Anglia

134 3214 264 3276 tantum
286 3232 328 3276 an
352 3211 453 3278 etiarn
476 3211 509 3276 in
532 3231 591 3276 sua
614 3211 782 3295 provincia
805 3215 839 3277 et
862 3210 895 3275 in
918 3210 991 3276 aliis
1018 3210 1223 3292 regionibus,
1249 3210 1336 3279 card.
1363 3234 1461 3297 prae-

134 3298 222 3365 fecto
246 3298 278 3366 S.
303 3299 420 3383 Congr.
444 3301 485 3366 de
507 3301 603 3383 Prop.
628 3300 707 3366 Fide
737 3322 790 3364 166
813 3299 944 3366 videtur
966 3299 1047 3365 adeo
1071 3300 1244 3383 explorata
1272 3300 1392 3382 111666,
1423 3307 1461 3369 11

135 3408 207 3453 cam
231 3408 272 3453 ne
296 3388 338 3454 ad
360 3389 392 3455 S.
418 3389 534 3456 Sedem
559 3389 687 3472 quidem
711 3389 860 3468 referret,
885 3388 942 3454 sed
966 3392 1082 3472 sponte
1106 3389 1336 3472 responderet:

227 3485 449 3570 „Responsum
466 3487 497 3552 S.
516 3486 553 3552 0.
570 3486 601 3553 d.
618 3486 648 3555 d.
668 3490 707 3552 17
724 3488 802 3555 Dec.
820 3487 922 3570 elapsi
939 3486 1024 3565 anni,
1048 3486 1126 3553 licet
1142 3486 1303 3571 episcopis
1317 3488 1460 3571 Angliae

135 3575 360 3640 tantummodo
377 3576 570 3658 rogantibus
586 3577 708 3653 datum,
728 3579 936 3642 uniomaolom
952 3578 1047 3661 legem
1060 3580 1225 3660 continere,
1242 3577 1380 3660 proinde
1396 3600 1460 3643 non

135 3663 240 3729 solum
262 3663 297 3728 in
319 3665 449 3746 Anglia‚
474 3664 588 3730 sedin
612 3664 685 3730 aliis
708 3665 807 3731 etiam
831 3664 1018 3748 regionibus
1041 3664 1198 3748 obligare.
1244 3666 1332 3732 Hinc
1355 3673 1458 3751 patet,

135 3752 221 3834 quod
244 3753 432 3819 nullatenus
454 3753 600 3838 permitti
623 3753 728 3838 possit
750 3757 788 3819 ut
812 3754 1002 3837 praedictae
1024 3754 1178 3819 decisioni
1195 3755 1364 3822 contraria
1386 3778 1459 3823 661·

135 3841 239 3909 161116
263 3841 428 3909 doceatur.
468 3843 592 3910 Rornae
616 3863 658 3908 ex
681 3842 752 3909 aed.
777 3843 809 3908 S.
834 3843 867 3909 C.
892 3844 927 3910 P.
952 3843 987 3909 F.
1013 3842 1042 3909 d.
1070 3843 1206 3909 101utii
1232 3846 1329 3912 1869.

957 3948 1010 4016 ΑΙ.
1035 3949 1069 4016 O.
1093 3950 1256 4027 Barnabo‚
1281 3951 1412 4020 Ρ1661]ι

224 4046 263 4113 V.
289 4049 385 4114 anot.
412 4050 479 4113 eccl.
504 4046 576 4125 Vll,
602 4048 677 4114 489.

72 4211 124 4265 289
224 4189 276 4254 An
300 4209 492 4265 ouausmun
516 4191 555 4252 2³¹
578 4188 617 4255 R.
643 4192 670 4254 1.
740 4188 917 4254 Decretum
944 4188 1024 4253 illud
1048 4188 1079 4254 S.
1106 4189 1213 4255 Officii
1243 4211 1317 4256 curn
1341 4193 1459 4276 proba·

135 4277 261 4343 bilismo
293 4279 404 4344 eiusve
433 4278 467 4343 in
497 4277 646 4344 favorem
676 4277 948 4361 probabiliorismi
978 4278 1032 4342 vel
1063 4279 1386 4363 aequiprobabilismi
1410 4303 1458 4348 re·

135 4367 275 4432 16611616
298 4368 378 4433 nihil
401 4369 501 4433 habet
524 4388 702 4434 commune.

224 4465 311 4530 Nam
335 4466 427 4531 utin
456 4464 541 4531 hunc
569 4466 666 4530 finem
698 4485 740 4529 ex
762 4464 818 4529 illo
848 4464 971 4546 aliquid
1001 4466 1137 4531 extundi
1167 4466 1288 4550 possit,
1320 4467 1460 4535 debebat

136 4553 167 4618 S.
193 4554 345 4619 Officium
375 4555 604 4620 necessitatem
637 4553 850 4618 confessionis
879 4554 1013 4636 eiusque
1043 4555 1192 4637 integrae
1223 4560 1374 4624 statuere
1402 4578 1458 4642 pro

136 4661 213 4706 casu
238 4663 301 4724 quo
324 4645 506 4729 baptismus
536 4643 736 4709 acatholicus
766 4643 966 4726 probabilius
994 4643 1095 4710 fuerit
1118 4644 1262 4724 validae,
1293 4667 1353 4728 pro
1385 4667 1458 4712 con·
