3044 5174
154 270 219 333 274
608 264 813 320 Sacramentum
831 263 1023 335 paenitentiae.

233 440 374 500 Similiter
388 440 451 517 agit
464 440 606 511 lulianus,
628 441 678 516 qui
691 459 814 517 peregre
829 440 978 500 exsistens
991 441 1156 501 acatholico
1171 441 1230 501 ritu
1250 441 1361 501 inierat
1381 441 1481 501 matri·

150 521 294 580 monium:
318 522 353 580 de
374 541 432 595 qua
453 540 485 579 re
505 521 654 597 parochus
675 520 706 580 in
728 520 866 580 contione
888 521 1004 580 dixerat
1018 521 1161 581 eiusmodi
1182 541 1304 581 causam
1325 541 1394 582 esse
1415 541 1480 597 gra·

150 601 312 667 vissimum,
334 621 399 660 eam
421 600 555 676 componi
570 620 629 659 non
650 620 738 678 posse
759 600 818 659 nisi
838 620 959 660 recursu
975 621 1028 678 per
1046 603 1207 679 parochum
1221 601 1324 662 habito
1345 602 1385 660 ad
1406 602 1479 662 ordi·

151 681 265 739 narium
288 680 335 739 cui
355 681 430 740 hacc
445 700 536 740 causa
551 686 632 740 esset
646 688 808 741 reservata.
838 681 962 740 Audivit
976 701 1046 740 vero
1062 682 1194 742 Iulianus
1215 683 1245 741 iu
1267 681 1328 742 ista
1349 683 1478 742 dioecesi

152 761 274 819 eandem
295 780 357 819 rem
379 766 494 820 secreto
516 761 652 837 componi
672 780 726 837 per
747 761 906 837 quemlibet
927 762 1158 821 confessarium:
1187 768 1369 840 quapropter
1389 762 1419 821 id
1439 763 1477 821 rbi

149 846 257 910 tentat,
279 847 368 917 atque
389 841 531 912 feliciter;
554 860 623 900 nam
636 860 731 917 neque
746 840 947 901 confessarius
962 841 1160 918 interrogavit
1172 861 1268 919 neque
1282 842 1417 902 lulianus
1439 843 1476 901 di·

151 942 218 979 cere
240 922 385 996 cogitavit
406 940 438 979 sc
460 941 527 980 esse
548 921 743 997 peregrinum.

150 1036 328 1108 Quaearrun
350 1036 379 1093 1⁰
399 1033 449 1112 qui
469 1036 610 1095 obaclrere
629 1035 746 1112 possint
767 1056 785 1094 a
807 1034 927 1094 casibus
948 1036 1119 1096 reservatis.

350 1125 381 1182 2ο
402 1123 550 1201 peregrini
571 1125 725 1201 possintne
746 1125 853 1184 absolui
873 1146 891 1184 a
913 1125 1032 1184 casibus
1053 1125 1224 1186 reservatis.

350 1214 381 1273 3⁰
401 1212 530 1352 quiduisst
555 1214 601 1286 ,in
629 1214 762 1272 fraudem
783 1212 876 1289 legisl
900 1213 960 1273 alio
988 1213 1122 1286 tendere,
1151 1233 1208 1290 quo
1228 1213 1409 1292 impediatur
1429 1216 1476 1274 ab·

402 1313 435 1353 so
448 1312 467 1351 u
492 1314 517 1353 o.

349 1383 380 1441 4⁰
401 1382 470 1458 quid
492 1382 527 1440 ds
548 1381 650 1442 Terilli
671 1387 702 1441 et
722 1382 831 1442 Iuliani
852 1381 959 1458 agendi
980 1381 1095 1442 ratione
1117 1382 1297 1443 censendum
1319 1383 1367 1443 sit.

743 1564 883 1632 Solutio.

85 1723 136 1777 481
238 1708 291 1772 An
315 1728 505 1783 cuansrrun
532 1708 569 1770 1¹n
592 1705 631 1772 R.
659 1708 687 1773 1.
734 1706 917 1771 Absolvere
948 1726 968 1771 a
998 1706 1178 1773 reservatis
1200 1710 1340 1790 possunt
1362 1705 1398 1789 a)
1421 1728 1474 1771 su·

150 1797 258 1881 perior
290 1796 345 1879 qui
373 1796 558 1861 reservavit
588 1795 700 1860 eiusve
724 1816 909 1874 successor,
942 1794 976 1876 b)
1001 1795 1150 1879 superior
1172 1795 1288 1873 altior,
1319 1794 1352 1878 c)
1375 1794 1399 1860 ii
1422 1797 1474 1878 qni

149 1887 191 1951 ab
214 1888 377 1953 alterutro
401 1886 596 1952 facultatem
620 1885 807 1967 delegatam
831 1885 962 1951 habent.
1002 1884 1158 1969 Superior
1180 1885 1355 1950 ordinariis
1378 1884 1475 1951 altior

148 1976 354 2057 intellegitur
369 1997 514 2040 summus
531 1973 680 2057 pontifex
702 1979 736 2040 et
751 1973 929 2039 tribunalia
944 1973 1104 2051 Romana,
1129 1973 1290 2057 imprimis
1306 1974 1338 2041 S.
1358 1973 1474 2040 Paeni-

148 2064 314 2142 tentiaria,
340 2085 404 2129 non
428 2064 700 2148 archiepiscopus.

236 2172 275 2238 a.
302 2175 332 2237 2.
379 2170 578 2247 Quibusnam
611 2171 693 2236 haec
717 2170 860 2234 facultas
884 2169 963 2235 data
986 2168 1102 2247 fuerit,
1132 2169 1155 2234 ii
1179 2169 1296 2253 quibus
1320 2168 1401 2235 data
1424 2175 1475 2236 est

147 2282 244 2326 nosse
268 2261 404 2326 debent:
436 2259 551 2342 quodsi
573 2258 786 2325 habitualiter
808 2280 872 2323 non
897 2265 949 2325 est
971 2259 1067 2338 data,
1090 2258 1170 2324 nihil
1194 2257 1391 2340 relinquitur
1413 2259 1473 2324 nisi

147 2355 184 2416 ut
208 2354 397 2415 recurratur
420 2371 478 2432 pro
502 2346 660 2430 singulari
691 2369 768 2413 casu
799 2348 840 2412 ad
871 2347 1071 2431 superiorem
1094 2350 1320 2413 reservantem
1353 2369 1375 2413 a
1398 2369 1474 2413 ccu-

147 2439 302 2516 fessario,
328 2442 364 2503 ut
388 2437 528 2521 accipiat
550 2441 751 2521 potestatem
776 2435 985 2510 absolvendi,
1009 2437 1063 2501 vel
1086 2458 1107 2502 a
1129 2438 1330 2521 paenitente,
1354 2442 1393 2504 ut
1416 2439 1473 2503 ab·

147 2529 308 2595 solvatur.
347 2527 381 2594 Si
406 2527 459 2609 qui
484 2548 580 2592 casus
604 2531 714 2592 autem
738 2528 928 2590 reservatus
945 2530 996 2591 est
1011 2546 1137 2590 summo
1153 2526 1309 2609 pontifici,
1332 2527 1473 2592 recurri·

147 2623 202 2685 tur
225 2617 268 2682 ad
292 2618 323 2683 S.
349 2616 658 2691 Paenitentieriam,
692 2615 745 2679 vel
768 2615 802 2679 in
826 2614 990 2698 plerisque
1020 2615 1127 2681 causis
1150 2615 1274 2680 recurri
1297 2619 1410 2699 potest
1433 2617 1473 2682 ad

147 2706 329 2772 ordinarios
352 2706 468 2787 quibus
492 2726 551 2789 per
574 2704 747 2789 privilegia
772 2703 1042 2787 quinquennalia,
1075 2704 1251 2770 triennalis
1276 2710 1339 2772 etc.
1364 2706 1475 2789 ampla

146 2797 232 2861 solet
256 2796 389 2861 concedi
411 2801 560 2879 potestas
584 2793 775 2859 absolvendi
798 2814 858 2876 per
880 2814 916 2858 se
940 2794 993 2858 vel
1017 2792 1099 2858 alios
1123 2793 1323 2876 delegandos
1346 2814 1368 2859 a
1390 2794 1474 2860 casi-

145 2886 206 2949 bus
228 2885 410 2969 papalibus,

235 2975 382 3039 Advorte
406 2976 516 3037 autem
540 2971 641 3036 etiam
664 2970 753 3036 iniis
776 2970 1041 3046 circumstantiis
1058 2970 1091 3035 in
1116 2969 1232 3052 quibus
1253 2971 1474 3037 confessarius

145 3067 295 3128 recurrat
318 3062 359 3126 ad
376 3061 597 3144 accipiendam
614 3060 817 3137 facultatem,
842 3081 924 3124 onus
947 3058 1125 3142 principale
1147 3059 1335 3126 incumbere
1359 3061 1474 3126 nihilo-

145 3152 252 3216 minus
283 3151 480 3234 paenitcnti,
512 3149 632 3234 quippe
662 3149 716 3231 qui
747 3152 883 3232 paratus
913 3169 985 3213 esse
1017 3149 1135 3216 debeat
1164 3148 1206 3213 ad
1236 3151 1475 3234 paenitentiam

146 3263 243 3324 quam
268 3241 417 3323 superior
440 3240 583 3305 fortasse
605 3237 818 3322 impositurus
841 3238 894 3304 sit.

236 3340 274 3403 R.
300 3343 331 3404 3.
378 3337 575 3402 Confessarii
598 3337 785 3418 regulares,
819 3356 1016 3418 quamquam
1040 3357 1060 3400 a
1084 3357 1209 3401 summo
1239 3337 1396 3419 pontifice
1419 3338 1474 3403 de-

146 3428 290 3508 legatam
322 3427 578 3492 iurisdictionem
609 3426 774 3509 accipiunt
804 3447 843 3490 ac
872 3429 1048 3508 propterea
1078 3425 1245 3508 potuerint
1275 3425 1381 3491 videri
1413 3448 1475 3492 non

147 3518 195 3582 uti
219 3520 385 3600 potestate
416 3537 475 3600 per
505 3514 764 3581 reservationem
795 3514 1032 3579 ordinariorum
1063 3513 1234 3591 restricta,
1265 3515 1475 3581 nihilominus

146 3626 306 3689 expressa
321 3626 519 3670 summorum
536 3604 725 3688 pontificum
749 3604 823 3685 lege
839 3603 1081 3668 reservationes
1104 3603 1341 3669 ordinariorum
1367 3605 1475 3670 obser-

146 3716 227 3760 vare
252 3695 389 3771 debent,
422 3699 521 3776 atque
544 3695 592 3758 ita
617 3695 658 3758 ad
681 3692 849 3758 meliorem
873 3692 1069 3757 servandum
1101 3692 1248 3757 ordinem
1273 3697 1308 3760 et
1332 3693 1476 3778 discipli·

146 3806 222 3849 nam
251 3783 320 3867 ipse
344 3805 489 3849 summus
512 3783 662 3866 pontifex
692 3782 891 3865 regularium
923 3783 1116 3847 facultatem
1147 3782 1256 3863 quoad
1287 3781 1372 3870 hos}
1382 3804 1476 3849 casus

145 3873 328 3939 restrinxit.

81 4018 134 4072 482
234 3998 288 4063 An
319 4017 510 4073 ouansrrun
535 3999 574 4060 2¹¹²
603 3996 642 4062 lt.
670 3998 697 4062 1.
745 3991 1016 4065 Hodiedumlest
1046 3996 1247 4061 consuetudo
1278 3996 1476 4062 universalis

146 4088 260 4153 fideles
284 4086 466 4168 generatim
492 4085 618 4150 absolvi
642 4106 738 4169 posse
762 4106 825 4149 non
851 4106 871 4150 a
894 4084 972 4149 solis
1004 4084 1213 4150 confessariia
1243 4085 1403 4151 dioecesis
1427 4085 1476 4150 sui

147 4177 317 4255 domicilii,
342 4176 415 4252 sed,
441 4175 634 4255 ubicumque
659 4174 832 4249 exsistunt,
858 4196 877 4239 a
901 4175 1109 4238 confessariis
1133 4174 1176 4238 ibi
1200 4175 1403 4258 approbatis.
1433 4210 1475 4219 -

148 4268 277 4333 Sufficit
301 4266 452 4331 attulisse
476 4286 517 4328 ex
541 4265 661 4330 litteris
685 4265 717 4330 S.
739 4265 772 4328 C.
798 4265 838 4328 dc
862 4263 957 4346 Prop.
976 4263 1011 4328 F.
1037 4264 1078 4328 ad
1102 4264 1216 4345 Deleg.
1241 4264 1304 4347 Ap.
1330 4263 1475 4348 Aegypti

148 4358 178 4422 d.
205 4359 234 4421 d.
261 4359 302 4420 30
324 4358 402 4438 Apr.
431 4356 514 4418 1862
539 4355 637 4418 haec:
666 4353 796 4430 ,Quoad
820 4358 1059 4417 sacramentum
1085 4352 1308 4434 paenitentiae
1325 4354 1357 4420 S.
1376 4355 1475 4420 Sedes

147 4449 339 4510 constanter
362 4443 467 4508 voluit
491 4446 527 4507 ut
548 4442 816 4508 Christifidelibus
840 4443 938 4525 plena
961 4441 1097 4507 libertas
1121 4443 1362 4523 relinqueretur
1385 4443 1419 4507 in
1442 4463 1475 4506 re

149 4536 230 4599 adeo
255 4533 407 4609 delicata,
433 4533 518 4597 sicut
542 4536 593 4597 est
616 4532 864 4597 sacramentalis
888 4531 1058 4604 confessio,
1085 4531 1231 4612 adeoque
1254 4535 1292 4598 ut
1314 4532 1416 4598 liccat
1439 4531 1476 4596 iis

147 4629 285 4706 peccata
309 4643 368 4686 sua
392 4621 538 4686 confiteri
563 4643 604 4687 ex
629 4642 762 4685 numero
786 4622 1008 4686 ministrorum
1030 4622 1284 4704 approbatorum
1309 4622 1357 4686 illi
1381 4642 1474 4704 quem
