3044 5174
331 300 448 355 Materia
466 299 605 370 proxima:
625 298 760 353 confessio
778 329 813 337 -
832 300 892 353 eius
910 299 1062 368 integritas.
1297 301 1363 366 213

76 498 106 541 m
134 475 341 541 confessione
365 475 506 557 integra,
531 495 690 540 excusare
715 476 756 540 ab
781 474 989 557 integritate;
1013 473 1160 556 adeoque
1181 495 1241 540 nec
1257 476 1361 540 solam

76 565 260 631 elixitatem
284 564 508 630 confessionis.
556 563 662 642 Quae,
687 563 715 628 si
738 564 824 629 forte
847 565 1006 647 praebeat
1028 563 1126 629 alicui
1150 563 1362 648 conspicienti

76 676 150 720 sam
167 653 355 738 suspicandi
371 654 411 718 de
427 653 648 738 compluribus
663 653 818 737 peccatis,
843 658 955 718 tamen
979 653 1075 718 nimis
1092 674 1179 735 vaga
1201 653 1286 718 ratio
1311 657 1365 718 est

76 743 217 809 »vendas
247 741 359 826 gravis
389 742 582 827 suspicionis
611 764 669 807 seu
700 742 943 809 diffamationis.
991 742 1021 808 S.
1047 741 1166 826 Alph.
1191 742 1255 821 Vl,
1286 745 1363 820 485,

76 831 349 898 illem-Palm.
374 832 395 898 l.
420 853 447 898 c.
472 854 503 897 n.
528 832 603 896 427.

120 939 163 1005 R.
189 942 219 1005 2.
266 938 300 1004 Si
329 959 409 1004 vero
438 939 591 1003 damnum
622 937 753 1020 aliquod
783 959 886 1020 grave
916 936 1112 1003 confessioni
1143 937 1362 1002 extrinsecum

87 1027 390 1095 extraordinarium
414 1028 484 1092 sive
507 1028 541 1092 in
564 1027 654 1092 fama
670 1027 740 1092 sive
763 1026 797 1092 in
813 1027 886 1092 aliis
902 1026 996 1092 bonis
1012 1049 1054 1092 ex
1069 1026 1132 1092 bac
1149 1026 1362 1103 confessione,

76 1117 212 1200 integra
226 1120 329 1194 fieret,
355 1116 398 1183 sit
422 1117 591 1194 oriturum,
616 1117 671 1181 lex
686 1115 889 1198 integritatis
908 1115 1126 1199 suspenditur.
1160 1115 1254 1181 Circa
1277 1116 1363 1199 quod

76 1205 343 1274 illem-Palm.
368 1227 411 1271 ex
433 1205 670 1289 Roncaglia
692 1205 774 1270 haec
798 1206 985 1289 approbans
1008 1205 1121 1270 affert:
1157 1205 1281 1282 ,Adest
1303 1226 1362 1289 pa-

76 1317 113 1361 er
138 1294 273 1361 moralis
295 1294 508 1378 impotentia,
539 1294 567 1359 si
590 1315 633 1360 ex
655 1293 786 1376 integra
809 1293 1013 1360 confessione
1042 1293 1228 1361 immineret
1249 1294 1363 1378 paeni-

76 1386 117 1452 rti
142 1377 247 1467 gra've
270 1383 379 1449 famae
402 1383 625 1467 dispendium,
657 1384 710 1448 vel
734 1382 862 1466 quiae.
886 1405 917 1466 g.
943 1383 987 1450 sit
1016 1383 1050 1448 in
1079 1383 1201 1450 talibus
1224 1383 1363 1448 circum·

76 1474 176 1551 ratiis,
189 1477 227 1540 ut
236 1472 292 1538 alii
302 1474 402 1538 etiam
414 1471 556 1538 audituri
569 1472 636 1539 sint
647 1494 707 1537 sua
719 1476 869 1556 peccata;
883 1472 947 1550 vel,
960 1472 988 1536 si
999 1471 1128 1554 integre
1141 1473 1362 1551 confiteretur,

76 1563 199 1629 ufessio
222 1561 335 1628 futura
357 1567 446 1628 esset
469 1561 566 1627 valde
590 1561 719 1644 prolixa
742 1583 814 1627 cum
839 1561 934 1643 gravi
957 1560 1058 1645 ipsius
1083 1565 1172 1638 nota,
1197 1562 1282 1643 quod
1306 1582 1362 1627 ac-

76 1653 142 1718 lere
166 1655 294 1736 potest,
319 1649 347 1715 si
370 1659 482 1736 arqeot
504 1654 673 1716 lascessitus
696 1653 953 1716 comrnunicondi
976 1650 1030 1715 vel
1053 1650 1238 1716 celebrandi
1262 1655 1363 1733 atque

76 1762 114 1808 eo
140 1763 183 1805 ex
207 1740 303 1805 valde
319 1739 448 1824 prolixa
465 1739 669 1805 confessione
685 1739 870 1805 necessario
886 1740 1059 1823 paenitens
1077 1739 1233 1805 infamiae
1249 1744 1361 1805 notam

76 1833 212 1897 urrrat“.

122 1963 176 2026 Au
201 1981 393 2037 ouansrruu
417 1964 456 2024 2¹¹²
481 1961 517 2026 lt.
545 1963 574 2027 1.
620 1960 658 2026 ln
680 1965 784 2047 priano
808 1982 885 2026 casu
909 1982 945 2026 re
968 1961 1040 2045 ipsa
1063 1966 1160 2044 urget
1182 1960 1362 2026 necessitas
1372 1967 1426 2023 365

76 2050 302 2116 mmunicaudi.
356 2048 463 2126 Quare
495 2049 521 2113 si
556 2049 661 2115 Rufus
694 2072 779 2115 nunc
811 2050 1014 2117 detineretur
1045 2071 1151 2132 neque
1183 2072 1255 2116 cum
1289 2049 1362 2115 aliis

84 2139 346 2204 communionem
370 2143 530 2215 sumeret,
562 2160 642 2203 sane
672 2138 784 2221 gravis
814 2139 955 2223 suspicio
979 2139 1128 2222 gravium
1152 2143 1361 2224 peccatorum

76 2228 281 2293 mmissorum
304 2227 495 2294 incurreret.
529 2227 704 2293 Confessus
719 2227 820 2310 igitur
837 2231 968 2315 aliquod
990 2236 1162 2313 peccatum
1186 2234 1221 2295 et
1236 2229 1364 2294 sincere

76 2319 149 2384 lens
173 2321 263 2382 recte
286 2316 394 2400 potuit
417 2315 552 2383 absolvi.

123 2424 162 2489 R.
188 2426 217 2488 2.
265 2423 299 2488 Si
323 2422 480 2507 Serapion
509 2422 543 2487 in
573 2426 693 2506 paratu
716 2423 913 2490 sacerdotali
943 2445 1015 2488 cum
1046 2424 1202 2491 ministris
1225 2423 1364 2490 sedebat

78 2513 208 2578 diturus
232 2511 424 2589 contionem,
449 2533 554 2594 neque
577 2513 664 2577 inter
685 2512 870 2579 contionem
885 2512 955 2578 sine
972 2513 1187 2579 admiratione
1210 2514 1364 2579 recedere

76 2603 152 2678 tuit,
178 2601 230 2666 vel
254 2601 282 2666 si
305 2604 375 2667 tum
398 2601 536 2679 demum,
562 2622 634 2666 cum
658 2602 766 2667 contio
790 2602 883 2668 finita
899 2607 933 2668 et
955 2623 1084 2668 sacrum
1100 2603 1362 2686 prosequendum

76 2697 121 2765 at,
146 2690 257 2774 gratia
279 2695 391 2756 tactus
414 2690 524 2756 dolere
547 2689 684 2774 incepit:
709 2695 798 2758 recte
821 2696 931 2757 actum
956 2695 1016 2758 est.
1056 2692 1168 2759 Potuit
1191 2692 1287 2770 enim,
1312 2692 1363 2757 in-

76 2785 148 2846 cato
172 2780 297 2862 aliquo,
330 2779 473 2844 maxime
503 2779 670 2862 graviore,
701 2785 853 2865 peccato,
885 2802 970 2846 nunc
1000 2780 1114 2846 statim
1144 2781 1280 2848 absolvi.
1328 2780 1362 2846 Si

76 2891 112 2936 ro
146 2873 217 2935 toto
247 2868 303 2933 illo
334 2873 482 2952 tempore
509 2870 704 2935 versabatur
734 2869 767 2935 in
798 2869 950 2936 sacristia
981 2874 1080 2952 atque
1113 2891 1187 2935 cum
1210 2870 1362 2936 ministro

76 2958 204 3025 :erdote
227 2957 297 3022 solo
319 2958 410 3023 solus
433 2957 527 3040 quasi
550 2959 717 3039 negotium
733 2963 937 3026 tractaturus
953 2959 1074 3024 diutius
1091 2959 1280 3025 conversari
1303 2979 1362 3043 po-

76 3049 107 3127 it,
133 3046 246 3114 debuit
269 3067 349 3112 sane
372 3046 535 3129 integram
560 3047 797 3113 confessionem
821 3048 940 3114 facere.

126 3181 181 3246 AD
211 3200 403 3256 ouussrruu
434 3182 474 3244 3¹³
502 3179 542 3246 R.
579 3183 607 3246 1.
662 3180 792 3247 Certum
823 3184 875 3246 est
906 3179 1053 3263 potuisse
1084 3182 1155 3245 tum
1186 3178 1220 3245 in
1252 3179 1360 3264 priore
1371 3193 1424 3249 366

76 3292 109 3336 su
134 3268 238 3347 Rufo,
269 3273 338 3334 tum
361 3269 395 3333 in
418 3269 599 3352 posteriore
624 3269 792 3353 Serapioni
823 3268 1058 3336 confessarium
1088 3269 1255 3353 imponere
1278 3269 1360 3334 obli-

76 3360 200 3427 tionem
223 3378 376 3441 gravem,
408 3362 445 3424 ut
474 3361 581 3423 statim
603 3363 719 3442 postea
750 3358 910 3425 confessio
940 3359 1167 3442 compleretur.
1214 3358 1252 3423 Id
1283 3379 1361 3424 con·

76 3448 191 3515 sarius
214 3451 252 3514 ut
274 3445 373 3512 iudex
396 3445 507 3512 facere
530 3469 588 3512 seu
612 3447 778 3531 imponere
800 3448 909 3532 potuit
923 3447 995 3513 sive
1011 3447 1107 3514 titulo
1123 3447 1361 3514 satisfactionis

76 3535 284 3604 tramentalis
307 3535 377 3601 sive
401 3535 498 3602 titulo
522 3536 705 3619 complendi
734 3536 844 3602 iudicii
874 3536 1012 3621 incepti,
1044 3536 1114 3602 sive
1138 3536 1237 3603 etiam
1262 3536 1361 3603 titulo

76 3627 222 3704 rdicinae,
248 3630 285 3691 ut
307 3625 452 3691 remedia
474 3630 555 3708 apta
578 3630 613 3692 et
635 3627 822 3691 necessaria
844 3631 980 3711 possent
1002 3625 1190 3711 praescribi.

120 3742 161 3809 R.
187 3745 217 3808 2.
264 3740 366 3805 Immo
388 3740 421 3805 iu
445 3740 626 3825 posteriore
656 3763 734 3808 casu
764 3741 895 3808 videtur
924 3743 1005 3808 haec
1035 3741 1175 3809 intentio
1205 3741 1360 3817 adfuisse,

76 3853 104 3897 m
127 3830 200 3914 ipse
223 3828 381 3913 Serapion
404 3829 514 3895 verbis
542 3830 607 3896 illis
636 3837 768 3916 ,postea
791 3832 904 3915 plura“
931 3831 1120 3915 promisisse
1144 3831 1294 3896 videatur
1324 3851 1361 3897 se

76 3942 108 3986 rx
133 3920 370 4002 completurum
394 3919 648 3997 confessionem;
677 3942 744 4003 qua
767 3924 941 4005 acceptata
969 3921 1183 4005 promissione
1206 3919 1361 4005 sacerdos

76 4010 191 4076 sistens
215 4008 366 4075 absolvit.
399 4007 617 4074 Nihilominus
642 4032 713 4075 cum
738 4011 778 4075 de
801 4011 862 4076 hoc
878 4031 942 4074 non
959 4013 1097 4087 constet,
1122 4009 1183 4075 nisi
1207 4010 1360 4075 sacerdos

76 4098 208 4165 solvens
240 4097 274 4163 in
305 4098 466 4164 alterutro
491 4119 569 4163 casu
594 4099 734 4182 positive
758 4099 935 4165 iniunxerit
965 4099 1139 4165 utstatim
1170 4099 1283 4164 eodem
1308 4098 1360 4162 die

76 4189 236 4272 mpleatur
260 4186 437 4264 confessio,
470 4187 658 4254 dilationem
682 4188 782 4253 etiam
805 4188 986 4271 longiorem
1016 4210 1079 4254 non
1105 4188 1208 4253 audeo
1232 4187 1360 4271 peccati

76 4298 166 4360 isque
190 4275 304 4358 gravis
328 4276 560 4354 condemnare,
592 4276 619 4341 si
650 4277 747 4342 modo
777 4276 810 4342 in
835 4281 948 4362 primo
978 4277 1182 4343 confessione
1205 4283 1360 4342 secutura

76 4367 141 4432 mia
164 4366 291 4430 sincere
314 4371 518 4432 accusentur.

120 4481 160 4547 R.
186 4482 217 4547 3.
264 4448 311 4545 A'r
332 4502 392 4564 pro
416 4479 594 4564 Serapione
618 4481 683 4546 alia
706 4481 791 4546 ratio
815 4486 921 4563 urget.
961 4482 1040 4546 Cum
1063 4481 1108 4548 sit
1130 4480 1283 4546 sacerdos
1307 4486 1359 4546 at-

76 4592 93 4636 a
117 4568 250 4654 saepius
272 4569 327 4635 vel
351 4569 470 4636 cotidie
493 4570 598 4636 soleat
622 4570 804 4647 celebrare,
837 4571 941 4636 oritur
964 4570 1112 4653 quaestio
1143 4591 1220 4635 num
1244 4570 1358 4636 eodem

76 4660 127 4726 »do
151 4680 215 4742 quo
240 4657 361 4725 dictum
378 4663 429 4724 est
444 4680 545 4743 supra
561 4682 591 4725 n.
610 4662 674 4724 358
691 4659 903 4742 probabiliter
919 4660 1032 4743 negari
1056 4659 1161 4744 possit
1184 4659 1253 4726 eius
1276 4660 1359 4725 obli-
