<?xml version="1.0" encoding="UTF-8"?>
<!DOCTYPE html PUBLIC "-//W3C//DTD XHTML 1.0 Transitional//EN"
    "http://www.w3.org/TR/xhtml1/DTD/xhtml1-transitional.dtd">
<html xmlns="http://www.w3.org/1999/xhtml" xml:lang="en" lang="en">
 <head>
  <title>
</title>
<meta http-equiv="Content-Type" content="text/html;charset=utf-8" />
  <meta name='ocr-system' content='tesseract 3.04.00' />
  <meta name='ocr-capabilities' content='ocr_page ocr_carea ocr_par ocr_line ocrx_word'/>
</head>
<body>
  <div class='ocr_page' id='page_1' title='image "./casusconscienti00lehmgoog_0018.png"; bbox 0 0 3044 5174; ppageno 0'>
   <div class='ocr_carea' id='block_1_1' title="bbox 166 250 1036 319">
    <p class='ocr_par' dir='ltr' id='par_1_1' title="bbox 166 250 1036 319">
     <span class='ocr_line' id='line_1_1' title="bbox 166 250 1036 319; baseline -0.002 -11"><span class='ocrx_word' id='word_1_1' title='bbox 166 256 185 318; x_wconf 88' lang='grc'>2</span> <span class='ocrx_word' id='word_1_2' title='bbox 621 252 661 306; x_wconf 89' lang='lat' dir='ltr'>De</span> <span class='ocrx_word' id='word_1_3' title='bbox 680 250 858 307; x_wconf 75' lang='lat' dir='ltr'><strong>sacramentis</strong></span> <span class='ocrx_word' id='word_1_4' title='bbox 876 251 1036 319; x_wconf 74' lang='lat' dir='ltr'>generatim.</span> 
     </span>
    </p>
   </div>
   <div class='ocr_carea' id='block_1_2' title="bbox 164 429 1512 717">
    <p class='ocr_par' dir='ltr' id='par_1_2' title="bbox 164 429 1512 717">
     <span class='ocr_line' id='line_1_2' title="bbox 254 429 1488 514; baseline 0.002 -20"><span class='ocrx_word' id='word_1_5' title='bbox 254 429 471 514; x_wconf 83' lang='lat' dir='ltr'><strong>Quapropter,</strong></span> <span class='ocrx_word' id='word_1_6' title='bbox 496 429 523 495; x_wconf 90' lang='lat' dir='ltr'>si</span> <span class='ocrx_word' id='word_1_7' title='bbox 547 429 702 496; x_wconf 83' lang='lat' dir='ltr'>Callistus</span> <span class='ocrx_word' id='word_1_8' title='bbox 724 430 824 496; x_wconf 88' lang='lat' dir='ltr'>istam</span> <span class='ocrx_word' id='word_1_9' title='bbox 848 451 940 494; x_wconf 89' lang='lat' dir='ltr'>suam</span> <span class='ocrx_word' id='word_1_10' title='bbox 966 430 1147 496; x_wconf 81' lang='lat' dir='ltr'>doctrinam</span> <span class='ocrx_word' id='word_1_11' title='bbox 1171 432 1276 497; x_wconf 85' lang='lat' dir='ltr'>relate</span> <span class='ocrx_word' id='word_1_12' title='bbox 1301 431 1342 497; x_wconf 92' lang='lat' dir='ltr'>ad</span> <span class='ocrx_word' id='word_1_13' title='bbox 1366 453 1411 500; x_wconf 88' lang='lat' dir='ltr'>ss.</span> <span class='ocrx_word' id='word_1_14' title='bbox 1435 454 1488 498; x_wconf 87' lang='lat' dir='ltr'>eu·</span> 
     </span>
     <span class='ocr_line' id='line_1_3' title="bbox 165 518 1512 604; baseline 0.003 -20"><span class='ocrx_word' id='word_1_15' title='bbox 165 518 353 585; x_wconf 88' lang='lat' dir='ltr'>charistiam</span> <span class='ocrx_word' id='word_1_16' title='bbox 378 520 496 585; x_wconf 91' lang='lat' dir='ltr'>doceat</span> <span class='ocrx_word' id='word_1_17' title='bbox 518 521 572 584; x_wconf 87' lang='lat' dir='ltr'>vel</span> <span class='ocrx_word' id='word_1_18' title='bbox 596 520 724 604; x_wconf 91' lang='lat' dir='ltr'>publice</span> <span class='ocrx_word' id='word_1_19' title='bbox 748 519 944 603; x_wconf 87' lang='lat' dir='ltr'>disputando</span> <span class='ocrx_word' id='word_1_20' title='bbox 961 518 1117 585; x_wconf 85' lang='lat' dir='ltr'>defendat</span> <span class='ocrx_word' id='word_1_21' title='bbox 1132 521 1185 585; x_wconf 89' lang='lat' dir='ltr'>vel</span> <span class='ocrx_word' id='word_1_22' title='bbox 1201 520 1417 604; x_wconf 81' lang='lat' dir='ltr'>pertinaciter</span> <span class='ocrx_word' id='word_1_23' title='bbox 1437 524 1512 588; x_wconf 64' lang='lat' dir='ltr'>as·J</span> 
     </span>
     <span class='ocr_line' id='line_1_4' title="bbox 164 554 1512 717; baseline 0.001 -44"><span class='ocrx_word' id='word_1_24' title='bbox 164 612 264 688; x_wconf 87' lang='lat' dir='ltr'>serat,</span> <span class='ocrx_word' id='word_1_25' title='bbox 289 607 439 674; x_wconf 90' lang='lat' dir='ltr'>subiacet</span> <span class='ocrx_word' id='word_1_26' title='bbox 462 607 791 675; x_wconf 81' lang='lat' dir='ltr'>excommunicationi</span> <span class='ocrx_word' id='word_1_27' title='bbox 814 608 893 674; x_wconf 82' lang='lat' dir='ltr'>ibid.</span> <span class='ocrx_word' id='word_1_28' title='bbox 919 628 940 673; x_wconf 92' lang='lat' dir='ltr'>a</span> <span class='ocrx_word' id='word_1_29' title='bbox 967 607 1058 675; x_wconf 81' lang='lat' dir='ltr'>Trid.</span> <span class='ocrx_word' id='word_1_30' title='bbox 1083 612 1240 675; x_wconf 89' lang='lat' dir='ltr'>statutae.</span> <span class='ocrx_word' id='word_1_31' title='bbox 1499 554 1512 717; x_wconf 60' lang='lat' dir='ltr'>b</span> 
     </span>
    </p>
   </div>
   <div class='ocr_carea' id='block_1_3' title="bbox 163 704 1512 1233">
    <p class='ocr_par' dir='ltr' id='par_1_3' title="bbox 163 704 1512 1233">
     <span class='ocr_line' id='line_1_5' title="bbox 256 704 1512 790; baseline 0.002 -19"><span class='ocrx_word' id='word_1_32' title='bbox 256 705 295 772; x_wconf 85' lang='lat' dir='ltr'>R.</span> <span class='ocrx_word' id='word_1_33' title='bbox 313 709 344 772; x_wconf 81' lang='lat'>4.</span> <span class='ocrx_word' id='word_1_34' title='bbox 375 705 579 790; x_wconf 87' lang='lat' dir='ltr'>Quamquam</span> <span class='ocrx_word' id='word_1_35' title='bbox 603 706 753 773; x_wconf 88' lang='lat' dir='ltr'>doctrina</span> <span class='ocrx_word' id='word_1_36' title='bbox 776 706 816 770; x_wconf 93' lang='lat' dir='ltr'>de</span> <span class='ocrx_word' id='word_1_37' title='bbox 832 704 1064 771; x_wconf 89' lang='lat' dir='ltr'>reviviscentia</span> <span class='ocrx_word' id='word_1_38' title='bbox 1080 710 1361 772; x_wconf 90' lang='lat' dir='ltr'>sacramentorum</span> <span class='ocrx_word' id='word_1_39' title='bbox 1386 726 1512 789; x_wconf 79' lang='lat' dir='ltr'>neque¹¹</span> 
     </span>
     <span class='ocr_line' id='line_1_6' title="bbox 163 794 1499 880; baseline 0.002 -21"><span class='ocrx_word' id='word_1_40' title='bbox 163 794 196 859; x_wconf 92' lang='lat' dir='ltr'>in</span> <span class='ocrx_word' id='word_1_41' title='bbox 222 795 335 860; x_wconf 90' lang='lat' dir='ltr'>eodem</span> <span class='ocrx_word' id='word_1_42' title='bbox 358 816 457 861; x_wconf 90' lang='lat' dir='ltr'>sensu</span> <span class='ocrx_word' id='word_1_43' title='bbox 480 817 585 878; x_wconf 90' lang='lat' dir='ltr'>neque</span> <span class='ocrx_word' id='word_1_44' title='bbox 609 817 681 861; x_wconf 91' lang='lat' dir='ltr'>cum</span> <span class='ocrx_word' id='word_1_45' title='bbox 713 816 872 862; x_wconf 90' lang='lat' dir='ltr'>consensu</span> <span class='ocrx_word' id='word_1_46' title='bbox 902 794 1046 860; x_wconf 90' lang='lat' dir='ltr'>unanimi</span> <span class='ocrx_word' id='word_1_47' title='bbox 1077 796 1118 859; x_wconf 90' lang='lat' dir='ltr'>ab</span> <span class='ocrx_word' id='word_1_48' title='bbox 1149 795 1297 861; x_wconf 88' lang='lat' dir='ltr'>omnibus</span> <span class='ocrx_word' id='word_1_49' title='bbox 1326 796 1499 880; x_wconf 85' lang='lat' dir='ltr'>theologis-</span> 
     </span>
     <span class='ocr_line' id='line_1_7' title="bbox 165 883 1495 969; baseline 0.003 -21"><span class='ocrx_word' id='word_1_50' title='bbox 165 885 310 962; x_wconf 89' lang='lat' dir='ltr'>docctur,</span> <span class='ocrx_word' id='word_1_51' title='bbox 334 888 446 951; x_wconf 90' lang='lat' dir='ltr'>tamen</span> <span class='ocrx_word' id='word_1_52' title='bbox 469 886 594 950; x_wconf 92' lang='lat' dir='ltr'>nullam</span> <span class='ocrx_word' id='word_1_53' title='bbox 610 884 790 969; x_wconf 90' lang='lat' dir='ltr'>cuiuspiam</span> <span class='ocrx_word' id='word_1_54' title='bbox 806 885 943 950; x_wconf 87' lang='lat' dir='ltr'>effectus</span> <span class='ocrx_word' id='word_1_55' title='bbox 959 883 1209 950; x_wconf 88' lang='lat' dir='ltr'>sacramentalis</span> <span class='ocrx_word' id='word_1_56' title='bbox 1225 885 1495 952; x_wconf 86' lang='lat' dir='ltr'>reviviscentiam.</span> 
     </span>
     <span class='ocr_line' id='line_1_8' title="bbox 164 972 1486 1051; baseline 0.003 -13"><span class='ocrx_word' id='word_1_57' title='bbox 164 973 339 1040; x_wconf 85' lang='lat' dir='ltr'>admittere</span> <span class='ocrx_word' id='word_1_58' title='bbox 363 974 420 1039; x_wconf 89' lang='lat' dir='ltr'>vix</span> <span class='ocrx_word' id='word_1_59' title='bbox 449 995 514 1040; x_wconf 90' lang='lat' dir='ltr'>non</span> <span class='ocrx_word' id='word_1_60' title='bbox 546 974 634 1040; x_wconf 91' lang='lat' dir='ltr'>ducit</span> <span class='ocrx_word' id='word_1_61' title='bbox 657 974 689 1039; x_wconf 91' lang='lat' dir='ltr'>in</span> <span class='ocrx_word' id='word_1_62' title='bbox 713 994 859 1051; x_wconf 76' lang='lat' dir='ltr'>erroreS,</span> <span class='ocrx_word' id='word_1_63' title='bbox 892 972 977 1038; x_wconf 92' lang='lat' dir='ltr'>sicut</span> <span class='ocrx_word' id='word_1_64' title='bbox 1007 972 1040 1036; x_wconf 88' lang='lat' dir='ltr'>in</span> <span class='ocrx_word' id='word_1_65' title='bbox 1063 972 1103 1039; x_wconf 85' lang='lat' dir='ltr'>R.</span> <span class='ocrx_word' id='word_1_66' title='bbox 1128 977 1148 1037; x_wconf 86' lang='lat'>2</span> <span class='ocrx_word' id='word_1_67' title='bbox 1179 973 1302 1040; x_wconf 88' lang='lat' dir='ltr'>dictum</span> <span class='ocrx_word' id='word_1_68' title='bbox 1332 979 1395 1042; x_wconf 86' lang='lat' dir='ltr'>est.</span> <span class='ocrx_word' id='word_1_69' title='bbox 1441 975 1486 1043; x_wconf 72' lang='grc' dir='ltr'>Οἱ.</span> 
     </span>
     <span class='ocr_line' id='line_1_9' title="bbox 164 1061 1503 1148; baseline 0.002 -20"><span class='ocrx_word' id='word_1_70' title='bbox 164 1063 305 1142; x_wconf 83' lang='lat' dir='ltr'>Sasse,</span> <span class='ocrx_word' id='word_1_71' title='bbox 322 1064 372 1130; x_wconf 89' lang='lat' dir='ltr'>De</span> <span class='ocrx_word' id='word_1_72' title='bbox 388 1063 637 1142; x_wconf 82' lang='lat' dir='ltr'>sacramentisl,</span> <span class='ocrx_word' id='word_1_73' title='bbox 655 1065 817 1145; x_wconf 82' lang='lat' dir='ltr'>250sqq.;</span> <span class='ocrx_word' id='word_1_74' title='bbox 834 1061 981 1139; x_wconf 89' lang='lat' dir='ltr'>Pesch,</span> <span class='ocrx_word' id='word_1_75' title='bbox 998 1062 1105 1130; x_wconf 86' lang='lat' dir='ltr'>Prod.</span> <span class='ocrx_word' id='word_1_76' title='bbox 1123 1064 1224 1147; x_wconf 77' lang='lat' dir='ltr'>dopna.</span> <span class='ocrx_word' id='word_1_77' title='bbox 1242 1063 1298 1142; x_wconf 90' lang='lat' dir='ltr'>VI,</span> <span class='ocrx_word' id='word_1_78' title='bbox 1317 1067 1382 1129; x_wconf 83' lang='lat'>314</span> <span class='ocrx_word' id='word_1_79' title='bbox 1399 1085 1503 1148; x_wconf 84' lang='lat' dir='ltr'>sqq.;.</span> 
     </span>
     <span class='ocr_line' id='line_1_10' title="bbox 164 1152 963 1233; baseline -0.003 -16"><span class='ocrx_word' id='word_1_80' title='bbox 164 1152 196 1218; x_wconf 83' lang='lat' dir='ltr'>S.</span> <span class='ocrx_word' id='word_1_81' title='bbox 221 1152 372 1232; x_wconf 83' lang='lat' dir='ltr'>Thom,</span> <span class='ocrx_word' id='word_1_82' title='bbox 397 1154 529 1220; x_wconf 82' lang='lat' dir='ltr'>Surnmo</span> <span class='ocrx_word' id='word_1_83' title='bbox 552 1154 641 1218; x_wconf 82' lang='lat' dir='ltr'>theol.</span> <span class='ocrx_word' id='word_1_84' title='bbox 667 1154 698 1229; x_wconf 85' lang='lat'>3,</span> <span class='ocrx_word' id='word_1_85' title='bbox 722 1173 752 1233; x_wconf 89' lang='lat' dir='ltr'>q.</span> <span class='ocrx_word' id='word_1_86' title='bbox 778 1153 831 1229; x_wconf 85' lang='lat'>69,</span> <span class='ocrx_word' id='word_1_87' title='bbox 856 1172 885 1217; x_wconf 92' lang='lat' dir='ltr'>a.</span> <span class='ocrx_word' id='word_1_88' title='bbox 912 1153 963 1216; x_wconf 85' lang='lat'>10.</span> 
     </span>
    </p>
   </div>
   <div class='ocr_carea' id='block_1_4' title="bbox 137 1265 1486 1613">
    <p class='ocr_par' dir='ltr' id='par_1_4' title="bbox 137 1265 1486 1613">
     <span class='ocr_line' id='line_1_11' title="bbox 137 1265 1485 1350; baseline -0.001 -16"><span class='ocrx_word' id='word_1_89' title='bbox 137 1281 154 1334; x_wconf 84' lang='lat'><strong>2</strong></span> <span class='ocrx_word' id='word_1_90' title='bbox 253 1267 306 1331; x_wconf 83' lang='lat' dir='ltr'>Ao</span> <span class='ocrx_word' id='word_1_91' title='bbox 330 1287 523 1343; x_wconf 74' lang='lat' dir='ltr'>ouansrruu</span> <span class='ocrx_word' id='word_1_92' title='bbox 548 1270 586 1330; x_wconf 67' lang='lat'>2²¹</span> <span class='ocrx_word' id='word_1_93' title='bbox 610 1266 649 1332; x_wconf 84' lang='lat' dir='ltr'>R.</span> <span class='ocrx_word' id='word_1_94' title='bbox 678 1271 705 1332; x_wconf 92' lang='lat'>1.</span> <span class='ocrx_word' id='word_1_95' title='bbox 738 1265 851 1342; x_wconf 83' lang='lat' dir='ltr'>Quoad</span> <span class='ocrx_word' id='word_1_96' title='bbox 874 1269 1083 1331; x_wconf 89' lang='lat' dir='ltr'>sacramenta</span> <span class='ocrx_word' id='word_1_97' title='bbox 1105 1265 1256 1330; x_wconf 89' lang='lat' dir='ltr'>vivorum</span> <span class='ocrx_word' id='word_1_98' title='bbox 1279 1287 1395 1332; x_wconf 89' lang='lat' dir='ltr'>verum</span> <span class='ocrx_word' id='word_1_99' title='bbox 1419 1267 1485 1350; x_wconf 90' lang='lat' dir='ltr'>qui·</span> 
     </span>
     <span class='ocr_line' id='line_1_12' title="bbox 163 1353 1486 1441; baseline 0.002 -21"><span class='ocrx_word' id='word_1_100' title='bbox 163 1357 237 1420; x_wconf 90' lang='lat' dir='ltr'>dem</span> <span class='ocrx_word' id='word_1_101' title='bbox 260 1359 312 1422; x_wconf 85' lang='lat' dir='ltr'>est</span> <span class='ocrx_word' id='word_1_102' title='bbox 333 1355 484 1421; x_wconf 79' lang='lat' dir='ltr'>sufficere</span> <span class='ocrx_word' id='word_1_103' title='bbox 508 1355 550 1421; x_wconf 91' lang='lat' dir='ltr'>ad</span> <span class='ocrx_word' id='word_1_104' title='bbox 575 1376 616 1421; x_wconf 88' lang='lat' dir='ltr'>ea</span> <span class='ocrx_word' id='word_1_105' title='bbox 631 1355 847 1439; x_wconf 88' lang='lat' dir='ltr'>suscipienda,</span> <span class='ocrx_word' id='word_1_106' title='bbox 872 1353 901 1419; x_wconf 87' lang='lat' dir='ltr'>si</span> <span class='ocrx_word' id='word_1_107' title='bbox 925 1375 969 1420; x_wconf 89' lang='lat' dir='ltr'>ss.</span> <span class='ocrx_word' id='word_1_108' title='bbox 995 1353 1193 1420; x_wconf 84' lang='lat' dir='ltr'>eucharistia</span> <span class='ocrx_word' id='word_1_109' title='bbox 1219 1355 1392 1440; x_wconf 83' lang='lat' dir='ltr'>excipitur,</span> <span class='ocrx_word' id='word_1_110' title='bbox 1416 1377 1486 1441; x_wconf 91' lang='lat' dir='ltr'>per·</span> 
     </span>
     <span class='ocr_line' id='line_1_13' title="bbox 162 1442 1485 1528; baseline 0.002 -19"><span class='ocrx_word' id='word_1_111' title='bbox 162 1444 285 1511; x_wconf 78' lang='lat' dir='ltr'>sectam</span> <span class='ocrx_word' id='word_1_112' title='bbox 315 1445 555 1511; x_wconf 89' lang='lat' dir='ltr'>contritionem.</span> <span class='ocrx_word' id='word_1_113' title='bbox 602 1445 668 1511; x_wconf 85' lang='lat' dir='ltr'>Sed</span> <span class='ocrx_word' id='word_1_114' title='bbox 690 1443 804 1528; x_wconf 84' lang='lat' dir='ltr'>praxis</span> <span class='ocrx_word' id='word_1_115' title='bbox 828 1442 1007 1508; x_wconf 91' lang='lat' dir='ltr'>communis</span> <span class='ocrx_word' id='word_1_116' title='bbox 1038 1448 1090 1509; x_wconf 89' lang='lat' dir='ltr'>est</span> <span class='ocrx_word' id='word_1_117' title='bbox 1120 1444 1333 1528; x_wconf 90' lang='lat' dir='ltr'>praemittere</span> <span class='ocrx_word' id='word_1_118' title='bbox 1364 1446 1485 1512; x_wconf 86' lang='lat' dir='ltr'>confes·</span> 
     </span>
     <span class='ocr_line' id='line_1_14' title="bbox 162 1532 1484 1613; baseline 0.002 -15"><span class='ocrx_word' id='word_1_119' title='bbox 162 1533 287 1600; x_wconf 91' lang='lat' dir='ltr'>sionem</span> <span class='ocrx_word' id='word_1_120' title='bbox 310 1535 584 1600; x_wconf 89' lang='lat' dir='ltr'>sacramentalem</span> <span class='ocrx_word' id='word_1_121' title='bbox 607 1538 642 1599; x_wconf 89' lang='lat' dir='ltr'>et</span> <span class='ocrx_word' id='word_1_122' title='bbox 665 1533 914 1599; x_wconf 90' lang='lat' dir='ltr'>absolutionem.</span> <span class='ocrx_word' id='word_1_123' title='bbox 955 1533 1069 1613; x_wconf 84' lang='lat' dir='ltr'>anue</span> <span class='ocrx_word' id='word_1_124' title='bbox 1092 1532 1265 1599; x_wconf 87' lang='lat' dir='ltr'>retinenda</span> <span class='ocrx_word' id='word_1_125' title='bbox 1288 1537 1323 1599; x_wconf 89' lang='lat' dir='ltr'>et</span> <span class='ocrx_word' id='word_1_126' title='bbox 1346 1534 1484 1601; x_wconf 83' lang='lat' dir='ltr'>fovenda</span> 
     </span>
    </p>
   </div>
   <div class='ocr_carea' id='block_1_5' title="bbox 162 1620 1512 1739">
    <p class='ocr_par' dir='ltr' id='par_1_5' title="bbox 162 1620 1512 1739">
     <span class='ocr_line' id='line_1_15' title="bbox 162 1620 1512 1739; baseline 0.001 -51"><span class='ocrx_word' id='word_1_127' title='bbox 162 1628 230 1701; x_wconf 89' lang='lat' dir='ltr'>est,</span> <span class='ocrx_word' id='word_1_128' title='bbox 260 1627 331 1690; x_wconf 92' lang='lat' dir='ltr'>tum</span> <span class='ocrx_word' id='word_1_129' title='bbox 355 1622 431 1706; x_wconf 88' lang='lat' dir='ltr'>quia</span> <span class='ocrx_word' id='word_1_130' title='bbox 454 1623 501 1688; x_wconf 92' lang='lat' dir='ltr'>sic</span> <span class='ocrx_word' id='word_1_131' title='bbox 524 1643 584 1707; x_wconf 93' lang='lat' dir='ltr'>pro</span> <span class='ocrx_word' id='word_1_132' title='bbox 616 1621 697 1706; x_wconf 87' lang='lat' dir='ltr'>ipsis</span> <span class='ocrx_word' id='word_1_133' title='bbox 720 1620 937 1688; x_wconf 86' lang='lat' dir='ltr'>sacramentis</span> <span class='ocrx_word' id='word_1_134' title='bbox 961 1626 1158 1705; x_wconf 89' lang='lat' dir='ltr'>procuratur</span> <span class='ocrx_word' id='word_1_135' title='bbox 1181 1622 1352 1706; x_wconf 87' lang='lat' dir='ltr'>dispositio</span> <span class='ocrx_word' id='word_1_136' title='bbox 1375 1624 1484 1690; x_wconf 88' lang='lat' dir='ltr'>melior</span> <span class='ocrx_word' id='word_1_137' title='bbox 1507 1694 1512 1739; x_wconf 47' lang='lat'><em>4</em></span> 
     </span>
    </p>
   </div>
   <div class='ocr_carea' id='block_1_6' title="bbox 162 1710 1512 1884">
    <p class='ocr_par' dir='ltr' id='par_1_6' title="bbox 162 1710 1512 1884">
     <span class='ocr_line' id='line_1_16' title="bbox 163 1710 1512 1795; baseline -0.003 -18"><span class='ocrx_word' id='word_1_138' title='bbox 163 1716 198 1779; x_wconf 90' lang='lat' dir='ltr'>et</span> <span class='ocrx_word' id='word_1_139' title='bbox 216 1711 370 1791; x_wconf 87' lang='lat' dir='ltr'>securior,</span> <span class='ocrx_word' id='word_1_140' title='bbox 394 1718 465 1778; x_wconf 92' lang='lat' dir='ltr'>tum</span> <span class='ocrx_word' id='word_1_141' title='bbox 481 1712 557 1794; x_wconf 89' lang='lat' dir='ltr'>quia</span> <span class='ocrx_word' id='word_1_142' title='bbox 573 1712 764 1795; x_wconf 89' lang='lat' dir='ltr'>plerumque</span> <span class='ocrx_word' id='word_1_143' title='bbox 780 1732 853 1776; x_wconf 90' lang='lat' dir='ltr'>cum</span> <span class='ocrx_word' id='word_1_144' title='bbox 871 1710 1020 1776; x_wconf 89' lang='lat' dir='ltr'>omnibus</span> <span class='ocrx_word' id='word_1_145' title='bbox 1036 1710 1110 1776; x_wconf 88' lang='lat' dir='ltr'>aliis</span> <span class='ocrx_word' id='word_1_146' title='bbox 1126 1713 1342 1777; x_wconf 86' lang='lat' dir='ltr'>sacramentis</span> <span class='ocrx_word' id='word_1_147' title='bbox 1358 1735 1385 1780; x_wconf 91' lang='lat' dir='ltr'>s.</span> <span class='ocrx_word' id='word_1_148' title='bbox 1403 1735 1484 1779; x_wconf 89' lang='lat' dir='ltr'>com·</span> <span class='ocrx_word' id='word_1_149' title='bbox 1507 1742 1512 1773; x_wconf 78' lang='grc'>-,</span> 
     </span>
     <span class='ocr_line' id='line_1_17' title="bbox 162 1801 511 1884; baseline 0 -18"><span class='ocrx_word' id='word_1_150' title='bbox 162 1801 271 1867; x_wconf 90' lang='lat' dir='ltr'>munio</span> <span class='ocrx_word' id='word_1_151' title='bbox 295 1801 511 1884; x_wconf 82' lang='lat' dir='ltr'>coniungitur.</span> 
     </span>
    </p>
   </div>
   <div class='ocr_carea' id='block_1_7' title="bbox 250 1895 1512 1983">
    <p class='ocr_par' dir='ltr' id='par_1_7' title="bbox 250 1895 1512 1983">
     <span class='ocr_line' id='line_1_18' title="bbox 250 1895 1512 1983; baseline 0.002 -20"><span class='ocrx_word' id='word_1_152' title='bbox 250 1898 289 1966; x_wconf 86' lang='lat' dir='ltr'>R.</span> <span class='ocrx_word' id='word_1_153' title='bbox 315 1902 345 1966; x_wconf 85' lang='lat'>2.</span> <span class='ocrx_word' id='word_1_154' title='bbox 380 1898 547 1975; x_wconf 88' lang='lat' dir='ltr'>Quatenus</span> <span class='ocrx_word' id='word_1_155' title='bbox 571 1897 741 1982; x_wconf 90' lang='lat' dir='ltr'>dispositio</span> <span class='ocrx_word' id='word_1_156' title='bbox 764 1899 875 1962; x_wconf 84' lang='lat' dir='ltr'>melior</span> <span class='ocrx_word' id='word_1_157' title='bbox 890 1895 1075 1981; x_wconf 86' lang='lat' dir='ltr'>respicitur,</span> <span class='ocrx_word' id='word_1_158' title='bbox 1100 1897 1184 1962; x_wconf 88' lang='lat' dir='ltr'>hanc</span> <span class='ocrx_word' id='word_1_159' title='bbox 1201 1898 1314 1980; x_wconf 89' lang='lat' dir='ltr'>utique</span> <span class='ocrx_word' id='word_1_160' title='bbox 1331 1899 1483 1983; x_wconf 90' lang='lat' dir='ltr'>optimum</span> <span class='ocrx_word' id='word_1_161' title='bbox 1510 1960 1512 1975; x_wconf 89' lang='grc'>,</span> 
     </span>
    </p>
   </div>
   <div class='ocr_carea' id='block_1_8' title="bbox 161 1986 1487 2695">
    <p class='ocr_par' dir='ltr' id='par_1_8' title="bbox 161 1986 1487 2695">
     <span class='ocr_line' id='line_1_19' title="bbox 162 1986 1484 2073; baseline -0.001 -19"><span class='ocrx_word' id='word_1_162' title='bbox 162 1993 214 2054; x_wconf 89' lang='lat' dir='ltr'>est</span> <span class='ocrx_word' id='word_1_163' title='bbox 236 2009 296 2073; x_wconf 90' lang='lat' dir='ltr'>pro</span> <span class='ocrx_word' id='word_1_164' title='bbox 319 2009 416 2071; x_wconf 91' lang='lat' dir='ltr'>posse</span> <span class='ocrx_word' id='word_1_165' title='bbox 438 2009 631 2072; x_wconf 85' lang='lat' dir='ltr'>procurare;</span> <span class='ocrx_word' id='word_1_166' title='bbox 662 1987 798 2072; x_wconf 90' lang='lat' dir='ltr'>proinde</span> <span class='ocrx_word' id='word_1_167' title='bbox 829 1986 929 2052; x_wconf 90' lang='lat' dir='ltr'>etiam</span> <span class='ocrx_word' id='word_1_168' title='bbox 960 1988 1039 2051; x_wconf 90' lang='lat' dir='ltr'>ante</span> <span class='ocrx_word' id='word_1_169' title='bbox 1062 1988 1337 2053; x_wconf 85' lang='lat' dir='ltr'>sacramentalem</span> <span class='ocrx_word' id='word_1_170' title='bbox 1362 1989 1484 2054; x_wconf 85' lang='lat' dir='ltr'>confes·</span> 
     </span>
     <span class='ocr_line' id='line_1_20' title="bbox 162 2075 1483 2162; baseline 0 -20"><span class='ocrx_word' id='word_1_171' title='bbox 162 2076 286 2143; x_wconf 90' lang='lat' dir='ltr'>sionem</span> <span class='ocrx_word' id='word_1_172' title='bbox 309 2077 518 2162; x_wconf 90' lang='lat' dir='ltr'>paenitentes</span> <span class='ocrx_word' id='word_1_173' title='bbox 541 2077 688 2142; x_wconf 90' lang='lat' dir='ltr'>excitare</span> <span class='ocrx_word' id='word_1_174' title='bbox 712 2076 753 2141; x_wconf 92' lang='lat' dir='ltr'>ad</span> <span class='ocrx_word' id='word_1_175' title='bbox 777 2075 922 2141; x_wconf 90' lang='lat' dir='ltr'>dolorem</span> <span class='ocrx_word' id='word_1_176' title='bbox 945 2078 1156 2160; x_wconf 91' lang='lat' dir='ltr'>peccatorum</span> <span class='ocrx_word' id='word_1_177' title='bbox 1179 2095 1237 2140; x_wconf 91' lang='lat' dir='ltr'>seu</span> <span class='ocrx_word' id='word_1_178' title='bbox 1261 2076 1483 2143; x_wconf 89' lang='lat' dir='ltr'>contritionem</span> 
     </span>
     <span class='ocr_line' id='line_1_21' title="bbox 163 2163 1485 2251; baseline 0 -20"><span class='ocrx_word' id='word_1_179' title='bbox 163 2188 260 2249; x_wconf 92' lang='lat' dir='ltr'>quam</span> <span class='ocrx_word' id='word_1_180' title='bbox 282 2165 565 2251; x_wconf 87' lang='lat' dir='ltr'>perfectissimam.</span> <span class='ocrx_word' id='word_1_181' title='bbox 604 2165 690 2231; x_wconf 88' lang='lat' dir='ltr'>Nam</span> <span class='ocrx_word' id='word_1_182' title='bbox 714 2186 774 2248; x_wconf 96' lang='lat' dir='ltr'>pro</span> <span class='ocrx_word' id='word_1_183' title='bbox 798 2163 1009 2246; x_wconf 89' lang='lat' dir='ltr'>dispositione</span> <span class='ocrx_word' id='word_1_184' title='bbox 1032 2164 1167 2229; x_wconf 90' lang='lat' dir='ltr'>meliore</span> <span class='ocrx_word' id='word_1_185' title='bbox 1190 2164 1306 2231; x_wconf 90' lang='lat' dir='ltr'>melior</span> <span class='ocrx_word' id='word_1_186' title='bbox 1329 2169 1364 2232; x_wconf 88' lang='lat' dir='ltr'>et</span> <span class='ocrx_word' id='word_1_187' title='bbox 1387 2166 1485 2232; x_wconf 90' lang='lat' dir='ltr'>maior</span> 
     </span>
     <span class='ocr_line' id='line_1_22' title="bbox 163 2252 1484 2335; baseline 0.002 -15"><span class='ocrx_word' id='word_1_188' title='bbox 163 2255 228 2322; x_wconf 89' lang='lat' dir='ltr'>erit</span> <span class='ocrx_word' id='word_1_189' title='bbox 250 2257 386 2321; x_wconf 87' lang='lat' dir='ltr'>effectus</span> <span class='ocrx_word' id='word_1_190' title='bbox 409 2253 618 2320; x_wconf 88' lang='lat' dir='ltr'>sacramenti.</span> <span class='ocrx_word' id='word_1_191' title='bbox 666 2254 730 2320; x_wconf 86' lang='lat' dir='ltr'>Sed</span> <span class='ocrx_word' id='word_1_192' title='bbox 761 2253 969 2318; x_wconf 91' lang='lat' dir='ltr'>nihilominus</span> <span class='ocrx_word' id='word_1_193' title='bbox 1000 2253 1099 2318; x_wconf 88' lang='lat' dir='ltr'>etiam</span> <span class='ocrx_word' id='word_1_194' title='bbox 1131 2252 1160 2318; x_wconf 91' lang='lat' dir='ltr'>ei</span> <span class='ocrx_word' id='word_1_195' title='bbox 1191 2253 1245 2335; x_wconf 92' lang='lat' dir='ltr'>qui</span> <span class='ocrx_word' id='word_1_196' title='bbox 1277 2254 1365 2321; x_wconf 86' lang='lat' dir='ltr'>infra</span> <span class='ocrx_word' id='word_1_197' title='bbox 1388 2257 1484 2322; x_wconf 86' lang='lat' dir='ltr'>talem</span> 
     </span>
     <span class='ocr_line' id='line_1_23' title="bbox 162 2342 1486 2427; baseline 0.001 -19"><span class='ocrx_word' id='word_1_198' title='bbox 162 2345 407 2427; x_wconf 86' lang='lat' dir='ltr'>dispositionem</span> <span class='ocrx_word' id='word_1_199' title='bbox 430 2344 562 2415; x_wconf 85' lang='lat' dir='ltr'>haeret.</span> <span class='ocrx_word' id='word_1_200' title='bbox 597 2364 655 2409; x_wconf 89' lang='lat' dir='ltr'>seu</span> <span class='ocrx_word' id='word_1_201' title='bbox 678 2343 711 2407; x_wconf 93' lang='lat' dir='ltr'>in</span> <span class='ocrx_word' id='word_1_202' title='bbox 735 2363 798 2425; x_wconf 88' lang='lat' dir='ltr'>quo</span> <span class='ocrx_word' id='word_1_203' title='bbox 822 2342 927 2407; x_wconf 90' lang='lat' dir='ltr'>omnis</span> <span class='ocrx_word' id='word_1_204' title='bbox 951 2346 1088 2407; x_wconf 91' lang='lat' dir='ltr'>conatus</span> <span class='ocrx_word' id='word_1_205' title='bbox 1111 2342 1276 2409; x_wconf 89' lang='lat' dir='ltr'>excitandi</span> <span class='ocrx_word' id='word_1_206' title='bbox 1300 2343 1343 2409; x_wconf 91' lang='lat' dir='ltr'>ad</span> <span class='ocrx_word' id='word_1_207' title='bbox 1367 2345 1486 2411; x_wconf 91' lang='lat' dir='ltr'>contri·</span> 
     </span>
     <span class='ocr_line' id='line_1_24' title="bbox 163 2430 1486 2518; baseline -0.001 -18"><span class='ocrx_word' id='word_1_208' title='bbox 163 2434 284 2500; x_wconf 92' lang='lat' dir='ltr'>tionem</span> <span class='ocrx_word' id='word_1_209' title='bbox 308 2434 489 2517; x_wconf 85' lang='lat' dir='ltr'>perfectam</span> <span class='ocrx_word' id='word_1_210' title='bbox 514 2432 611 2510; x_wconf 85' lang='lat' dir='ltr'>fallit,</span> <span class='ocrx_word' id='word_1_211' title='bbox 636 2431 885 2497; x_wconf 90' lang='lat' dir='ltr'>sacramentalis</span> <span class='ocrx_word' id='word_1_212' title='bbox 910 2430 1072 2496; x_wconf 88' lang='lat' dir='ltr'>absolutio</span> <span class='ocrx_word' id='word_1_213' title='bbox 1097 2432 1204 2496; x_wconf 87' lang='lat' dir='ltr'>danda</span> <span class='ocrx_word' id='word_1_214' title='bbox 1228 2436 1296 2512; x_wconf 87' lang='lat' dir='ltr'>est,</span> <span class='ocrx_word' id='word_1_215' title='bbox 1321 2454 1396 2498; x_wconf 87' lang='lat' dir='ltr'>cmn</span> <span class='ocrx_word' id='word_1_216' title='bbox 1419 2434 1486 2518; x_wconf 78' lang='lat' dir='ltr'>sus-</span> 
     </span>
     <span class='ocr_line' id='line_1_25' title="bbox 161 2520 1487 2606; baseline 0.001 -18"><span class='ocrx_word' id='word_1_217' title='bbox 161 2524 270 2606; x_wconf 75' lang='lat' dir='ltr'>ficiens</span> <span class='ocrx_word' id='word_1_218' title='bbox 301 2521 471 2605; x_wconf 89' lang='lat' dir='ltr'>dispositio</span> <span class='ocrx_word' id='word_1_219' title='bbox 501 2521 545 2587; x_wconf 91' lang='lat' dir='ltr'>sit</span> <span class='ocrx_word' id='word_1_220' title='bbox 572 2542 612 2586; x_wconf 88' lang='lat' dir='ltr'>ea</span> <span class='ocrx_word' id='word_1_221' title='bbox 642 2542 707 2603; x_wconf 90' lang='lat' dir='ltr'>qua</span> <span class='ocrx_word' id='word_1_222' title='bbox 737 2524 874 2603; x_wconf 91' lang='lat' dir='ltr'>peccata</span> <span class='ocrx_word' id='word_1_223' title='bbox 904 2521 1029 2585; x_wconf 87' lang='lat' dir='ltr'>sincere</span> <span class='ocrx_word' id='word_1_224' title='bbox 1060 2525 1094 2586; x_wconf 92' lang='lat' dir='ltr'>et</span> <span class='ocrx_word' id='word_1_225' title='bbox 1124 2520 1303 2586; x_wconf 86' lang='lat' dir='ltr'>efficaciter</span> <span class='ocrx_word' id='word_1_226' title='bbox 1333 2522 1407 2589; x_wconf 90' lang='lat' dir='ltr'>odio</span> <span class='ocrx_word' id='word_1_227' title='bbox 1431 2524 1487 2589; x_wconf 93' lang='lat' dir='ltr'>ha-</span> 
     </span>
     <span class='ocr_line' id='line_1_26' title="bbox 161 2609 1213 2695; baseline -0.002 -18"><span class='ocrx_word' id='word_1_228' title='bbox 161 2614 311 2691; x_wconf 83' lang='lat' dir='ltr'>beantur,</span> <span class='ocrx_word' id='word_1_229' title='bbox 336 2611 465 2677; x_wconf 87' lang='lat' dir='ltr'>ctiamsi</span> <span class='ocrx_word' id='word_1_230' title='bbox 489 2611 550 2676; x_wconf 93' lang='lat' dir='ltr'>hoc</span> <span class='ocrx_word' id='word_1_231' title='bbox 572 2612 632 2677; x_wconf 90' lang='lat' dir='ltr'>fiat</span> <span class='ocrx_word' id='word_1_232' title='bbox 655 2632 713 2695; x_wconf 91' lang='lat' dir='ltr'>per</span> <span class='ocrx_word' id='word_1_233' title='bbox 737 2631 809 2675; x_wconf 89' lang='lat' dir='ltr'>earn</span> <span class='ocrx_word' id='word_1_234' title='bbox 833 2631 917 2691; x_wconf 90' lang='lat' dir='ltr'>quae</span> <span class='ocrx_word' id='word_1_235' title='bbox 941 2609 1060 2675; x_wconf 90' lang='lat' dir='ltr'>dicitur</span> <span class='ocrx_word' id='word_1_236' title='bbox 1083 2613 1213 2676; x_wconf 79' lang='lat' dir='ltr'>attritio.</span> 
     </span>
    </p>
   </div>
   <div class='ocr_carea' id='block_1_9' title="bbox 159 2706 1489 3328">
    <p class='ocr_par' dir='ltr' id='par_1_9' title="bbox 159 2706 1489 3328">
     <span class='ocr_line' id='line_1_27' title="bbox 252 2706 1489 2794; baseline 0.002 -20"><span class='ocrx_word' id='word_1_237' title='bbox 252 2710 291 2775; x_wconf 88' lang='lat' dir='ltr'>R.</span> <span class='ocrx_word' id='word_1_238' title='bbox 316 2712 346 2776; x_wconf 81' lang='lat'>3.</span> <span class='ocrx_word' id='word_1_239' title='bbox 372 2709 585 2775; x_wconf 86' lang='lat' dir='ltr'>Sacramenta</span> <span class='ocrx_word' id='word_1_240' title='bbox 606 2713 717 2774; x_wconf 90' lang='lat' dir='ltr'>autem</span> <span class='ocrx_word' id='word_1_241' title='bbox 741 2708 889 2773; x_wconf 68' lang='lat' dir='ltr'>rivorum</span> <span class='ocrx_word' id='word_1_242' title='bbox 914 2708 943 2772; x_wconf 91' lang='lat' dir='ltr'>ei</span> <span class='ocrx_word' id='word_1_243' title='bbox 967 2729 1033 2772; x_wconf 90' lang='lat' dir='ltr'>non</span> <span class='ocrx_word' id='word_1_244' title='bbox 1054 2706 1132 2773; x_wconf 89' lang='lat' dir='ltr'>licet</span> <span class='ocrx_word' id='word_1_245' title='bbox 1147 2708 1314 2790; x_wconf 89' lang='lat' dir='ltr'>suscipere</span> <span class='ocrx_word' id='word_1_246' title='bbox 1338 2709 1392 2791; x_wconf 93' lang='lat' dir='ltr'>qui</span> <span class='ocrx_word' id='word_1_247' title='bbox 1415 2715 1489 2794; x_wconf 91' lang='lat' dir='ltr'>post</span> 
     </span>
     <span class='ocr_line' id='line_1_28' title="bbox 162 2795 1488 2882; baseline 0 -18"><span class='ocrx_word' id='word_1_248' title='bbox 162 2803 334 2882; x_wconf 88' lang='lat' dir='ltr'>peccatum</span> <span class='ocrx_word' id='word_1_249' title='bbox 358 2799 497 2864; x_wconf 87' lang='lat' dir='ltr'>mortale</span> <span class='ocrx_word' id='word_1_250' title='bbox 522 2798 730 2863; x_wconf 88' lang='lat' dir='ltr'>commissum</span> <span class='ocrx_word' id='word_1_251' title='bbox 747 2795 926 2862; x_wconf 88' lang='lat' dir='ltr'>attritionis</span> <span class='ocrx_word' id='word_1_252' title='bbox 942 2801 1070 2862; x_wconf 85' lang='lat' dir='ltr'>tantum</span> <span class='ocrx_word' id='word_1_253' title='bbox 1087 2796 1148 2861; x_wconf 92' lang='lat' dir='ltr'>sibi</span> <span class='ocrx_word' id='word_1_254' title='bbox 1171 2796 1320 2862; x_wconf 91' lang='lat' dir='ltr'>conscius</span> <span class='ocrx_word' id='word_1_255' title='bbox 1342 2803 1404 2876; x_wconf 91' lang='lat' dir='ltr'>est,</span> <span class='ocrx_word' id='word_1_256' title='bbox 1430 2799 1488 2864; x_wconf 90' lang='lat' dir='ltr'>nisi</span> 
     </span>
     <span class='ocr_line' id='line_1_29' title="bbox 163 2885 1489 2967; baseline -0.001 -14"><span class='ocrx_word' id='word_1_257' title='bbox 163 2887 450 2954; x_wconf 88' lang='lat' dir='ltr'>sacramentaliter</span> <span class='ocrx_word' id='word_1_258' title='bbox 473 2886 574 2952; x_wconf 89' lang='lat' dir='ltr'>fuerit</span> <span class='ocrx_word' id='word_1_259' title='bbox 598 2887 785 2960; x_wconf 79' lang='lat' dir='ltr'>absolutus:</span> <span class='ocrx_word' id='word_1_260' title='bbox 811 2886 865 2967; x_wconf 84' lang='lat' dir='ltr'>qui</span> <span class='ocrx_word' id='word_1_261' title='bbox 890 2907 968 2951; x_wconf 90' lang='lat' dir='ltr'>vero</span> <span class='ocrx_word' id='word_1_262' title='bbox 991 2885 1088 2951; x_wconf 90' lang='lat' dir='ltr'>huius</span> <span class='ocrx_word' id='word_1_263' title='bbox 1113 2887 1261 2951; x_wconf 90' lang='lat' dir='ltr'>defectus</span> <span class='ocrx_word' id='word_1_264' title='bbox 1284 2887 1317 2951; x_wconf 90' lang='lat' dir='ltr'>in</span> <span class='ocrx_word' id='word_1_265' title='bbox 1341 2908 1402 2953; x_wconf 94' lang='lat' dir='ltr'>sua</span> <span class='ocrx_word' id='word_1_266' title='bbox 1426 2888 1489 2952; x_wconf 91' lang='lat' dir='ltr'>dis·</span> 
     </span>
     <span class='ocr_line' id='line_1_30' title="bbox 162 2974 1488 3060; baseline -0.001 -18"><span class='ocrx_word' id='word_1_267' title='bbox 162 2976 323 3060; x_wconf 90' lang='lat' dir='ltr'>positione</span> <span class='ocrx_word' id='word_1_268' title='bbox 347 2976 408 3042; x_wconf 92' lang='lat' dir='ltr'>sibi</span> <span class='ocrx_word' id='word_1_269' title='bbox 433 2976 581 3042; x_wconf 89' lang='lat' dir='ltr'>conscius</span> <span class='ocrx_word' id='word_1_270' title='bbox 603 2997 669 3040; x_wconf 92' lang='lat' dir='ltr'>non</span> <span class='ocrx_word' id='word_1_271' title='bbox 693 2979 754 3053; x_wconf 89' lang='lat' dir='ltr'>est,</span> <span class='ocrx_word' id='word_1_272' title='bbox 779 2996 977 3057; x_wconf 89' lang='lat' dir='ltr'>quamquam</span> <span class='ocrx_word' id='word_1_273' title='bbox 1000 2995 1036 3040; x_wconf 92' lang='lat' dir='ltr'>re</span> <span class='ocrx_word' id='word_1_274' title='bbox 1059 2974 1132 3058; x_wconf 88' lang='lat' dir='ltr'>ipsa</span> <span class='ocrx_word' id='word_1_275' title='bbox 1156 2996 1194 3040; x_wconf 91' lang='lat' dir='ltr'>eo</span> <span class='ocrx_word' id='word_1_276' title='bbox 1219 2978 1270 3040; x_wconf 90' lang='lat' dir='ltr'>est</span> <span class='ocrx_word' id='word_1_277' title='bbox 1288 2976 1438 3055; x_wconf 86' lang='lat' dir='ltr'>affectus,</span> <span class='ocrx_word' id='word_1_278' title='bbox 1462 2977 1488 3041; x_wconf 90' lang='lat' dir='ltr'>is</span> 
     </span>
     <span class='ocr_line' id='line_1_31' title="bbox 159 3063 1488 3151; baseline 0 -20"><span class='ocrx_word' id='word_1_279' title='bbox 159 3088 219 3151; x_wconf 76' lang='lat' dir='ltr'>per</span> <span class='ocrx_word' id='word_1_280' title='bbox 249 3068 395 3131; x_wconf 81' lang='lat' dir='ltr'>accidens</span> <span class='ocrx_word' id='word_1_281' title='bbox 424 3069 535 3149; x_wconf 87' lang='lat' dir='ltr'>potest</span> <span class='ocrx_word' id='word_1_282' title='bbox 564 3064 665 3131; x_wconf 87' lang='lat' dir='ltr'>etiam</span> <span class='ocrx_word' id='word_1_283' title='bbox 695 3084 754 3147; x_wconf 92' lang='lat' dir='ltr'>per</span> <span class='ocrx_word' id='word_1_284' title='bbox 786 3068 994 3130; x_wconf 88' lang='lat' dir='ltr'>sacramenta</span> <span class='ocrx_word' id='word_1_285' title='bbox 1023 3063 1173 3128; x_wconf 90' lang='lat' dir='ltr'>vivorum</span> <span class='ocrx_word' id='word_1_286' title='bbox 1204 3064 1348 3130; x_wconf 85' lang='lat' dir='ltr'>fructum</span> <span class='ocrx_word' id='word_1_287' title='bbox 1377 3086 1488 3132; x_wconf 88' lang='lat' dir='ltr'>sacra·</span> 
     </span>
     <span class='ocr_line' id='line_1_32' title="bbox 163 3152 1489 3236; baseline 0 -16"><span class='ocrx_word' id='word_1_288' title='bbox 163 3156 339 3220; x_wconf 89' lang='lat' dir='ltr'>mentalem</span> <span class='ocrx_word' id='word_1_289' title='bbox 355 3176 413 3220; x_wconf 89' lang='lat' dir='ltr'>seu</span> <span class='ocrx_word' id='word_1_290' title='bbox 429 3154 573 3219; x_wconf 89' lang='lat' dir='ltr'>divinam</span> <span class='ocrx_word' id='word_1_291' title='bbox 590 3153 731 3236; x_wconf 84' lang='lat' dir='ltr'>gratiam</span> <span class='ocrx_word' id='word_1_292' title='bbox 748 3152 908 3236; x_wconf 89' lang='lat' dir='ltr'>recipere;</span> <span class='ocrx_word' id='word_1_293' title='bbox 933 3153 1040 3234; x_wconf 91' lang='lat' dir='ltr'>idque,</span> <span class='ocrx_word' id='word_1_294' title='bbox 1058 3152 1084 3217; x_wconf 87' lang='lat' dir='ltr'>si</span> <span class='ocrx_word' id='word_1_295' title='bbox 1102 3158 1284 3219; x_wconf 89' lang='lat' dir='ltr'>extremam</span> <span class='ocrx_word' id='word_1_296' title='bbox 1301 3153 1489 3220; x_wconf 88' lang='lat' dir='ltr'>unctionem</span> 
     </span>
     <span class='ocr_line' id='line_1_33' title="bbox 162 3241 1440 3328; baseline 0 -19"><span class='ocrx_word' id='word_1_297' title='bbox 162 3244 318 3328; x_wconf 91' lang='lat' dir='ltr'>excipias,</span> <span class='ocrx_word' id='word_1_298' title='bbox 343 3265 408 3309; x_wconf 91' lang='lat' dir='ltr'>non</span> <span class='ocrx_word' id='word_1_299' title='bbox 431 3247 520 3309; x_wconf 91' lang='lat' dir='ltr'>certo</span> <span class='ocrx_word' id='word_1_300' title='bbox 545 3242 674 3325; x_wconf 87' lang='lat' dir='ltr'>quidem</span> <span class='ocrx_word' id='word_1_301' title='bbox 699 3247 734 3308; x_wconf 89' lang='lat' dir='ltr'>at</span> <span class='ocrx_word' id='word_1_302' title='bbox 757 3242 980 3326; x_wconf 90' lang='lat' dir='ltr'>probabiliter.</span> <span class='ocrx_word' id='word_1_303' title='bbox 1028 3241 1154 3307; x_wconf 84' lang='lat' dir='ltr'>Sasse</span> <span class='ocrx_word' id='word_1_304' title='bbox 1177 3244 1198 3309; x_wconf 96' lang='lat' dir='ltr'>l.</span> <span class='ocrx_word' id='word_1_305' title='bbox 1224 3264 1250 3309; x_wconf 91' lang='lat' dir='ltr'>c.</span> <span class='ocrx_word' id='word_1_306' title='bbox 1276 3242 1361 3310; x_wconf 90' lang='lat' dir='ltr'>thes.</span> <span class='ocrx_word' id='word_1_307' title='bbox 1389 3247 1440 3309; x_wconf 87' lang='lat'>15.</span> 
     </span>
    </p>
   </div>
   <div class='ocr_carea' id='block_1_10' title="bbox 136 3355 1488 4698">
    <p class='ocr_par' dir='ltr' id='par_1_10' title="bbox 136 3355 1488 4421">
     <span class='ocr_line' id='line_1_34' title="bbox 136 3355 1488 3433; baseline -0.003 -6"><span class='ocrx_word' id='word_1_308' title='bbox 136 3374 153 3427; x_wconf 85' lang='lat'>3</span> <span class='ocrx_word' id='word_1_309' title='bbox 252 3360 305 3423; x_wconf 86' lang='lat' dir='ltr'>An</span> <span class='ocrx_word' id='word_1_310' title='bbox 328 3377 519 3433; x_wconf 74' lang='lat' dir='ltr'>ouansrrun</span> <span class='ocrx_word' id='word_1_311' title='bbox 543 3359 583 3421; x_wconf 76' lang='lat'>3¹¹¹</span> <span class='ocrx_word' id='word_1_312' title='bbox 598 3357 637 3421; x_wconf 79' lang='lat' dir='ltr'>R.</span> <span class='ocrx_word' id='word_1_313' title='bbox 665 3360 693 3422; x_wconf 91' lang='lat'>1.</span> <span class='ocrx_word' id='word_1_314' title='bbox 726 3355 973 3422; x_wconf 86' lang='lat' dir='ltr'>Reviviscentia</span> <span class='ocrx_word' id='word_1_315' title='bbox 989 3360 1269 3421; x_wconf 89' lang='lat' dir='ltr'>sacramentorum</span> <span class='ocrx_word' id='word_1_316' title='bbox 1291 3356 1326 3422; x_wconf 91' lang='lat' dir='ltr'>in</span> <span class='ocrx_word' id='word_1_317' title='bbox 1349 3378 1388 3423; x_wconf 91' lang='lat' dir='ltr'>eo</span> <span class='ocrx_word' id='word_1_318' title='bbox 1414 3380 1488 3423; x_wconf 89' lang='lat' dir='ltr'>con·</span> 
     </span>
     <span class='ocr_line' id='line_1_35' title="bbox 163 3444 1487 3530; baseline 0 -18"><span class='ocrx_word' id='word_1_319' title='bbox 163 3447 261 3524; x_wconf 89' lang='lat' dir='ltr'>sistit,</span> <span class='ocrx_word' id='word_1_320' title='bbox 285 3451 332 3523; x_wconf 91' lang='lat' dir='ltr'>ut,</span> <span class='ocrx_word' id='word_1_321' title='bbox 357 3446 412 3528; x_wconf 89' lang='lat' dir='ltr'>qui</span> <span class='ocrx_word' id='word_1_322' title='bbox 435 3449 570 3530; x_wconf 89' lang='lat' dir='ltr'>propter</span> <span class='ocrx_word' id='word_1_323' title='bbox 592 3445 756 3511; x_wconf 84' lang='lat' dir='ltr'>defectum</span> <span class='ocrx_word' id='word_1_324' title='bbox 780 3444 1003 3528; x_wconf 91' lang='lat' dir='ltr'>dispositionis</span> <span class='ocrx_word' id='word_1_325' title='bbox 1019 3451 1260 3512; x_wconf 88' lang='lat' dir='ltr'>sacramentum</span> <span class='ocrx_word' id='word_1_326' title='bbox 1286 3446 1395 3512; x_wconf 88' lang='lat' dir='ltr'>valide</span> <span class='ocrx_word' id='word_1_327' title='bbox 1420 3447 1487 3529; x_wconf 89' lang='lat' dir='ltr'>qui·</span> 
     </span>
     <span class='ocr_line' id='line_1_36' title="bbox 163 3534 1487 3620; baseline 0 -19"><span class='ocrx_word' id='word_1_328' title='bbox 163 3536 237 3601; x_wconf 90' lang='lat' dir='ltr'>dem</span> <span class='ocrx_word' id='word_1_329' title='bbox 261 3536 318 3601; x_wconf 88' lang='lat' dir='ltr'>sed</span> <span class='ocrx_word' id='word_1_330' title='bbox 343 3536 413 3600; x_wconf 89' lang='lat' dir='ltr'>sine</span> <span class='ocrx_word' id='word_1_331' title='bbox 436 3535 547 3600; x_wconf 84' lang='lat' dir='ltr'>fructu</span> <span class='ocrx_word' id='word_1_332' title='bbox 571 3535 700 3616; x_wconf 85' lang='lat' dir='ltr'>gratiae</span> <span class='ocrx_word' id='word_1_333' title='bbox 724 3534 884 3617; x_wconf 88' lang='lat' dir='ltr'>suscepit,</span> <span class='ocrx_word' id='word_1_334' title='bbox 914 3539 1047 3618; x_wconf 90' lang='lat' dir='ltr'>postea,</span> <span class='ocrx_word' id='word_1_335' title='bbox 1072 3556 1145 3599; x_wconf 91' lang='lat' dir='ltr'>cum</span> <span class='ocrx_word' id='word_1_336' title='bbox 1170 3534 1332 3601; x_wconf 83' lang='lat' dir='ltr'>defectum</span> <span class='ocrx_word' id='word_1_337' title='bbox 1357 3538 1487 3620; x_wconf 90' lang='lat' dir='ltr'>supple·</span> 
     </span>
     <span class='ocr_line' id='line_1_37' title="bbox 162 3623 1486 3709; baseline 0.001 -19"><span class='ocrx_word' id='word_1_338' title='bbox 162 3625 258 3703; x_wconf 89' lang='lat' dir='ltr'>ven&#39;t,</span> <span class='ocrx_word' id='word_1_339' title='bbox 282 3626 414 3709; x_wconf 90' lang='lat' dir='ltr'>plenum</span> <span class='ocrx_word' id='word_1_340' title='bbox 438 3623 634 3690; x_wconf 91' lang='lat' dir='ltr'>sacramenti</span> <span class='ocrx_word' id='word_1_341' title='bbox 658 3623 801 3690; x_wconf 85' lang='lat' dir='ltr'>fructum</span> <span class='ocrx_word' id='word_1_342' title='bbox 825 3623 973 3708; x_wconf 89' lang='lat' dir='ltr'>recipiat.</span> <span class='ocrx_word' id='word_1_343' title='bbox 1005 3623 1095 3700; x_wconf 90' lang='lat' dir='ltr'>Quod</span> <span class='ocrx_word' id='word_1_344' title='bbox 1119 3625 1227 3689; x_wconf 90' lang='lat' dir='ltr'>locum</span> <span class='ocrx_word' id='word_1_345' title='bbox 1251 3624 1434 3691; x_wconf 89' lang='lat' dir='ltr'>nonhabet</span> <span class='ocrx_word' id='word_1_346' title='bbox 1456 3626 1486 3690; x_wconf 92' lang='lat' dir='ltr'>in</span> 
     </span>
     <span class='ocr_line' id='line_1_38' title="bbox 162 3712 1486 3798; baseline -0.001 -18"><span class='ocrx_word' id='word_1_347' title='bbox 162 3737 206 3781; x_wconf 82' lang='lat' dir='ltr'>ss,</span> <span class='ocrx_word' id='word_1_348' title='bbox 230 3713 445 3790; x_wconf 85' lang='lat' dir='ltr'>eucharistia;</span> <span class='ocrx_word' id='word_1_349' title='bbox 476 3712 622 3798; x_wconf 89' lang='lat' dir='ltr'>possitne</span> <span class='ocrx_word' id='word_1_350' title='bbox 646 3713 836 3795; x_wconf 84' lang='lat' dir='ltr'>contingere</span> <span class='ocrx_word' id='word_1_351' title='bbox 859 3712 893 3776; x_wconf 91' lang='lat' dir='ltr'>in</span> <span class='ocrx_word' id='word_1_352' title='bbox 916 3717 1123 3778; x_wconf 89' lang='lat' dir='ltr'>sacramento</span> <span class='ocrx_word' id='word_1_353' title='bbox 1146 3712 1368 3796; x_wconf 87' lang='lat' dir='ltr'>paenitentiae</span> <span class='ocrx_word' id='word_1_354' title='bbox 1392 3714 1486 3779; x_wconf 88' lang='lat' dir='ltr'>valde</span> 
     </span>
     <span class='ocr_line' id='line_1_39' title="bbox 163 3800 1483 3884; baseline -0.002 -15"><span class='ocrx_word' id='word_1_355' title='bbox 163 3803 296 3869; x_wconf 91' lang='lat' dir='ltr'>dubium</span> <span class='ocrx_word' id='word_1_356' title='bbox 319 3807 380 3869; x_wconf 83' lang='lat' dir='ltr'>esi.</span> <span class='ocrx_word' id='word_1_357' title='bbox 425 3802 542 3884; x_wconf 88' lang='lat' dir='ltr'>Neque</span> <span class='ocrx_word' id='word_1_358' title='bbox 565 3801 598 3866; x_wconf 92' lang='lat' dir='ltr'>in</span> <span class='ocrx_word' id='word_1_359' title='bbox 621 3801 672 3867; x_wconf 90' lang='lat' dir='ltr'>his</span> <span class='ocrx_word' id='word_1_360' title='bbox 696 3800 913 3867; x_wconf 88' lang='lat' dir='ltr'>sacramentis</span> <span class='ocrx_word' id='word_1_361' title='bbox 937 3802 968 3866; x_wconf 93' lang='lat' dir='ltr'>id</span> <span class='ocrx_word' id='word_1_362' title='bbox 993 3803 1130 3868; x_wconf 87' lang='lat' dir='ltr'>multum</span> <span class='ocrx_word' id='word_1_363' title='bbox 1155 3802 1272 3876; x_wconf 79' lang='lat' dir='ltr'>refert3</span> <span class='ocrx_word' id='word_1_364' title='bbox 1304 3824 1377 3868; x_wconf 89' lang='lat' dir='ltr'>cum</span> <span class='ocrx_word' id='word_1_365' title='bbox 1403 3804 1483 3868; x_wconf 89' lang='lat' dir='ltr'>enim</span> 
     </span>
     <span class='ocr_line' id='line_1_40' title="bbox 161 3890 1485 3977; baseline -0.001 -19"><span class='ocrx_word' id='word_1_366' title='bbox 161 3915 221 3977; x_wconf 93' lang='lat' dir='ltr'>pro</span> <span class='ocrx_word' id='word_1_367' title='bbox 246 3892 380 3959; x_wconf 86' lang='lat' dir='ltr'>arbitrio</span> <span class='ocrx_word' id='word_1_368' title='bbox 404 3891 526 3975; x_wconf 89' lang='lat' dir='ltr'>suscipi</span> <span class='ocrx_word' id='word_1_369' title='bbox 549 3891 680 3974; x_wconf 89' lang='lat' dir='ltr'>saepius</span> <span class='ocrx_word' id='word_1_370' title='bbox 702 3890 845 3975; x_wconf 89' lang='lat' dir='ltr'>possint,</span> <span class='ocrx_word' id='word_1_371' title='bbox 879 3890 1032 3956; x_wconf 89' lang='lat' dir='ltr'>damnum</span> <span class='ocrx_word' id='word_1_372' title='bbox 1064 3912 1106 3956; x_wconf 89' lang='lat' dir='ltr'>ex</span> <span class='ocrx_word' id='word_1_373' title='bbox 1129 3891 1332 3957; x_wconf 87' lang='lat' dir='ltr'>infructuosa</span> <span class='ocrx_word' id='word_1_374' title='bbox 1356 3914 1485 3976; x_wconf 85' lang='lat' dir='ltr'>suscep</span> 
     </span>
     <span class='ocr_line' id='line_1_41' title="bbox 162 3979 1485 4064; baseline -0.001 -17"><span class='ocrx_word' id='word_1_375' title='bbox 162 3982 252 4048; x_wconf 89' lang='lat' dir='ltr'>tione</span> <span class='ocrx_word' id='word_1_376' title='bbox 276 3986 385 4047; x_wconf 91' lang='lat' dir='ltr'>ortum</span> <span class='ocrx_word' id='word_1_377' title='bbox 408 3980 505 4046; x_wconf 84' lang='lat' dir='ltr'>facile</span> <span class='ocrx_word' id='word_1_378' title='bbox 528 3985 713 4064; x_wconf 89' lang='lat' dir='ltr'>reparatur.</span> <span class='ocrx_word' id='word_1_379' title='bbox 760 3980 799 4045; x_wconf 91' lang='lat' dir='ltr'>ln</span> <span class='ocrx_word' id='word_1_380' title='bbox 821 3979 896 4045; x_wconf 90' lang='lat' dir='ltr'>aliis</span> <span class='ocrx_word' id='word_1_381' title='bbox 920 3985 1032 4046; x_wconf 90' lang='lat' dir='ltr'>autern</span> <span class='ocrx_word' id='word_1_382' title='bbox 1055 3980 1287 4058; x_wconf 86' lang='lat' dir='ltr'>sacramentis,</span> <span class='ocrx_word' id='word_1_383' title='bbox 1323 4002 1408 4063; x_wconf 90' lang='lat' dir='ltr'>quae</span> <span class='ocrx_word' id='word_1_384' title='bbox 1432 3985 1485 4047; x_wconf 87' lang='lat' dir='ltr'>aut</span> 
     </span>
     <span class='ocr_line' id='line_1_42' title="bbox 162 4068 1484 4155; baseline -0.001 -19"><span class='ocrx_word' id='word_1_385' title='bbox 162 4090 329 4153; x_wconf 88' lang='lat' dir='ltr'>nunquam</span> <span class='ocrx_word' id='word_1_386' title='bbox 362 4074 500 4155; x_wconf 88' lang='lat' dir='ltr'>possunt</span> <span class='ocrx_word' id='word_1_387' title='bbox 529 4070 674 4135; x_wconf 90' lang='lat' dir='ltr'>secunda</span> <span class='ocrx_word' id='word_1_388' title='bbox 708 4069 779 4135; x_wconf 90' lang='lat' dir='ltr'>vice</span> <span class='ocrx_word' id='word_1_389' title='bbox 809 4068 909 4152; x_wconf 87' lang='lat' dir='ltr'>recipi</span> <span class='ocrx_word' id='word_1_390' title='bbox 943 4075 1001 4135; x_wconf 92' lang='lat' dir='ltr'>aut</span> <span class='ocrx_word' id='word_1_391' title='bbox 1031 4069 1136 4152; x_wconf 90' lang='lat' dir='ltr'>repeti</span> <span class='ocrx_word' id='word_1_392' title='bbox 1166 4070 1199 4134; x_wconf 91' lang='lat' dir='ltr'>in</span> <span class='ocrx_word' id='word_1_393' title='bbox 1229 4070 1328 4136; x_wconf 89' lang='lat' dir='ltr'>certis</span> <span class='ocrx_word' id='word_1_394' title='bbox 1358 4075 1484 4137; x_wconf 89' lang='lat' dir='ltr'>tantum</span> 
     </span>
     <span class='ocr_line' id='line_1_43' title="bbox 162 4157 1485 4246; baseline -0.002 -20"><span class='ocrx_word' id='word_1_395' title='bbox 162 4165 300 4246; x_wconf 90' lang='lat' dir='ltr'>possunt</span> <span class='ocrx_word' id='word_1_396' title='bbox 330 4158 508 4236; x_wconf 90' lang='lat' dir='ltr'>adiunctis,</span> <span class='ocrx_word' id='word_1_397' title='bbox 539 4158 770 4225; x_wconf 80' lang='lat' dir='ltr'>reviviscentis</span> <span class='ocrx_word' id='word_1_398' title='bbox 800 4157 910 4240; x_wconf 85' lang='lat' dir='ltr'>magni</span> <span class='ocrx_word' id='word_1_399' title='bbox 935 4163 986 4224; x_wconf 85' lang='lat' dir='ltr'>est</span> <span class='ocrx_word' id='word_1_400' title='bbox 1016 4157 1188 4232; x_wconf 83' lang='lat' dir='ltr'>momenti,</span> <span class='ocrx_word' id='word_1_401' title='bbox 1219 4181 1260 4225; x_wconf 92' lang='lat' dir='ltr'>ne</span> <span class='ocrx_word' id='word_1_402' title='bbox 1283 4159 1439 4225; x_wconf 87' lang='lat' dir='ltr'>videlicet</span> <span class='ocrx_word' id='word_1_403' title='bbox 1461 4160 1485 4225; x_wconf 89' lang='lat' dir='ltr'>is</span> 
     </span>
     <span class='ocr_line' id='line_1_44' title="bbox 162 4247 1485 4332; baseline 0 -17"><span class='ocrx_word' id='word_1_404' title='bbox 162 4251 217 4332; x_wconf 87' lang='lat' dir='ltr'>qui</span> <span class='ocrx_word' id='word_1_405' title='bbox 247 4249 348 4315; x_wconf 89' lang='lat' dir='ltr'>semel</span> <span class='ocrx_word' id='word_1_406' title='bbox 379 4248 449 4313; x_wconf 90' lang='lat' dir='ltr'>sine</span> <span class='ocrx_word' id='word_1_407' title='bbox 471 4248 582 4313; x_wconf 90' lang='lat' dir='ltr'>fructu</span> <span class='ocrx_word' id='word_1_408' title='bbox 612 4253 852 4314; x_wconf 85' lang='lat' dir='ltr'>sacramentum</span> <span class='ocrx_word' id='word_1_409' title='bbox 881 4247 1005 4331; x_wconf 89' lang='lat' dir='ltr'>recepit</span> <span class='ocrx_word' id='word_1_410' title='bbox 1035 4248 1185 4331; x_wconf 83' lang='lat' dir='ltr'>privatus</span> <span class='ocrx_word' id='word_1_411' title='bbox 1214 4254 1348 4315; x_wconf 89' lang='lat' dir='ltr'>maneat</span> <span class='ocrx_word' id='word_1_412' title='bbox 1377 4271 1485 4315; x_wconf 89' lang='lat' dir='ltr'>sacra·</span> 
     </span>
     <span class='ocr_line' id='line_1_45' title="bbox 163 4337 441 4421; baseline -0.004 -18"><span class='ocrx_word' id='word_1_413' title='bbox 163 4339 299 4405; x_wconf 91' lang='lat' dir='ltr'>mentali</span> <span class='ocrx_word' id='word_1_414' title='bbox 322 4337 441 4421; x_wconf 86' lang='lat' dir='ltr'>gratia.</span> 
     </span>
    </p>

    <p class='ocr_par' dir='ltr' id='par_1_11' title="bbox 162 4434 1487 4698">
     <span class='ocr_line' id='line_1_46' title="bbox 252 4434 1486 4519; baseline 0.002 -19"><span class='ocrx_word' id='word_1_415' title='bbox 252 4437 291 4504; x_wconf 91' lang='lat' dir='ltr'>R.</span> <span class='ocrx_word' id='word_1_416' title='bbox 316 4439 345 4501; x_wconf 88' lang='lat'>2.</span> <span class='ocrx_word' id='word_1_417' title='bbox 380 4434 578 4519; x_wconf 90' lang='lat' dir='ltr'>Praeprimis</span> <span class='ocrx_word' id='word_1_418' title='bbox 610 4434 727 4499; x_wconf 89' lang='lat' dir='ltr'>summi</span> <span class='ocrx_word' id='word_1_419' title='bbox 760 4434 916 4500; x_wconf 68' lang='lat' dir='ltr'>momenti</span> <span class='ocrx_word' id='word_1_420' title='bbox 949 4456 1022 4499; x_wconf 88' lang='lat' dir='ltr'>esse</span> <span class='ocrx_word' id='word_1_421' title='bbox 1053 4438 1164 4519; x_wconf 89' lang='lat' dir='ltr'>potest</span> <span class='ocrx_word' id='word_1_422' title='bbox 1193 4434 1426 4502; x_wconf 78' lang='lat' dir='ltr'>reviviscentis</span> <span class='ocrx_word' id='word_1_423' title='bbox 1457 4437 1486 4502; x_wconf 91' lang='lat' dir='ltr'>in</span> 
     </span>
     <span class='ocr_line' id='line_1_47' title="bbox 163 4523 1487 4610; baseline 0.002 -20"><span class='ocrx_word' id='word_1_424' title='bbox 163 4529 368 4592; x_wconf 90' lang='lat' dir='ltr'>sacramento</span> <span class='ocrx_word' id='word_1_425' title='bbox 393 4529 562 4590; x_wconf 89' lang='lat' dir='ltr'>extremae</span> <span class='ocrx_word' id='word_1_426' title='bbox 585 4523 761 4600; x_wconf 86' lang='lat' dir='ltr'>unctionis,</span> <span class='ocrx_word' id='word_1_427' title='bbox 786 4523 940 4589; x_wconf 89' lang='lat' dir='ltr'>videlicet</span> <span class='ocrx_word' id='word_1_428' title='bbox 963 4524 996 4588; x_wconf 92' lang='lat' dir='ltr'>in</span> <span class='ocrx_word' id='word_1_429' title='bbox 1020 4525 1060 4589; x_wconf 92' lang='lat' dir='ltr'>iis</span> <span class='ocrx_word' id='word_1_430' title='bbox 1084 4524 1337 4591; x_wconf 89' lang='lat' dir='ltr'>circumstantiis</span> <span class='ocrx_word' id='word_1_431' title='bbox 1360 4525 1393 4590; x_wconf 92' lang='lat' dir='ltr'>in</span> <span class='ocrx_word' id='word_1_432' title='bbox 1418 4527 1487 4610; x_wconf 92' lang='lat' dir='ltr'>qui·</span> 
     </span>
     <span class='ocr_line' id='line_1_48' title="bbox 162 4613 914 4698; baseline 0 -19"><span class='ocrx_word' id='word_1_433' title='bbox 162 4616 223 4680; x_wconf 93' lang='lat' dir='ltr'>bus</span> <span class='ocrx_word' id='word_1_434' title='bbox 246 4619 401 4698; x_wconf 86' lang='lat' dir='ltr'>aegrotus</span> <span class='ocrx_word' id='word_1_435' title='bbox 426 4619 476 4680; x_wconf 90' lang='lat' dir='ltr'>est</span> <span class='ocrx_word' id='word_1_436' title='bbox 500 4614 533 4678; x_wconf 92' lang='lat' dir='ltr'>in</span> <span class='ocrx_word' id='word_1_437' title='bbox 556 4636 683 4679; x_wconf 90' lang='lat' dir='ltr'>summa</span> <span class='ocrx_word' id='word_1_438' title='bbox 707 4613 914 4679; x_wconf 87' lang='lat' dir='ltr'>necessitate.</span> 
     </span>
    </p>
   </div>
   <div class='ocr_carea' id='block_1_11' title="bbox 0 0 1526 5174">
    <p class='ocr_par' dir='ltr' id='par_1_12' title="bbox 0 0 1526 5174">
     <span class='ocr_line' id='line_1_49' title="bbox 0 0 1526 5174; baseline 0 0"><span class='ocrx_word' id='word_1_439' title='bbox 0 0 1526 5174; x_wconf 95' lang='lat' dir='ltr'> </span> 
     </span>
    </p>
   </div>
  </div>
 </body>
</html>
