3044 5174
349 334 476 390 Minister
493 334 594 406 paenit.
613 365 648 373 -
667 333 766 404 agendi
784 333 854 388 ratic
872 350 935 388 cum
952 335 1091 390 recidivis,
1320 340 1385 405 347

47 523 233 589 sessionem
257 526 390 608 etpost
413 544 484 589 eam
509 545 545 589 se
569 523 768 602 contineant,
792 527 831 590 ut
853 523 1053 589 confessario
1080 524 1207 608 possint
1231 524 1386 590 exhibere

50 612 189 696 aliquod
219 612 457 679 emendationis
479 613 622 696 signum,
654 614 712 678 sed
735 613 889 678 continuo
913 616 948 679 et
969 633 1100 697 semper
1121 634 1196 678 sese
1219 614 1386 679 continere

52 703 87 769 in
111 701 222 768 animo
245 722 311 767 non
334 701 444 768 fuerit.
491 702 612 780 Quodsi
641 702 690 768 ita
713 723 749 767 re
772 701 845 786 ipsa
868 706 935 778 est,
967 706 1062 785 patet
1085 702 1227 768 defirnse
1251 702 1387 788 disposi-

52 791 178 858 tionem
201 791 432 868 necessariam,
456 811 561 873 neque
584 812 670 856 nunc
694 790 734 855 de
757 811 797 857 ea
820 795 988 856 constare:
1012 811 1118 873 neque
1133 812 1252 856 censeo
1274 791 1387 857 huius·

53 879 145 946 modi
168 879 316 945 homines
332 881 549 946 absolvendos
566 900 648 959 esee,
673 880 736 945 nisi
752 900 837 945 nunc
856 879 962 945 serius
977 883 1164 965 proponant
1187 886 1221 948 et
1244 879 1387 947 meliori·

53 969 115 1035 bus
139 969 292 1035 remediis
315 968 364 1035 nti
387 970 496 1054 parati
520 968 595 1036 sint.
647 970 703 1035 Tb.
728 992 768 1036 m.
793 969 871 1034 ibid.
896 971 971 1035 492.

146 1075 185 1144 R.
211 1077 241 1141 2.
289 1075 435 1160 Enipea
458 1075 597 1143 Conradi
628 1075 832 1160 experientia
861 1075 1082 1141 confessarius
1112 1096 1227 1141 ansam
1258 1097 1387 1141 sumere
1396 1084 1449 1141 610

53 1166 169 1249 potest
184 1167 254 1231 tum
271 1164 504 1230 exstimulandi
521 1165 591 1230 eius
607 1164 706 1230 animi
727 1168 797 1230 tum
813 1164 1016 1249 proponendi
1031 1163 1166 1230 remedii
1182 1164 1386 1232 efficacioris.

54 1254 206 1319 Eventus
236 1253 381 1320 ostendit
410 1252 662 1339 possibilitatem
691 1274 765 1318 cum
796 1253 907 1320 divina
936 1253 1046 1337 gratia
1075 1274 1135 1338 per
1166 1253 1388 1319 hebdomadas

52 1342 243 1409 abstinendi
266 1363 286 1410 a
309 1346 462 1426 peccato;
488 1343 574 1425 quod
596 1363 657 1427 per
678 1342 900 1409 hebdomadas
915 1343 1070 1427 possibile
1092 1346 1175 1421 erat,
1200 1342 1265 1409 erit
1282 1343 1388 1428 posei-
1425 1397 1427 1401 ,

54 1433 120 1498 bile
145 1432 248 1498 etiam
270 1437 396 1517 postea,
421 1431 448 1497 si
473 1432 568 1498 modo
591 1431 704 1497 fervor
727 1432 841 1497 orandi
864 1431 1151 1501 intentationibus
1174 1453 1216 1497 ne
1239 1436 1389 1516 tepeseat

53 1525 89 1588 et
113 1521 298 1587 voluntatis
321 1520 417 1604 vigor
440 1520 480 1586 de
507 1541 593 1586 novo
617 1521 791 1588 excitetur.
838 1521 1006 1605 Proponat
1034 1520 1136 1604 igitur
1166 1521 1388 1587 confessarius

55 1614 192 1695 praeter
214 1608 395 1677 cotidianas
418 1610 584 1676 orationes
606 1610 751 1675 maxime
774 1610 936 1676 fervidam
959 1610 996 1677 B.
1014 1610 1140 1677 Mariae
1156 1609 1303 1693 Virginis
1326 1611 1387 1675 im·

54 1698 243 1766 maculatae
264 1698 522 1778 invocationem,
548 1698 678 1782 quando
702 1699 845 1766 tentatio
868 1699 1042 1777 institerit,
1067 1699 1388 1782 frequentioremque

53 1809 225 1855 accessum
238 1788 280 1854 ad
292 1793 510 1866 sacramenta,
528 1809 591 1871 quo
603 1788 691 1853 vires
707 1788 894 1872 spirituales
906 1792 1134 1855 restaurentur
1146 1792 1180 1855 et
1192 1793 1386 1870 augeantur.

53 1877 179 1955 Quodsi
202 1881 339 1962 paratus
362 1877 407 1943 sit
429 1877 602 1962 paenitens
626 1877 756 1943 circiter
786 1877 923 1943 alternis
946 1877 1158 1943 hebdomadis
1181 1877 1248 1957 (vel
1272 1878 1388 1942 melius

54 1967 158 2034 eliam
190 1967 308 2050 quavis
337 1966 555 2050 hebdomada)
586 1966 628 2032 ad
658 1970 866 2033 sacramenta
896 1964 1027 2047 (saltem
1060 1967 1102 2032 ad
1134 1965 1387 2050 contessionem)

54 2055 224 2134 accedere,
248 2056 451 2123 absolvatur.
499 2055 532 2122 Si
556 2076 635 2120 vero
659 2060 818 2122 externae
841 2055 1108 2122 circumstantiae
1131 2054 1386 2137 frequentiorem

53 2166 226 2211 accessum
248 2145 291 2210 ad
314 2148 522 2211 sacramenta
545 2143 616 2210 fieri
638 2166 703 2210 non
726 2145 847 2223 sinant,
871 2145 989 2212 saltem
1006 2144 1123 2227 quavis
1138 2143 1310 2210 Dominica
1332 2165 1388 2210 su·

54 2237 128 2300 mat
150 2234 319 2300 conradus
342 2238 469 2300 certum
492 2239 639 2317 tempus,
671 2255 703 2301 v.
728 2255 760 2316 g.
791 2235 891 2300 horae
923 2234 1158 2316 quadrantem,
1188 2254 1253 2316 quo
1276 2254 1386 2301 coram

53 2323 213 2389 crucifixo
236 2323 323 2389 serio
346 2326 485 2389 renovet
507 2323 711 2407 propositum
733 2344 820 2388 nunc
842 2323 876 2388 in
900 2323 1104 2388 confessione
1122 2326 1316 2406 conceptum
1332 2323 1387 2389 vel

54 2418 139 2479 vota
168 2412 394 2496 baptismalia.
425 2433 485 2496 per
514 2411 634 2478 Christi
663 2411 849 2496 passionem
879 2413 1063 2495 meritoque
1092 2412 1218 2479 Beatae
1241 2411 1388 2495 Virginis

54 2502 290 2568 immaculatae
312 2501 547 2586 imploraturus
571 2502 688 2566 uberes
711 2501 846 2583 gratias.

147 2600 314 2666 Doceatur
336 2599 447 2678 etiam,
471 2602 519 2675 ut,
543 2598 571 2664 si
595 2603 711 2666 contra
726 2619 882 2684 praesens
898 2599 1100 2683 propositum
1125 2598 1300 2665 infeliciter
1315 2597 1388 2684 lap·

54 2711 114 2754 sus
138 2688 244 2754 denuo
268 2688 378 2765 fuerit,
403 2687 569 2755 utstatim
586 2689 697 2755 doleat
713 2688 910 2755 contritione
925 2692 1083 2769 quantum
1100 2688 1205 2772 possit
1228 2687 1386 2771 perfecta,

54 2783 91 2844 et
115 2782 274 2861 utquam
297 2777 437 2862 primum
468 2781 544 2861 post
573 2777 712 2861 primum
742 2778 906 2860 relapsum
935 2777 1051 2842 redeat
1074 2777 1115 2842 ad
1139 2776 1387 2844 confessionem.

146 2875 207 2952 Qui
230 2875 291 2941 hoc
313 2876 368 2940 vel
391 2875 488 2940 simili
512 2875 607 2940 modo
631 2876 750 2942 seriam
766 2875 971 2941 voluntatem
988 2875 1387 2952 ostendit,·absolvendus

53 2965 288 3049 potiusquam
312 2964 509 3031 differendus
532 2968 593 3032 est.

415 3159 641 3240 RELAPSUS
664 3173 711 3239 IN
735 3173 934 3239 Pacatus
958 3171 1026 3256 (II).

618 3338 730 3404 basus.
749 3345 826 3415 (177)

147 3480 296 3541 Candidus
318 3479 494 3558 compluries
516 3499 582 3538 cum
604 3479 713 3540 ancilla
726 3479 871 3557 peccavit.
900 3479 1032 3539 Monitus
1046 3483 1080 3538 ut
1094 3478 1232 3539 ancillam
1247 3478 1386 3553 dimittat,

54 3561 130 3621 dicit
149 3561 251 3621 statim
274 3580 305 3619 se
327 3581 387 3620 non
408 3580 505 3637 posse,
526 3566 589 3619 tum
611 3579 648 3618 ne
669 3560 733 3637 ipse
755 3580 788 3618 ee
810 3565 941 3636 exponat
961 3558 1173 3628 diffamationi,
1194 3565 1257 3618 tum
1278 3580 1315 3619 ne
1337 3579 1388 3618 an·

55 3643 126 3702 cilla
147 3640 178 3699 in
199 3642 330 3718 plateam
352 3640 502 3712 eiiciatur;
525 3639 672 3717 promittit
692 3660 725 3698 se
745 3639 825 3699 intra
846 3641 925 3698 2-3
947 3659 1065 3699 menses
1084 3639 1115 3699 id
1135 3639 1292 3699 facturum.
1322 3638 1388 3709 Qua

55 3721 253 3799 promissione
274 3722 359 3791 data,
392 3720 565 3780 absolvitur.
607 3721 717 3779 Verum
738 3725 843 3797 postea
865 3719 972 3778 timens
995 3719 1186 3779 difficultates
1208 3719 1387 3780 domesticas

55 3809 85 3862 et
108 3801 236 3861 ancillae
257 3802 395 3878 precibus
417 3806 559 3860 exoratus
581 3821 647 3860 eam
668 3801 777 3859 retinet
791 3800 955 3877 iterumque
975 3800 1094 3860 labitur.
1123 3800 1207 3870 Quod
1228 3820 1307 3859 nunc
1328 3800 1387 3858 iarn

55 3883 147 3942 tertia
168 3881 234 3941 vice
255 3882 297 3941 ita
319 3881 388 3957 egit.
430 3881 516 3940 Nunc
536 3887 623 3941 extra
644 3881 770 3958 patriam
792 3882 823 3939 in
844 3881 1084 3958 peregrinatione
1106 3880 1271 3940 confitetur.

56 3995 236 4066 Quasnrrua
259 3997 287 4052 1ο
307 4001 428 4054 rectene
450 3994 544 4071 egerit
564 3994 646 4073 prior
667 3995 877 4055 confessarius.

254 4096 284 4153 2ο
306 4090 373 4170 quid
395 4113 473 4152 nunc
495 4113 559 4152 cum
581 4092 712 4153 Candido
735 4094 888 4169 agendum.

658 4283 794 4351 Salutio.

147 4430 200 4495 An
224 4449 415 4504 aamercort
442 4431 480 4492 1¹²
509 4429 548 4493 R.
576 4430 604 4493 1.
651 4426 816 4492 Candidus
846 4446 888 4490 ex
920 4425 1109 4509 praesentia
1138 4423 1279 4489 ancillae
1309 4436 1448 4492 ver-611

55 4522 150 4585 satur
172 4519 206 4585 in
231 4518 401 4583 occasione
424 4517 573 4602 proxime
597 4516 747 4598 graviter
776 4515 950 4599 peccandi,
982 4536 1085 4596 eaque
1116 4514 1243 4579 occasio
1267 4518 1319 4580 est
1343 4535 1387 4579 ex

54 4613 151 4693 parte
175 4608 297 4686 libera,
320 4628 363 4672 ex
386 4610 482 4691 parte
506 4606 650 4673 fortasse
672 4604 871 4670 necessaria.
912 4604 1119 4683 Necessaria,
1143 4603 1313 4669 moraliter
1337 4602 1386 4669 lo·

55 4699 201 4781 quondo,
230 4719 291 4785 pro
321 4698 428 4782 aliquo
457 4704 608 4781 tempore,
639 4694 667 4759 si
691 4713 727 4759 re
751 4714 831 4759 vera
855 4691 1060 4759 condiciones
1089 4713 1149 4759 eae
1178 4697 1272 4771 sunt,
1304 4712 1387 4775 quas
