3044 5174
199 105 396 178 Impedimenta
413 104 578 160 matrimonii
597 104 764 160 dirimentis:
784 134 818 144 -
838 102 934 158 Cultus
953 103 1061 174 dispar,
1080 102 1311 172 consanguinitas.
1360 106 1422 170 551

92 281 228 366 gravis,
251 302 350 365 quarn
374 281 402 345 si
426 279 635 364 dispensatur
657 280 689 344 in
714 278 922 345 matrimonio
945 278 1187 363 baptizatorum
1209 282 1327 344 mistae
1352 302 1425 346 coa·

91 372 269 456 11111οηί1,
298 374 399 452 atque
429 370 543 434 eadam
574 367 671 435 etiam
704 368 830 446 cautio,
860 389 902 434 ne
931 367 982 434 ius
1012 367 1193 433 catholicae
1223 368 1425 435 educationis

93 461 201 545 prolis
225 459 398 543 quicquam
421 458 581 524 laedatur.
625 458 714 535 Quae
744 457 778 522 in
807 461 920 524 nostm
944 478 1039 536 casu,
1074 477 1145 522 cum
1178 462 1292 524 contra
1315 457 1425 541 priora

94 549 260 635 promissa
282 550 335 614 vir
357 569 429 614 eam
453 548 518 613 iarn
542 546 656 613 statim
676 547 860 613 convellere
883 550 1000 625 tentet,
1025 545 1082 611 vix
1106 545 1193 611 aeria
1216 547 1424 615 obtinebitur.

189 656 228 724 R.
254 657 284 724 4.
332 654 409 720 Νο1
446 675 531 736 nego
563 653 596 718 in
626 653 831 735 gravissimis
864 651 1118 719 circumstantiis
1148 652 1219 718 fieri
1251 653 1426 736 aliquando

95 766 206 831 posse,
230 749 268 810 ut
291 742 491 828 dispensatio
515 743 557 808 ad
580 743 756 808 ineundum
779 742 1021 809 matrimonium
1044 742 1250 818 concedatur,
1274 743 1426 808 cautione

96 858 118 902 1
133 834 207 900 viro
231 833 415 900 acatholico
438 853 504 898 non
527 832 616 909 data,
641 832 698 897 sed
722 831 813 898 faeta
836 832 923 897 seria
945 836 1074 897 tantum
1092 830 1305 916 promissione
1321 830 1426 916 partis

98 923 295 1001 catholicae,
319 921 391 988 fore
414 926 452 987 11
475 922 624 987 omuibus
648 920 765 1004 quibus
787 921 932 1004 potuerit
954 920 1079 986 viribus
1103 921 1284 999 adlaboret,
1310 925 1347 986 ut
1368 920 1426 985 filii

97 1034 213 1079 omnes
248 1017 282 1078 et
316 1009 477 1078 catholice
512 1010 721 1094 baptizentur
757 1014 793 1075 et
826 1009 987 1076 catholice
1021 1009 1209 1076 educentur.
1265 1010 1425 1075 Nimirum

96 1099 304 1186 stipulationi
337 1099 541 1166 acatholicae
572 1099 711 1164 filiorum
744 1098 947 1165 educationis
982 1101 1154 1166 consentire
1188 1098 1322 1182 impium
1357 1102 1424 1176 est;

97 1212 159 1276 pro
183 1210 303 1257 causae
326 1188 495 1272 gravitate
518 1187 644 1254 licitum
667 1208 740 1253 1111
763 1193 883 1272 potest,
904 1190 1046 1274 periculo
1070 1187 1148 1253 talis
1167 1188 1273 1253 tristis
1290 1193 1426 1254 eventus

97 1300 173 1346 sese
197 1299 372 1363 exponere,
396 1277 555 1362 imprimis
579 1281 715 1361 propter
738 1297 871 1343 causam
896 1277 1057 1360 publicam
1075 1277 1244 1343 ueletiam
1268 1277 1426 1359 gravissi·

98 1390 189 1435 mam
219 1368 385 1453 privatam
418 1365 474 1448 (cf.
508 1387 608 1451 supra
637 1389 668 1433 n.
695 1367 784 1450 908).
830 1366 954 1432 Verum
983 1366 1017 1430 in
1048 1387 1126 1431 casu
1157 1387 1276 1431 causae
1307 1386 1427 1448 graves

97 1457 250 1544 publicae
275 1462 310 1523 et
333 1476 520 1522 communes
536 1454 725 1522 nullatenus
739 1454 894 1521 videntur
909 1455 1036 1533 adesse,
1059 1475 1165 1538 usque
1180 1455 1312 1539 privata
1328 1474 1429 1520 causa

97 1546 306 1631 gravissima.
339 1545 507 1611 Eiusmodi
523 1566 623 1611 causa
639 1544 835 1626 gravissima
850 1545 981 1627 privata
996 1544 1029 1609 iu
1046 1544 1119 1609 aliis
1136 1544 1265 1626 quidem
1289 1543 1428 1609 circum·

98 1636 233 1704 stautiis
256 1634 438 1718 excogitari
462 1637 582 1719 potest.
558 1633 721 1699 tHaec
751 1633 1315 1717 1111111113,111111111111111
1340 1653 1428 1698 com·

98 1726 241 1811 perisset
226 1725 392 1791 tdemum
407 1728 485 1826 post
500 1744 613 1801 annea,
639 1744 710 1788 cum
728 1722 793 1787 iam
810 1723 920 1806 pluras
935 1722 1055 1788 liberos
1071 1743 1090 1788 a
1108 1723 1203 1788 Gallo
1219 1722 1428 1806 suscepisset,

98 1815 170 1881 sine
203 1835 263 1879 sua
296 1835 374 1879 cura
406 1813 438 1877 in
472 1812 593 1879 certius
625 1811 725 1878 etiam
757 1811 934 1895 periculum
959 1810 1178 1896 perversionis
1211 1811 1428 1877 coniciendos.

98 1903 176 1983 Sed,
201 1907 240 1969 ut
262 1923 362 1969 causa
386 1922 472 1967 nuuc
495 1900 636 1979 exsistit,
661 1901 723 1965 nisi
745 1900 798 1965 vir
820 1901 1000 1967 mutaverit
1024 1900 1203 1979 consilium,
1228 1898 1428 1984 dispensatio

98 2014 165 2059 non
189 1995 241 2058 est
263 1990 435 2077 speranda.

190 2117 243 2181 Au
268 2137 460 2193 ouassruuu
484 2118 522 2180 3¹n
545 2115 584 2181 R.
604 2117 633 2181 1.
679 2114 754 2179 Non
778 2114 883 2178 solum
908 2113 1151 2192 consulendum,
1176 2113 1235 2179 sed
1258 2113 1355 2196 plane
1377 2111 1458 2178 111-9

97 2205 298 2287 iungendum
323 2210 376 2271 111
398 2204 571 2280 Felicitati,
596 2224 638 2268 ne
661 2224 697 2269 se
720 2206 817 2286 gerat
839 2224 899 2287 pro
922 2224 1026 2268 uxore
1049 2223 1133 2267 neve
1156 2203 1319 2268 ullatenus
1342 2199 1429 2268 Galli

97 2294 226 2360 libidini
248 2299 303 2361 sat
288 2293 445 2373 tisiaciat,
420 2296 585 2377 tutpote
610 2314 694 2375 quae
717 2292 804 2358 illius
828 2313 912 2358 uxor
934 2313 998 2357 nou
1022 2292 1076 2359 sit.

190 2401 229 2468 R
255 2403 285 2468 2.
331 2400 411 2466 Inde
441 2398 590 2481 sequitur
620 2398 827 2465 Felicitattatem
857 2398 993 2476 debere,
1028 2399 1056 2464 si
1087 2399 1206 2553 possit,
1237 2420 1273 2464 se
1302 2397 1429 2463 ilicoa

99 2490 197 2557 Gallo
220 2511 390 2575 separare,
414 2492 514 2571 atque
537 2492 596 2572 pat
597 2509 710 2553 ernam
736 2489 866 2554 domum
885 2492 1052 2572 repetere,
1077 2488 1175 2554 etiam
1192 2473 1278 2564 ilico,
1302 2486 1330 2551 si
1353 2507 1428 2569 spes

99 2583 154 2646 eat
139 2579 331 2655 tvincendi,
355 2577 540 2644 iudicialem
563 2577 762 2644 matrimonii
787 2577 892 2642 ciuilis
915 2577 1111 2644 solutionem
1134 2578 1319 2678 postulans
1344 2596 1428 2657 quae

99 2690 178 2754 spes
200 2689 266 2733 non
283 2669 414 2735 videtur
437 2668 582 2743 exclusa,
608 2689 679 2732 cum
704 2666 811 2731 actrix
834 2667 1008 2748 insiguiter
1024 2667 1162 2750 decepta
1181 2665 1224 2731 sit
1241 2667 1282 2731 ab
1298 2664 1428 2730 homine

97 2758 221 2824 Iudaeo
237 2757 293 2841 qui
309 2779 344 2824 se
361 2756 574 2824 christianum
590 2756 696 2823 finxit.
732 2756 794 2837 (cf.
813 2757 889 2821 Cod.
908 2758 962 2821 cio.
982 2757 1087 2820 Germ.
1105 2754 1143 2836 ἐξ
1163 2756 1247 2819 1334
1264 2761 1298 2819 11
1317 2752 1427 2834 1568.)

189 2855 228 2921 R.
254 2857 285 2924 3.
324 2854 445 2931 Quodsi
476 2874 518 2918 ex
542 2873 607 2918 una
630 2857 726 2936 parte
751 2853 857 2918 civilis
880 2852 1000 2919 solutio
1024 2853 1221 2934 denegatur,
1250 2856 1350 2933 atque
1372 2851 1428 2916 lex

99 2944 143 3011 ad
160 2944 413 3011 cohabitandum
438 2945 545 3025 cogat,
571 2962 612 3007 ex
635 2942 742 3007 altera
757 2946 853 3026 parte
869 2942 984 3007 Gallus
999 2940 1160 3025 prioribus
1176 2940 1243 3006 suis
1259 2939 1428 3025 promissis

98 3037 191 3101 stare
220 3034 321 3101 nolit:
353 3033 524 3100 consilium
555 3030 746 3114 capiendum
777 3036 845 3108 111,
877 3036 914 3097 11
937 3030 1092 3097 Felicitas
1115 3030 1224 3112 fugiat
1253 3035 1354 3110 atque
1377 3029 1427 3094 iu-

97 3124 376 3206 vestigatiouibus
400 3122 486 3190 Galli
510 3119 721 3188 subducatur.
776 3144 780 3153 ·

564 3312 961 3381 CONSANGUINITAS.

675 3461 788 3530 Casus.
808 3469 884 3539 (275)

189 3603 307 3663 Samuel
335 3602 451 3661 iuvenis
479 3603 544 3662 vult
572 3603 740 3663 Susannam
771 3604 878 3663 ducere
908 3604 1036 3681 puellam
1066 3603 1123 3663 sibi
1154 3610 1328 3677 cognatam
1359 3620 1427 3659 uam

97 3688 186 3760 pater
207 3683 353 3743 Samuelis
375 3688 405 3742 11
425 3688 511 3760 pater
532 3684 688 3743 Susannae
710 3685 819 3743 fratres
840 3690 926 3757 sunt,
948 3691 1043 3744 mater
1065 3689 1161 3744 autem
1183 3684 1338 3742 Susannae
1360 3700 1427 3741 cou-

99 3762 221 3823 sobrina
243 3771 289 3823 est
309 3764 413 3822 matria
435 3764 589 3825 Samuelis.
617 3764 717 3824 Petita
739 3769 770 3823 et
791 3767 912 3824 obtenta
927 3770 976 3825 111
989 3764 1171 3842 dispensatio
1185 3763 1216 3821 in
1231 3763 1325 3838 gradu
1346 3764 1376 3820 2⁰
1398 3765 1428 3821 11

100 3842 138 3902 3¹⁰
159 3843 253 3902 mixto
237 3844 527 3920 ocousauguinitat
519 3864 615 3904 rs-
575 3844 788 3905 -Rocteuel

99 3955 278 4028 Quaamuun
300 3959 330 4017 1⁰
350 3979 426 4036 quae
447 3958 488 4019 sit
509 3959 754 4034 consanguinitas
775 3960 955 4019 matrimonii
977 3960 1124 4019 dirimens.

300 4058 330 4115 2ο
351 4057 420 4133 quid
441 4057 478 4116 ad
500 4077 600 4117 casum
623 4057 787 4118 dicendum.

697 4239 833 4307 Solutio.

189 4362 242 4427 Au
266 4383 457 4438 euassmuu
484 4364 520 4425 1¹¹¹
543 4362 582 4429 R.
610 4366 637 4430 1.
678 4362 951 4446 consanguinitas
977 4366 1028 4428 est
1052 4361 1231 4436 vinculum,
1266 4361 1350 4444 quod
1375 4366 1459 4428 11191

96 4453 186 4520 inter
210 4473 266 4517 eos
289 4451 344 4534 qui
368 4473 410 4517 ex
434 4451 548 4517 eodem
571 4452 729 4534 sanguine
753 4451 918 4536 procreati
934 4455 1021 4529 sunt,
1045 4472 1102 4517 seu
1120 4472 1162 4516 ax
1179 4451 1292 4515 eadem
1309 4450 1422 4534 stirpe,
