3044 5174
493 237 608 292 Fructus
627 240 655 291 et
672 237 819 309 applicatio
838 238 947 294 missae.
1327 243 1389 307 103

153 414 193 479 R.
219 416 250 478 3.
296 413 437 480 Ratione
461 417 684 501 applicationis
707 415 840 481 dieitur:
873 414 906 497 a)
931 414 1058 481 fructus
1087 419 1308 482 ministerialis
1330 435 1388 480 seu
1401 425 1450 480 183

59 505 211 587 specialis
234 522 329 584 quern
353 503 524 581 sacerdos,
555 509 653 587 prout
676 504 806 570 nomine
830 503 948 570 Christi
973 508 1007 570 et
1029 505 1196 570 Ecclesiae
1221 505 1313 593 agit,¹
1330 526 1388 589 pro

59 612 123 656 suo
147 591 285 657 arbitrio
309 591 469 677 applicat,
500 599 534 659 et
557 613 670 676 quem,
702 593 729 658 si
753 615 812 677 pro
836 592 998 677 stipendio
1022 593 1183 671 celebrat,
1217 594 1258 660 ad
1282 594 1389 659 inten-

61 680 187 746 tionem
212 680 281 745 eius
305 681 359 762 qui
383 680 579 764 stipendium
604 682 693 748 dedit
717 682 814 749 debet
838 682 1014 765 applicare.

154 770 189 850 b)
213 768 340 834 fructus
364 772 611 854 specialissimus
633 792 690 836 seu
709 774 892 856 personalis
924 772 979 853 qui
1003 792 1075 836 cum
1099 771 1280 837 ministerio
1304 773 1389 837 cele-

61 859 194 924 brantis
217 878 256 924 eo
272 857 342 941 ipso
358 859 548 925 coniunctus
564 864 731 943 astatque
753 881 812 944 pro
836 860 1033 926 celebrantis
1055 861 1179 926 maiore
1194 862 1247 926 vel
1264 861 1389 927 minore

62 947 229 1030 dignitate
253 952 288 1012 et
310 947 440 1013 fervore
464 948 524 1033 ipsi
549 949 727 1015 celebranti
751 949 945 1033 applicatur.

156 1036 187 1118 c)
210 1037 338 1101 fructus
358 1039 517 1121 pennulis
541 1037 595 1120 qui
618 1077 662 1086 -
685 1039 815 1103 diverso
840 1043 950 1104 tamen
974 1038 1079 1119 gradu
1104 1077 1148 1085 —
1171 1037 1334 1103 redundat
1357 1037 1389 1103 in

62 1124 326 1202 multitudinem
350 1124 476 1191 seilicet
492 1128 610 1193 ceteris
625 1127 760 1212 paribus
776 1148 815 1192 eo
831 1127 953 1193 maiore
969 1126 1074 1209 gradu
1099 1148 1162 1210 quo
1178 1126 1390 1211 propinquius

62 1214 108 1280 ad
131 1214 267 1280 missam
290 1218 488 1280 concurrunt
510 1216 564 1282 vel
587 1237 651 1299 quo
675 1215 849 1301 specialius
872 1237 931 1299 pro
954 1215 1020 1281 illis
1043 1221 1164 1284 oretur.

157 1321 196 1386 R.
221 1323 252 1388 4.
287 1320 425 1387 Ratione
448 1322 638 1389 meritorum
654 1325 689 1387 et
704 1322 966 1389 satisfactionum
983 1321 1113 1400 Christi,
1138 1322 1271 1404 quaein
1288 1321 1390 1388 sacri-
1400 1328 1452 1384 184

65 1410 141 1475 ficio
165 1409 285 1476 missae
308 1411 475 1494 cumipse
499 1411 627 1477 Christo
658 1415 693 1478 et
722 1411 755 1476 iu
779 1411 906 1477 Christo
930 1415 1104 1494 praesente
1133 1416 1326 1495 praesentes
1348 1411 1390 1477 si-

64 1501 217 1577 stuntur,
248 1499 343 1564 valor
364 1498 485 1566 missae
516 1504 568 1567 est
590 1502 735 1586 infinitus
764 1521 869 1583 neque
899 1499 1067 1583 augmenti
1091 1501 1145 1566 vel
1169 1499 1390 1567 diminutionis

64 1609 187 1672 capax.
224 1586 443 1654 Nihilominus
465 1590 641 1655 secundum
665 1593 791 1656 certam
812 1588 873 1656 Dei
897 1590 1002 1672 legem
1027 1589 1119 1655 finito
1141 1593 1270 1657 tautum
1294 1590 1390 1656 modo

65 1699 127 1761 per
150 1677 285 1743 missam
308 1677 428 1744 Christi
450 1678 569 1744 merita
592 1683 625 1745 et
648 1677 892 1745 satisfactiones
915 1678 1131 1762 applicantur.

158 1774 300 1840 Ratione
329 1774 499 1841 Ecclesiae
531 1776 622 1841 cuius
653 1776 782 1841 nomine
811 1775 913 1842 missa
943 1776 1012 1842 Deo
1042 1778 1179 1842 offertur
1208 1777 1391 1843 attenditur

66 1863 245 1948 praecipue
268 1863 395 1929 fructus
418 1864 665 1949 impetrationis.
706 1865 765 1942 Qui
790 1865 957 1947 augmenti
981 1867 1016 1930 et
1039 1864 1259 1931 diminutionis
1283 1886 1390 1949 capax

66 1959 137 2031 est,
171 1952 331 2037 imprimis
361 1957 523 2035 quotenus
546 1952 694 2020 Ecclesia
724 1953 864 2020 sumitur
893 1974 951 2037 pro
975 1953 1123 2019 Ecclesia
1146 1952 1308 2020 militante
1339 1954 1390 2020 cui

68 2043 201 2107 demum
223 2062 267 2108 ss.
290 2040 410 2107 missae
433 2043 626 2109 sacrificium
649 2046 701 2109 est
723 2042 943 2108 concreditum
960 2048 994 2110 et
1010 2063 1094 2125 quae
1112 2064 1171 2128 per
1186 2043 1390 2110 sacerdotem

66 2131 150 2196 illud
180 2131 250 2196 Deo
281 2132 386 2197 offert.
432 2130 519 2196 Nam
551 2130 738 2216 impetratio
768 2153 807 2198 eo
838 2131 942 2197 maior
971 2135 1070 2213 atque
1099 2131 1297 2198 fructuosior
1327 2136 1388 2211 est,

61 2242 131 2303 quo
155 2218 278 2285 maiore
301 2219 479 2303 dignitate,
503 2219 523 2288 i.
548 2242 576 2287 e.
601 2221 779 2287 sanctitate
803 2225 836 2287 et
858 2220 999 2299 fervore,
1024 2224 1100 2286 actu
1122 2222 1219 2288 floret
1241 2221 1390 2287 Ecclesia

58 2331 120 2375 seu
145 2329 258 2373 omnes
288 2309 400 2374 fideles
430 2308 526 2374 simul
557 2311 695 2394 sumpti:
726 2331 811 2392 quae
840 2309 1000 2375 sanctitas
1031 2331 1096 2375 non
1126 2311 1275 2376 omnibus
1304 2314 1388 2376 tem-

58 2398 197 2483 poribus
221 2398 335 2463 eadem
359 2402 421 2476 est,
445 2398 503 2464 sed
527 2399 622 2464 modo
646 2399 759 2478 maior,
784 2399 879 2464 modo
903 2399 1017 2464 minor.

152 2485 275 2552 Fateor
304 2491 415 2553 tamen
446 2487 555 2570 aliquo
585 2489 680 2553 modo
705 2489 737 2553 in
761 2487 992 2571 impet-ratione
1021 2486 1138 2572 respici
1169 2487 1270 2554 etiam
1292 2496 1389 2552 totam

60 2574 245 2641 Ecclesiam
269 2575 408 2658 ideoque
438 2576 538 2641 etiam
563 2577 833 2662 triumphantem,
864 2577 962 2642 immo
986 2581 1020 2643 et
1050 2575 1247 2661 patientem,
1281 2576 1389 2642 itaut

59 2665 166 2731 etiam
190 2664 317 2730 ratione
350 2686 461 2730 eorum
491 2687 627 2747 quorum
657 2666 776 2732 merita
799 2666 869 2731 Deo
899 2665 932 2731 in
965 2665 1064 2731 missa
1088 2669 1387 2751 repraesentantur,

61 2752 293 2837 multiplicatis
316 2754 595 2831 intercessoribus,
619 2755 749 2821 facilius
773 2754 900 2838 gratias
917 2755 1140 2838 impetremus.
1173 2756 1264 2821 Haeo
1287 2754 1389 2838 igitur

59 2841 235 2909 Ecclesiae
259 2843 418 2909 sanctitas
441 2865 506 2909 non
529 2843 695 2921 minuitur,
719 2843 777 2910 sed
801 2864 904 2926 usque
928 2844 970 2909 ad
993 2844 1143 2910 ultimum
1165 2843 1287 2909 iustum
1311 2864 1389 2910 oon·

58 2935 261 2998 summatum
285 2932 436 2997 continuo
460 2937 610 3015 augetur.
658 2933 782 2998 Verum
804 2933 886 2998 haec
909 2932 1018 2999 omnia
1041 2932 1235 2999 accidentali
1258 2937 1387 3000 tantum

58 3022 159 3087 modo
183 3021 216 3085 iu
239 3021 490 3105 applicationem
515 3021 679 3088 fructuum
703 3022 823 3088 missae
846 3022 996 3088 influunt.

152 3145 206 3210 Ar>
229 3165 420 3221 Qunnsrruu
445 3147 483 3209 2¹¹¹
500 3144 537 3212 R.
559 3150 586 3211 l.
618 3144 791 3210 Corinthus
814 3145 1005 3211 mandatum
1029 3143 1205 3227 superioris
1229 3143 1278 3208 sui
1302 3145 1387 3209 male
1398 3150 1449 3206 185

58 3238 240 3300 exsecutus
270 3238 330 3300 est.
384 3233 578 3317 Principalis
609 3238 643 3300 et
673 3233 859 3299 essentialis
889 3234 1019 3315 quidem
1050 3232 1176 3298 fructus
1208 3232 1294 3297 idem
1325 3237 1386 3310 est,

58 3325 133 3390 sive
158 3323 345 3390 celebratur
368 3323 468 3388 missa
491 3322 623 3406 privata
646 3322 716 3387 sive
733 3322 872 3407 publica,
898 3321 1063 3388 sollemnis
1079 3322 1132 3386 vel
1158 3325 1294 3387 cantata
1317 3322 1387 3388 sive

59 3413 160 3479 lecta.
192 3412 316 3478 Verum
331 3411 546 3478 accidentalis
562 3412 689 3478 fructus
712 3411 768 3494 qui
791 3433 833 3476 ex
856 3410 1044 3494 praeseutia
1059 3410 1170 3494 populi
1194 3415 1228 3475 et
1251 3431 1387 3477 numero

58 3501 309 3568 coolfereutium
334 3500 438 3566 oritur
461 3500 546 3565 idern
571 3522 635 3566 uon
659 3503 720 3578 est,
745 3500 822 3583 quia
838 3500 941 3565 maior
957 3499 1202 3583 cooperantium
1219 3503 1253 3564 et
1269 3501 1387 3566 coeffe-

59 3590 203 3657 rentium
227 3610 382 3655 numerus
405 3589 505 3655 etiam
529 3589 745 3673 copiosiorem
777 3589 967 3654 meritorum
991 3589 1111 3654 Christi
1136 3588 1387 3672 applicationem

58 3679 217 3746 facillime
240 3678 408 3763 impetrat.
440 3679 550 3761 Atque
566 3679 665 3744 etiam
686 3677 904 3744 caerimoniae
928 3684 962 3744 et
985 3676 1198 3743 ecclesiastici
1221 3677 1305 3744 ritus
1329 3699 1387 3762 pro

59 3768 163 3835 missa
196 3768 345 3834 sollemni
379 3767 522 3834 instituti
555 3772 631 3834 sunt
664 3768 770 3833 oratio
803 3766 963 3848 quaedam
991 3767 1176 3844 Ecclesiae,
1210 3787 1295 3849 quae
1318 3767 1387 3833 Deo

56 3861 199 3942 accepta
225 3861 277 3923 est
311 3877 448 3939 eumque
475 3857 516 3922 ad
544 3856 685 3922 maiores
715 3857 841 3940 gratias
872 3855 1079 3938 elargiendas
1110 3855 1228 3922 ceteris
1256 3856 1388 3940 paribus

58 3952 267 4117 moveitiaque
296 4038 377 4119 puto
400 4033 497 4119 plane
520 4033 605 4098 idem
629 4034 729 4099 fuisse
753 4033 1048 4117 comprecationem
1071 4033 1183 4117 populi
1206 4032 1387 4098 instituisse

58 4144 200 4209 vespere
223 4128 323 4206 atque
346 4123 379 4187 in
403 4127 534 4190 etcum
557 4124 666 4188 missa.
718 4123 805 4188 Nam
829 4123 900 4206 ipsa
923 4121 1034 4205 populi
1058 4122 1221 4205 precati0,
1247 4143 1330 4203 quae
1354 4122 1386 4186 in

56 4236 103 4280 ss.
127 4214 250 4279 missae
273 4212 432 4278 sacrificio
456 4212 573 4279 nititur
596 4217 695 4294 atque
719 4212 760 4278 ab
785 4233 823 4277 eo
847 4216 1055 4277 sustentatur
1079 4217 1113 4277 et
1136 4211 1301 4284 elevatur,
1328 4232 1386 4275 no-

57 4303 156 4370 bilior
178 4306 214 4369 et
237 4301 279 4367 ad
302 4301 542 4385 impetrandum
565 4301 731 4367 efficacior
754 4306 814 4378 est,
841 4322 938 4384 quam
963 4321 1046 4382 quae
1070 4301 1107 4366 fit
1129 4305 1225 4367 extra
1241 4299 1384 4365 missam.

149 4409 190 4476 R.
208 4411 238 4474 2.
263 4408 379 4489 Neque
402 4407 435 4472 in
459 4410 594 4473 serrendo
619 4428 696 4472 casu
713 4407 887 4473 Corinthus
907 4405 1079 4483 satisfecit,
1103 4405 1201 4469 immo
1226 4403 1385 4469 iustitiam

56 4499 175 4575 laesit,
208 4501 344 4582 propter
372 4496 516 4564 rationes
540 4496 663 4562 similes
692 4496 732 4560 iis
763 4517 844 4578 quas
875 4495 970 4559 modo
995 4494 1072 4559 dixi.
1120 4495 1163 4558 Et
1187 4513 1383 4573 quamquam

55 4590 110 4655 hic
134 4586 270 4670 cognati
293 4606 370 4651 suas
393 4605 507 4669 preces
531 4587 631 4653 etiarn
654 4585 687 4649 in
711 4589 841 4651 etcum
865 4584 964 4648 missa
994 4604 1053 4665 pro
1078 4583 1231 4647 defuncto
1256 4580 1385 4647 obtule·
