3044 5174
209 242 339 298 Ministm
357 243 571 299 confirmationis
589 246 677 315 quoad
697 246 818 302 valorem
838 251 866 302 et
883 247 1040 304 lieeitatsm.
1060 279 1093 288 -
1112 250 1227 306 Petrini.
1343 257 1385 321 63

51 424 270 490 dioecesanus
286 423 319 488 in
336 443 397 522 spa
419 421 559 488 dioecesi
582 424 636 489 vel
653 424 737 490 alius
755 448 792 490 ec
807 428 875 491 cius
891 428 1084 492 concessione
1099 430 1147 493 ccl
1162 431 1323 496 mundato.
1340 469 1384 479 —

52 515 89 580 ln
105 536 170 580 sua
185 511 327 578 dioecesi
342 533 422 577 vero
439 533 481 577 ex
498 513 732 580 consuetudine
748 517 942 581 confirmare
958 519 1069 599 potest
1087 518 1221 598 quosvis
1237 518 1385 585 advenas

52 610 85 671 et
109 603 315 688 peregrinos,
338 601 454 684 hisque
470 602 625 667 accedere
649 603 769 681 licebit,
794 603 855 668 nisi
875 604 1046 688 episcopua
1070 606 1220 688 proprius
1243 609 1384 691 positive

52 692 305 760 contradixerit.

144 801 185 868 R.
210 801 240 866 3.
287 797 438 863 Minister
461 798 743 864 extraordinarius
767 820 810 864 ex
833 799 1058 865 commissione
1082 803 1199 866 summi
1222 804 1385 887 pontificis

52 894 105 956 eat
129 888 269 973 quilibet
291 887 444 953 sacerdos
467 888 644 952 secundum
669 887 790 955 limites
813 909 892 954 suae
916 890 1162 957 commissionis.

143 997 184 1064 R.
209 999 241 1062 4.
288 995 433 1078 Simplex
464 994 565 1076 igitur
594 996 748 1060 sacerdos
778 996 834 1078 qui
864 1017 906 1061 ex
936 997 1161 1062 commissione
1191 998 1386 1067 facultatem

53 1084 269 1153 confirmandi
302 1085 403 1151 hahet
437 1105 502 1148 non
537 1084 641 1149 solum
675 1084 789 1151 illicite
823 1086 881 1151 sed
916 1086 1015 1151 etiam
1050 1087 1195 1153 invalide
1229 1089 1318 1171 agit,
1358 1089 1385 1154 si

52 1174 227 1243 facultatis
248 1194 329 1240 suae
351 1173 473 1238 limites
497 1173 636 1239 excedit.

143 1298 199 1364 An
223 1317 415 1373 cuansrrunr
439 1300 479 1361 2¹¹¹
501 1297 541 1363 R.
568 1300 597 1363 1.
632 1297 696 1362 Per
712 1318 748 1363 se
764 1297 893 1380 quidem
910 1299 970 1364 sub
993 1300 1090 1382 gravi
1108 1300 1268 1385 patrinus,
1291 1301 1445 1384 isquello

53 1411 139 1457 nnus
163 1391 311 1465 tantum,
342 1390 394 1452 est
425 1385 636 1452 adhibendus.
682 1385 842 1453 Attamen
872 1388 1001 1453 facilius
1031 1409 1129 1472 quam
1159 1390 1193 1455 in
1223 1390 1384 1474 baptismo

53 1478 163 1635 ‹fftti
187 1479 339 1631 pilimilio
355 1475 458 1554 Hinc,
488 1475 516 1540 si
540 1475 654 1541 haberi
676 1477 806 1558 nequit,
838 1479 1010 1561 scrupulus
1034 1500 1098 1544 non
1122 1485 1174 1546 est
1204 1479 1383 1547 faciendus.

106 1590 183 1636 .m.
242 1615 250 1644 ,
342 1616 349 1631 .

144 1674 185 1740 R.
215 1675 246 1738 2.
293 1672 342 1737 De
373 1675 482 1738 cetero
511 1671 545 1737 in
576 1671 705 1755 patrino
736 1672 991 1739 confirmationis
1021 1675 1135 1739 eadem
1164 1675 1383 1757 requiruntur,

54 1785 141 1849 quae
164 1764 199 1828 in
222 1761 352 1846 patrino
376 1760 549 1845 baptismi;
573 1761 671 1826 immo
696 1761 772 1826 addi
795 1761 893 1828 debet
915 1784 980 1828 non
1003 1784 1100 1846 posse
1124 1785 1196 1829 esse
1219 1765 1384 1848 patrinum

54 1851 315 1921 confirmationis
337 1850 399 1916 nisi
423 1853 660 1917 confirmatum.

145 1939 324 2008 Instructio
347 1939 489 2006 Ritualis
512 1939 651 2006 Romani
674 1939 714 2004 de
738 1939 985 2005 confirmatione
1007 1940 1088 2006 haec
1112 1940 1228 2008 hahet:

150 2030 372 2112 ,Quamquam
403 2029 444 2094 ds
473 2029 671 2096 necessitate
700 2027 796 2094 huius
825 2029 1024 2096 sacramenti
1053 2030 1185 2095 nonsit
1215 2034 1252 2096 ut
1281 2030 1315 2095 in
1346 2053 1384 2097 eo

54 2120 243 2206 recipiendo
280 2117 431 2203 patrinus
469 2118 523 2183 vol
560 2117 703 2185 matrina
742 2117 951 2196 adhibeatur,
990 2118 1024 2183 id
1061 2123 1172 2185 tamen
1212 2119 1385 2186 laudabilis

55 2209 226 2277 Ecclesiae
242 2207 442 2274 consuetudo
465 2206 583 2273 suadet
605 2208 755 2288 sacrique
772 2228 913 2273 canones
935 2208 1172 2292 praescribunt.
1188 2248 1234 2257 —
1248 2209 1300 2274 Ab
1324 2209 1384 2276 hoc

56 2322 137 2367 vero
160 2318 295 2365 munere
318 2297 537 2364 excluduntur
558 2302 629 2364 tum
652 2296 794 2362 minores
818 2297 912 2362 annis
935 2298 1211 2379 quattuordecim,
1235 2302 1305 2363 tum
1330 2301 1384 2382 qui

55 2392 302 2455 sacramentum
313 2385 569 2452 confirmationis
584 2386 726 2451 nondum
738 2390 942 2470 receperunt.
967 2387 1089 2453 Verum
1106 2387 1183 2469 quia
1195 2388 1384 2469 contingere

55 2483 168 2562 potest
202 2481 240 2543 ut
276 2477 309 2541 in
344 2475 425 2540 locis
458 2475 648 2541 missionum
682 2475 790 2540 nullus
825 2476 912 2542 adsit
950 2477 1004 2559 qui
1039 2480 1137 2542 antea
1172 2479 1384 2544 confirmatus

56 2567 173 2644 fuerit,
205 2564 409 2650 permittitur
435 2563 470 2629 in
499 2565 561 2630 hoc
585 2586 663 2630 casu
693 2569 729 2630 ut
759 2564 858 2647 aliqui
888 2565 958 2631 sine
987 2565 1118 2649 patrino
1142 2568 1383 2646 confirmentur,

55 2658 109 2742 qui
134 2659 253 2742 postea
274 2653 397 2740 patrini
420 2658 603 2721 ceterorum
627 2674 700 2719 esse
723 2656 907 2737 poterunt.“

145 2787 201 2853 An
230 2807 422 2863 cnsnsrrurr
453 2788 492 2852 3¹²¹
522 2785 561 2852 R.
595 2789 623 2852 1.
677 2786 835 2851 Advenae
867 2789 902 2851 et
933 2786 1096 2869 peregrini
1126 2788 1280 2853 videntur
1311 2793 1441 2855 tutelll

56 2878 204 2964 potuisse
226 2876 368 2954 admitti,
392 2898 465 2942 cum
488 2875 714 2960 prohibitionis
737 2876 787 2940 sui
807 2875 960 2959 episcopi,
984 2876 1012 2941 si
1036 2875 1203 2944 exst'terit
1225 2916 1269 2925 —
1293 2877 1383 2942 ouius

57 2966 249 3050 ceteroquin
272 2966 363 3031 nulla
392 2967 430 3032 fit
452 2964 575 3031 mentio
598 3001 641 3009 -—
666 2965 785 3030 conscii
815 2965 877 3029 sihi
901 2969 989 3030 certe
1013 2987 1077 3030 non
1100 2966 1231 3032 fuerint.
1279 2966 1385 3043 Quare

56 3056 220 3142 parochus
243 3055 390 3121 severius
413 3054 482 3137 egit
504 3076 561 3120 eos
584 3055 756 3138 repellens.

146 3163 187 3231 R.
205 3165 236 3228 2.
265 3161 457 3229 Praefectus
473 3161 672 3245 apostolicus
688 3161 848 3244 inspicere
864 3162 961 3244 plane
977 3160 1089 3226 debuit
1104 3184 1182 3228 suas
1197 3163 1384 3230 facultates.

58 3251 250 3323 Generatim
282 3250 368 3317 enim
400 3250 589 3316 sacerdotes
621 3271 685 3315 non
717 3250 880 3334 recipiunt
915 3250 1107 3317 facultatem
1140 3252 1202 3316 nisi
1234 3273 1292 3336 pro
1326 3274 1384 3318 suo

57 3341 237 3410 territorio.
291 3341 376 3405 Hinc
407 3340 587 3406 timendum
617 3344 670 3405 est
701 3360 742 3404 ne
772 3338 922 3405 invalide.
945 3340 1067 3422 egerit,
1100 3342 1216 3407 saltem
1248 3363 1320 3406 cum
1351 3342 1384 3406 iu

58 3434 166 3499 aliena
182 3429 393 3514 praefectura
406 3468 450 3478 —
467 3429 528 3496 etsi
553 3451 626 3494 cum
643 3449 801 3494 consensu
820 3428 890 3494 eius
913 3430 1089 3512 superioris
1105 3468 1148 3475 —
1166 3430 1385 3497 confirmatio·

59 3544 131 3588 nem
168 3520 250 3586 dare
280 3519 509 3603 praesumpsit.
562 3518 650 3583 Num
682 3519 715 3583 in
747 3540 808 3583 scca
842 3519 1052 3601 praefectura
1084 3519 1207 3586 alienos
1239 3520 1385 3586 advenas

60 3612 254 3677 confirmare
288 3608 433 3692 potnerit
466 3629 509 3673 ex
543 3608 761 3675 instrumento
794 3607 921 3691 pariter
955 3613 1069 3691 patere
1105 3608 1217 3675 debet:
1253 3609 1285 3674 in
1321 3632 1384 3691 quo

61 3701 120 3767 nisi
151 3698 297 3765 facultas
320 3698 409 3763 clare
431 3697 585 3763 restricta
608 3697 668 3775 sit,
702 3697 735 3761 in
765 3698 826 3763 hoc
850 3719 928 3762 casu
952 3696 1060 3762 valide
1085 3701 1118 3762 et
1148 3703 1386 3780 consequenter

59 3791 147 3857 licite
170 3787 241 3871 egit
252 3789 274 3854 ¹.

10 4018 24 4055 q
152 3985 160 4016 ¹
187 3982 218 4034 ln
244 3982 333 4034 elisseo
357 3978 493 4033 territorio
518 3981 717 4031 sacramentnm
744 3976 956 4031 confirmationis
981 3978 1046 4031 darc
1072 3983 1186 4047 possunt
1210 3997 1276 4033 sane
1302 3979 1320 4033 ii
1339 3981 1385 4049 qui

10 4052 15 4057 ’
62 4053 211 4125 episcopali
239 4052 396 4106 charactere
424 4048 547 4116 insigniti
573 4053 638 4101 sunt
666 4066 700 4101 ex
719 4047 829 4100 licentia
849 4048 966 4117 episcopi
986 4050 1114 4103 ordinarii
1133 4051 1194 4103 loci.
1232 4053 1331 4104 Verum
1353 4054 1385 4105 iis

63 4128 114 4194 qni,
135 4124 286 4195 episcopali
305 4122 463 4177 charactere
482 4139 535 4174 non
555 4119 685 4187 insigniti,
706 4137 738 4172 ex
759 4119 903 4188 privilegio
923 4119 963 4171 8¹³
977 4120 1053 4172 Sedis
1073 4123 1248 4175 confirmandi
1268 4126 1385 4191 potesta·

10 4169 22 4281 l
62 4202 115 4251 tem
135 4199 315 4265 acceperunt,
343 4198 374 4248 ut
392 4197 471 4248 extra
490 4210 568 4246 suum
588 4192 740 4245 districtum
761 4191 843 4244 etiam
870 4209 903 4244 ex
923 4208 1055 4245 consensu
1083 4193 1201 4263 episcopi
1221 4193 1272 4247 loci
1292 4194 1385 4246 confir-

10 4294 17 4359 ι
63 4287 135 4324 mare
155 4269 263 4338 possint
280 4283 333 4320 non
352 4265 422 4319 solet
440 4265 559 4319 concedi.
590 4264 633 4317 lta
652 4262 742 4316 abbati
762 4265 873 4331 nudius,
893 4264 937 4332 qui
958 4280 1036 4317 usum
1056 4265 1249 4333 pontificalium
1269 4264 1387 4317 habebat

10 4370 14 4381 =
63 4346 144 4410 atque
172 4337 385 4393 confirmationis
403 4337 460 4390 suia
485 4336 602 4391 subditis
628 4335 806 4388 conferendae
833 4339 967 4403 potestate
993 4335 1107 4389 donatus
1126 4340 1199 4399 erat,
1229 4352 1385 4389 concessum

10 4432 13 4439 ·
63 4412 170 4481 quidem
191 4413 284 4465 estut
303 4409 384 4462 etiam
403 4409 523 4462 advenas
543 4408 570 4460 in
589 4425 638 4460 sno
657 4407 792 4460 territorio
812 4406 984 4466 exsistentes,
1004 4411 1034 4460 nt
1056 4408 1220 4460 consuetudo
1240 4413 1305 4462 erat.
1326 4424 1385 4460 con-

10 4502 17 4535 ι
63 4485 171 4540 firmare
210 4487 285 4537 osset
306 4481 389 4548 (decr.
409 4482 436 4534 S.
459 4482 487 4533 C.
507 4481 576 4546 Epp.
596 4487 619 4531 ct
637 4480 700 4545 ch.
721 4478 745 4531 d.
765 4478 799 4531 30
819 4478 911 4530 Martii
933 4477 1030 4543 1855):
1052 4479 1253 4542 ,Affirmalive,
1274 4479 1306 4530 de
1325 4496 1385 4531 cou-

10 4560 25 4669 i
63 4574 144 4613 ”⁸⁸¹¹
196 4552 367 4680 pedesq
385 4552 728 4675 ⁰³d³¹¹²⁶⁰m¹lldietll
741 4549 1069 4688 fififlffsslf
1089 4549 1213 4672 {milli
1228 4551 1385 4674 'immitti

10 4676 15 4695 ,
63 4646 93 4683 ac
110 4644 235 4683 servare
291 4642 332 4679 ras
370 4641 460 4677 crure
485 4640 565 4676 serva
648 4642 654 4684 ;
772 4640 789 4672 n
974 4639 990 4689 p
1059 4639 1092 4672 nn
1153 4660 1158 4671 .
1257 4639 1296 4690 pr.
1351 4652 1358 4667 .
