3044 5174
364 290 600 345 Sacramentorum
619 290 736 346 ministri
754 291 870 346 attentio
889 295 917 346 et
935 291 1060 348 intentio.
1330 294 1372 358 13

76 466 135 525 anti
157 465 402 542 pronuntiaverit
421 484 529 536 necne,
559 465 685 542 indeque
706 466 836 544 concipit
857 466 976 526 dubium
998 467 1033 525 de
1054 466 1156 525 valore
1177 471 1281 536 actus,
1302 486 1372 526 num

76 565 172 605 rmano
187 546 285 618 modo,
299 545 319 606 i.
335 566 359 606 e.
375 565 441 604 cum
455 546 624 621 cognitione
639 565 692 605 eeu
714 547 880 606 attentione
895 552 925 605 et
938 547 1103 618 voluntate,
1117 553 1217 606 actum
1230 546 1372 623 posuerit.

132 626 245 702 Aliqua
266 625 334 685 vice
356 627 520 703 complures
548 628 679 686 infantes
709 629 874 686 afferuntur
901 627 1088 704 baptizandi;
1119 627 1288 687 numeravit
1316 647 1371 685 sex

101 712 247 765 accurate
276 706 350 765 tecit
378 706 547 766 Amalricus
576 707 770 767 intentionem
802 728 853 767 eos
884 707 1017 782 singulos
1047 706 1226 784 baptizandi.
1267 707 1371 766 Plures

76 805 141 846 men
171 786 371 846 caerimoniae
392 787 422 844 in
444 787 589 846 communi
617 787 771 847 faciendae
799 786 1057 865 praescribuntur,
1086 787 1165 847 aliae
1186 788 1217 846 in
1238 787 1372 863 singulos

76 866 214 926 eciatim:
238 867 315 942 quod
329 867 497 926 Amahicus
518 870 674 939 observat3
697 869 750 927 sed
772 887 836 928 cum
856 869 930 926 velit
944 873 1066 945 peracto
1087 867 1147 927 ritu
1168 868 1301 943 singulos
1323 868 1371 927 ad·

78 954 154 1017 tare,
179 948 346 1006 afferuntur
369 949 385 1006 7
407 947 539 1007 infantes
560 953 593 1007 ut
613 948 766 1025 baptizati.
798 947 880 1017 Quod
902 967 994 1023 grave
1016 948 1135 1007 dubium
1156 948 1308 1008 Amalrico
1328 948 1371 1007 in·

76 1028 210 1087 rituum
232 1047 266 1086 re
287 1046 368 1098 vera,
391 1027 547 1087 deficiente
567 1028 742 1099 intentione,
764 1030 921 1105 septimum
943 1028 1087 1088 infantem
1109 1028 1316 1105 baptizaverit.

76 1169 224 1211 vanarrua
247 1153 277 1211 1⁰
297 1151 392 1228 qualis
412 1151 580 1228 requiratur
600 1152 632 1211 in
653 1151 847 1212 sacramentis
868 1156 994 1212 alteratio,

247 1252 278 1309 2ο
299 1249 394 1326 qualis
417 1251 524 1310 debeat
545 1269 611 1310 esse
632 1250 760 1310 ministri
781 1249 917 1310 intentio.

248 1349 279 1406 3⁰
299 1346 368 1423 quid
389 1347 426 1406 ad
448 1367 537 1407 casus
556 1347 802 1426 respondendum.

639 1537 774 1606 solutio.

126 1681 184 1745 An
208 1699 401 1756 onassrruu
428 1683 465 1745 1¹⁰
488 1680 527 1745 a.
556 1684 583 1746 l.
619 1678 770 1747 Attentio
794 1681 835 1745 ad
859 1679 983 1746 licitam
1007 1679 1136 1762 quidem
1160 1679 1413 1746 administra-16

76 1789 162 1835 mem
194 1768 383 1834 necessaria
412 1772 464 1835 est
494 1772 631 1835 eatenus
661 1774 823 1853 quatenus
853 1769 1018 1852 quaelibet
1040 1769 1227 1835 voluntaria
1250 1771 1370 1837 mentis

76 1858 213 1925 stractio
246 1863 417 1942 peccatum
448 1858 509 1936 sit,
545 1878 659 1923 verum
692 1879 734 1924 ex
766 1879 802 1923 se
834 1863 1006 1941 peccatum
1039 1857 1182 1936 veniale,
1218 1857 1296 1925 licet
1328 1880 1370 1925 ex

76 1947 264 2023 avioribus3
300 1947 439 2013 mortale
471 1948 509 2012 fit
541 1947 568 2012 si
601 1946 634 2011 in
666 1947 786 2012 missae
819 1947 1039 2013 celebratione
1071 1947 1241 2014 distractio
1274 1949 1370 2033 plene

76 2037 228 2104 luntaria
252 2036 306 2102 diu
329 2035 533 2120 protrahitur
547 2035 579 2100 in
597 2056 731 2111 canone,
756 2037 807 2101 vel
830 2036 928 2103 etiam
946 2036 979 2101 in
1001 2037 1148 2120 quolibet
1162 2043 1369 2106 sacramento

87 2125 272 2211 periculum
296 2128 335 2193 fit
358 2125 488 2191 errandi
511 2126 544 2190 in
568 2125 848 2193 substantialibus.

127 2232 168 2298 R.
195 2235 226 2298 2.
271 2232 322 2297 Ad
346 2231 489 2298 validam
512 2232 828 2298 administrationem
852 2253 916 2297 non
940 2232 1005 2297 alia
1028 2230 1204 2314 requiritur
1227 2234 1369 2300 attentio

105 2342 195 2404 quae
218 2321 341 2387 sufficit
364 2327 401 2388 ut
423 2321 506 2388 ritus
530 2342 624 2387 sacer
648 2342 720 2386 cum
751 2321 862 2387 debita
885 2321 1065 2388 intentione
1095 2324 1252 2403 ponatur:
1284 2323 1369 2405 quod

77 2432 112 2476 m
135 2411 235 2495 plena
258 2410 470 2477 distractione
493 2432 558 2475 non
581 2415 633 2477 est
655 2410 863 2493 impossibile.
915 2411 973 2477 Th.
996 2434 1036 2477 m.
1061 2409 1102 2488 ΙΙ,
1128 2412 1181 2477 21.

127 2535 182 2599 An
206 2554 398 2610 quassrron
423 2537 461 2598 2m
485 2533 524 2600 R.
544 2535 572 2599 1.
608 2533 762 2611 Intentio,
780 2533 986 2599 considerata
1001 2536 1143 2615 utactio,
1166 2554 1232 2598 non
1247 2532 1411 2602 sufficit17

76 2622 217 2689 ‚bitualis
236 2621 389 2706 (excepto
412 2623 620 2705 aliquatenus
634 2621 865 2703 matrimonio),
891 2626 995 2703 neque
1019 2622 1196 2704 requiritur
1219 2623 1368 2700 actualis,

76 2714 94 2779 d
119 2712 245 2779 sufficit
269 2711 435 2789 virtualis
467 2732 551 2793 quae
580 2713 614 2777 in
637 2712 711 2777 aliis
741 2733 869 2793 quoque
893 2711 1033 2793 negotiis
1056 2715 1165 2777 actum
1196 2712 1276 2778 facit
1299 2712 1369 2777 suf·

76 2803 190 2868 ienter
212 2801 398 2866 humanum.

127 2909 167 2976 R.
187 2910 217 2974 2.
253 2906 366 2984 Quoad
390 2908 538 2973 obiectum
563 2907 755 2974 intentionis
771 2906 894 2974 sufficit
916 2911 950 2972 et
966 2907 1143 2988 requiritur
1166 2910 1204 2973 ut
1219 2906 1369 2973 minister

76 3020 137 3064 zum
167 2997 458 3074 sacramentalem,
490 2996 599 3078 aliquo
630 2996 724 3061 modo
755 2997 871 3062 saltem
900 2995 1068 3062 reductive
1098 3000 1136 3062 ut
1164 2995 1197 3061 in
1227 3018 1368 3080 persona

76 3087 158 3154 tristi
182 3086 236 3151 vel
260 3090 296 3151 ut
319 3086 419 3151 ritum
442 3106 582 3162 sacrum,
606 3107 727 3169 ponere
751 3086 840 3152 velit.

127 3175 212 3240 Aliis
236 3174 362 3240 verbis:
392 3175 467 3240 Non
492 3174 669 3256 requiritur
699 3179 736 3240 ut
765 3175 914 3241 minister
944 3175 1057 3240 credat
1080 3175 1231 3240 effectum
1256 3196 1367 3239 sacra-

76 3266 158 3342 enti;
183 3285 287 3347 neque
312 3268 348 3329 ut
370 3263 440 3348 ipse
456 3285 530 3329 eum
552 3264 673 3329 habeat
696 3285 755 3347 pro
772 3285 865 3329 sacro
883 3285 903 3329 a
918 3263 1046 3329 Christo
1069 3254 1237 3339 in'stitut03
1262 3285 1367 3346 neque

97 3354 182 3421 volit
211 3374 367 3436 expresse
390 3374 425 3418 se
450 3353 653 3418 conformare
678 3353 845 3418 Ecclesiae
869 3352 1065 3418 catholicae:
1089 3352 1147 3418 sed
1177 3352 1299 3418 sufficit
1329 3358 1366 3419 ut

76 3466 113 3509 m
137 3448 316 3526 cognoscat
339 3446 375 3509 ut
404 3441 502 3507 ritum
533 3464 627 3524 quem
653 3441 709 3506 alii
737 3463 797 3526 pro
820 3463 915 3507 sacro
944 3442 1083 3518 habent,
1115 3444 1148 3506 et
1176 3447 1211 3507 ut
1235 3462 1308 3506 eum
1332 3450 1367 3507 ut

76 3536 132 3599 lem
155 3533 195 3597 iis
219 3532 299 3598 velit
323 3531 505 3616 applicare;
538 3532 590 3596 vel
614 3531 735 3597 sufficit
758 3535 795 3596 ut
817 3531 899 3597 velit
921 3551 1080 3615 peragere
1104 3534 1137 3595 et
1167 3535 1307 3614 peragat
1330 3533 1367 3595 id

76 3624 173 3689 oda
197 3645 226 3707 9.
252 3622 467 3708 baptizandus
484 3624 573 3706 petit.

128 3729 168 3795 n..
193 3732 224 3793 3.
270 3728 363 3793 Haec
384 3728 523 3794 intentio
548 3727 630 3792 ritus
654 3736 687 3792 ut
717 3731 804 3792 socri
826 3727 921 3792 modo
945 3726 994 3792 ita
1016 3726 1184 3792 reductive
1208 3729 1367 3810 concepta

76 3819 178 3895 fficit,
209 3816 237 3882 si
267 3821 378 3882 tamen
403 3815 569 3883 contraria
598 3815 736 3883 intentio
766 3815 961 3899 praevalens
992 3837 1055 3881 non
1079 3815 1232 3882 adfuerit.
1277 3815 1364 3881 Nam

96 3908 170 3991 quis
203 3910 281 3972 ante
311 3905 419 3972 omnia
451 3905 593 3971 noluerit
625 3927 661 3971 se
691 3909 728 3970 ut
758 3904 877 3970 Christi
910 3904 1093 3971 ministrum
1127 3905 1282 3970 exhibere
1311 3905 1364 3970 vel

76 3997 208 4063 eclesiae
241 3995 421 4061 catholicae
454 4017 489 4060 se
522 3995 726 4060 conformare
757 3995 809 4059 vel
842 3994 940 4058 ritum
970 4000 1008 4060 ut
1039 3993 1168 4076 gratiae
1198 3996 1364 4060 efficacem

79 4108 177 4152 nere:
202 4084 357 4167 quidquid
380 4085 509 4149 demum
535 4083 686 4158 voluerit,
712 4084 907 4149 sacramenti
933 4082 1011 4147 nihil
1036 4082 1233 4166 operabitur.

126 4176 222 4241 Circa
251 4175 333 4239 haec
358 4176 508 4255 Quaerite
540 4174 579 4240 cf.
604 4174 635 4239 S.
661 4173 793 4238 Thom.
825 4173 847 4236 l.
879 4195 905 4238 c.
938 4194 968 4254 q.
994 4175 1035 4237 64
1066 4194 1095 4238 a,
1122 4176 1158 4245 ὃς
1191 4173 1222 4236 S.
1246 4169 1363 4253 Alph.

76 4267 93 4344 l,
122 4263 605 4335 14-25;Ba110r.-Pa1m.
631 4263 650 4327 l.
676 4284 703 4328 c.
728 4284 758 4327 n.
787 4263 927 4326 14-23.

124 4382 181 4446 An
211 4399 402 4454 quassrruu
434 4382 471 4443 3¹¹¹
503 4379 541 4444 a,
574 4382 602 4443 1.
648 4377 685 4441 ln
714 4381 818 4461 primo
849 4397 926 4440 casu
957 4376 1141 4440 Amalricus
1171 4374 1408 4448 rationabilem

76 4470 168 4537 bium
192 4468 317 4534 habere
335 4468 456 4549 nequit.
493 4469 579 4532 Nam
595 4467 739 4531 recitans
757 4489 793 4530 ex
809 4466 942 4541 Rituali‚
967 4465 1106 4530 simodo
1130 4466 1239 4544 legere
1255 4462 1363 4539 scivit,

76 4565 123 4626 rte
147 4563 242 4625 recte
266 4556 405 4622 formam
428 4555 654 4641 pronuntiavit
676 4555 774 4636 idque
797 4555 936 4620 humano
961 4556 1057 4637 plane
1073 4554 1178 4629 modo,
1203 4551 1309 4615 sciens
1331 4558 1365 4618 et

77 4652 156 4718 lena.
195 4646 290 4724 Quod
315 4650 424 4713 autem
448 4647 626 4711 distractus
650 4649 685 4710 et
707 4644 823 4709 alienis
846 4643 1098 4726 cogitationibus
1122 4642 1276 4723 abreptus
1300 4661 1364 4705 non
