3044 5174
403 289 519 345 Materia
538 289 676 360 proxima:
695 317 730 327 -
749 287 874 344 contritio
894 291 921 341 et
940 288 1115 358 propositum.
1357 292 1420 356 183

451 492 657 559 ATTRITIO
683 491 802 569 QUAE
826 491 1061 558 SUFFICIAT.

663 656 774 722 Casus.
794 663 853 732 (92)

171 798 335 857 Severinus
350 796 560 869 confessarius,
583 816 649 856 cum
663 796 767 855 incidit
780 797 811 855 in
826 796 1013 873 paenitentes
1027 797 1116 856 rudes
1137 797 1270 874 peccatis
1286 803 1420 869 onustos,

88 878 219 937 maxime
242 877 359 937 laborat
378 883 409 936 et
431 877 550 952 angitur
571 877 606 936 de
629 896 728 937 eorum
743 876 853 937 dolore.
882 876 913 936 Si
928 877 1006 936 enim
1026 877 1155 954 loquitur
1176 877 1212 936 de
1227 877 1292 937 Deo
1308 878 1419 938 divina·

88 978 145 1035 que
167 958 314 1028 caritate,
341 958 422 1016 videt
443 957 629 1033 paenitentes
650 957 840 1016 insensibiles
862 963 893 1016 et
912 957 1037 1033 frigidos
1058 977 1193 1030 manere,
1223 957 1286 1017 solo
1316 958 1421 1018 timore

90 1039 303 1101 concutiuntur
324 1043 353 1097 et
374 1037 608 1097 emendationem
629 1037 812 1115 promittunt.
855 1035 939 1106 Quod
967 1057 1001 1097 eo
1022 1038 1118 1113 magis
1147 1056 1212 1096 eum
1240 1037 1324 1112 angit
1345 1039 1421 1115 quod

91 1120 216 1179 edo'ctus
238 1125 286 1178 est
306 1118 435 1177 dolorem
456 1136 494 1177 ex
514 1136 595 1176 mera
616 1117 768 1177 attritione
796 1122 827 1177 et
852 1118 957 1178 timore
979 1137 1139 1195 poenarum
1165 1123 1340 1194 conceptum
1362 1137 1421 1179 non

91 1200 240 1270 sufficere,
262 1199 355 1276 primo
377 1218 436 1258 non
457 1218 495 1257 ex
515 1198 621 1257 timore
642 1217 804 1274 poenarum
818 1198 906 1258 huius
921 1197 1009 1269 vitae,
1032 1196 1100 1257 dein
1113 1217 1208 1274 neque
1227 1204 1340 1257 certum
1354 1217 1422 1259 esse

91 1280 231 1338 sufficere
252 1279 387 1339 timorem
408 1297 568 1355 poenarum
582 1278 664 1338 vitae
678 1280 805 1351 futurae,
827 1278 880 1338 sed
900 1278 1094 1355 probabiliter
1108 1278 1216 1354 requiri
1236 1284 1332 1337 actum
1348 1278 1422 1338 cari·

91 1359 163 1418 tatis
184 1360 216 1418 in
239 1359 341 1419 Deum.

91 1483 271 1553 Quasmrna
293 1482 322 1540 1⁰
343 1481 420 1540 sitne
441 1486 553 1540 certum
574 1481 605 1540 in
626 1488 812 1541 sacramento
827 1480 1026 1557 paenitentiae
1041 1480 1079 1540 ad
1093 1480 1281 1540 obtinendam
1303 1482 1420 1542 reniam

342 1562 479 1620 sufficere
500 1560 693 1634 attritionem,
715 1581 775 1622 non
795 1561 905 1637 requiri
927 1561 1144 1621 contritionem.

293 1659 324 1717 2ο
344 1659 412 1735 quid
442 1658 627 1719 sentiendum
655 1659 695 1718 sit
725 1659 761 1718 de
788 1658 873 1719 initio
895 1659 1020 1732 amoris,
1049 1657 1126 1734 quod
1154 1658 1316 1718 collocetur
1343 1659 1421 1720 inter

343 1745 429 1798 actus
449 1739 652 1799 iustificationi
673 1738 819 1816 praevios.

293 1840 324 1896 3ο
344 1837 511 1896 sufficiatne
533 1836 646 1896 attritio
668 1856 706 1896 ex
727 1842 806 1897 metu
826 1856 986 1913 poenamm
1007 1837 1220 1914 temporalium.

691 2037 825 2103 Salutio.

180 2181 235 2245 Ao
259 2200 450 2257 oomsrrou
476 2182 513 2244 1¹¹¹
536 2179 574 2246 R.
615 2177 850 2245 Contritionern
872 2178 1055 2263 perfectam
1083 2200 1166 2262 quae
1196 2180 1353 2263 procedat
1377 2191 1483 2246 ex313

89 2290 203 2336 amore
227 2270 289 2335 Dei
313 2269 438 2335 efficaci
468 2289 567 2352 super
597 2268 704 2334 omnia
736 2289 800 2332 non
829 2267 966 2350 requiri,
999 2274 1033 2335 et
1063 2268 1125 2334 hoc
1147 2289 1244 2334 sensu
1268 2269 1419 2335 sufficere

89 2359 307 2436 attritionem,
333 2363 503 2440 quatenus,
529 2357 722 2439 quicumque
739 2356 832 2421 dolor
855 2377 874 2421 a
896 2356 1046 2440 perfecta
1069 2358 1265 2424 contritione
1289 2359 1419 2438 defecit,

90 2448 222 2514 attritio
253 2452 405 2525 vocetur,
437 2450 488 2512 est
517 2446 682 2512 sententia
712 2448 838 2511 emerico
863 2454 957 2511 ceno.
1008 2446 1158 2525 ,Certum
1189 2451 1224 2514 et
1251 2468 1421 2513 commune

89 2543 141 2604 est
166 2536 255 2621 apud
272 2537 341 2602 DD.
366 2557 431 2601 non
454 2534 576 2617 requiri
600 2534 828 2601 contritionem
851 2533 1043 2618 perfectam,
1067 2536 1125 2602 sed
1148 2535 1300 2603 sufficere
1324 2537 1421 2603 attri-

88 2627 247 2692 tionem.“
297 2625 330 2691 S.
355 2625 472 2708 Alph.
497 2624 553 2702 VI,
579 2627 656 2691 440.

187 2722 279 2800 Quod
309 2722 456 2804 sequitur
485 2742 527 2787 ex
557 2721 706 2789 doctrina
731 2722 821 2787 Cone.
851 2721 941 2787 Trid.
966 2742 1046 2788 sess.
1073 2723 1131 2800 14,
1163 2743 1233 2806 cap.
1265 2726 1303 2801 4,
1337 2744 1421 2806 quae

93 2812 326 2879 contritionem
361 2811 541 2894 perfectam
572 2815 649 2877 ante
681 2814 921 2877 sacramentum
953 2809 1116 2876 hominem
1148 2810 1212 2876 iam
1246 2832 1319 2877 curn
1351 2813 1421 2878 Deo

92 2902 362 2968 reconciliantem
385 2903 530 2984 opponat
552 2898 731 2977 attritioni,
763 2919 846 2981 quae
869 2898 939 2964 sine
963 2903 1170 2966 sacramento
1199 2901 1422 2984 paenitentiae

92 3013 154 3075 per
187 3011 224 3056 se
257 2990 298 3056 ad
331 2989 593 3056 iustificationem
628 2988 806 3074 perducere
837 2991 995 3070 nequeat,
1031 2991 1143 3054 tamen
1177 3010 1251 3054 eum
1286 2990 1327 3054 ad
1359 2990 1421 3055 Dei

92 3080 240 3164 gratiam
263 3078 296 3143 in
320 3082 526 3145 sacramento
549 3078 770 3163 paenitentiae
793 3077 1033 3161 impetrandam
1056 3077 1217 3161 disponat.

187 3201 517 3277 Aooosns1rms2¹²
543 3201 581 3269 R.
609 3203 636 3267 1.
684 3200 719 3267 Si
749 3199 897 3283 quaestio
926 3199 1110 3267 instituitur
1138 3204 1248 3266 utrum
1278 3200 1482 3271 sufficiat314

92 3290 225 3359 attritio
248 3312 290 3356 ex
314 3290 383 3355 solo
406 3294 497 3356 metu
519 3290 688 3373 gehennae
712 3294 880 3373 concepta,
909 3309 950 3354 an
973 3289 1159 3355 necessario
1183 3290 1216 3354 in
1239 3310 1279 3356 ea
1302 3290 1421 3357 debeat

93 3402 168 3447 esse
199 3380 299 3446 etiam
330 3379 481 3461 aliqualis
510 3379 571 3444 Dei
601 3378 748 3445 dilectio:
778 3377 976 3462 prohibitum
1006 3378 1136 3461 quidem
1167 3384 1219 3446 est
1249 3381 1420 3462 quominus

93 3473 278 3537 alterutrae
308 3468 492 3535 sententiae
522 3469 592 3533 sive
621 3468 757 3550 neganti
780 3467 849 3533 sive
874 3466 1051 3533 affirmanti
1075 3488 1214 3533 censura
1236 3469 1422 3552 theologica

91 3560 245 3625 inuratur
269 3558 401 3639 (Alex.
425 3557 489 3624 Vll
512 3558 541 3623 d.
567 3560 586 3621 5
610 3557 689 3622 Maii
715 3555 831 3639 1667);
857 3557 915 3621 sed
943 3557 1125 3634 ,sententia
1147 3556 1218 3623 fere
1241 3559 1421 3624 communis

91 3649 273 3722 affirmat“,
303 3647 430 3713 scilicet
459 3645 609 3711 sufficere
639 3645 843 3712 attritionem
866 3645 936 3711 sine
960 3665 1071 3712 amore
1093 3645 1247 3712 inchoato
1271 3648 1421 3715 caritatis

91 3739 140 3806 ait
165 3737 198 3803 S.
223 3735 339 3819 Alph.
356 3736 413 3813 VI,
439 3738 514 3802 440.
545 3735 590 3801 Et
612 3756 648 3800 re
672 3756 753 3800 vera
774 3756 839 3800 non
863 3735 958 3800 video
982 3735 1142 3817 quomodo
1166 3735 1232 3801 alia
1254 3737 1419 3804 sententia

91 3849 167 3893 cum
199 3825 348 3891 doctrina
371 3824 504 3890 Concilii
527 3823 614 3890 Trid.
640 3824 831 3900 cohaereat,
862 3844 938 3889 nam
962 3844 1001 3889 ea
1025 3845 1108 3906 quae
1131 3846 1232 3909 supra
1254 3825 1287 3890 in
1312 3827 1352 3892 R.
1376 3827 1419 3892 ad

91 3915 279 3998 quaesitum
314 3917 330 3978 1
364 3914 471 3981 relata
502 3917 579 3980 sunt
610 3912 787 3978 Concilium
819 3911 898 3978 dicit
930 3912 970 3978 de
1003 3913 1189 3993 attritione,
1227 3935 1310 3996 quae
1348 3916 1418 3992 ,vel

91 4027 134 4072 ex
165 4003 378 4088 turpitudinis
408 4002 535 4087 peccati
558 4001 818 4069 consideratione
841 4002 895 4066 vel
925 4023 967 4067 ex
990 4001 1159 4084 gehennae
1183 4007 1217 4069 et
1240 4025 1418 4086 poenarum

91 4100 182 4161 metu
207 4093 421 4159 communiter
445 4091 656 4176 concipitnr“.

182 4202 221 4266 R.
248 4203 277 4267 2.
325 4199 358 4264 Si
382 4199 422 4264 de
445 4193 555 4264 amore
578 4198 696 4264 initiali
719 4218 783 4263 non
807 4197 872 4263 iam
896 4206 931 4262 ot
953 4201 1064 4263 rnotioo
1088 4199 1208 4264 doloris
1232 4200 1289 4265 sed
1314 4203 1350 4265 ut
1378 4200 1417 4265 de

90 4300 163 4357 actu
188 4291 408 4355 concomitcnti
436 4288 619 4369 quaeritur:
651 4288 762 4371 plures
792 4285 921 4369 quidem
945 4291 1023 4352 sunt
1050 4287 1104 4370 qni
1128 4287 1284 4353 eiusmodi
1309 4293 1418 4354 actum

89 4379 261 4465 postulent
295 4398 358 4459 quo
393 4376 504 4442 debita
538 4377 731 4443 absolvatur
766 4374 975 4459 praeparatio
1010 4376 1051 4440 ad
1086 4376 1350 4442 iustificationem
1384 4378 1417 4443 in

89 4471 298 4535 sacramento
329 4466 569 4550 accipiendam3
601 4466 657 4530 sed
688 4464 783 4529 simul
814 4469 947 4530 monent
976 4463 1067 4529 illum
1095 4469 1204 4531 aetum
1228 4487 1291 4530 non
1321 4487 1418 4549 posse

88 4580 153 4624 non
178 4558 306 4632 adesse,
330 4556 357 4620 si
381 4556 476 4620 modo
500 4555 645 4638 reliquae
662 4554 865 4620 condiciones
882 4553 1002 4619 doloris
1018 4554 1223 4619 necessariae
1240 4555 1415 4631 adfuerint,

89 4670 164 4714 nam
196 4647 267 4711 sive
297 4646 330 4709 in
360 4666 418 4728 spe
448 4645 564 4710 veniae
594 4645 664 4710 sive
694 4644 728 4708 in
758 4642 923 4726 proposito
954 4663 1018 4706 non
1048 4643 1203 4726 peccandi
1234 4643 1273 4709 de
1306 4649 1416 4711 cetero
