3044 5174
158 294 223 358 448
657 289 863 346 duramentum
881 292 991 348 ordinis.

246 467 285 534 R.
310 470 340 533 2.
386 466 504 551 Neque
525 471 638 534 tamen
660 467 748 534 nuda
771 469 846 551 lege
875 469 1100 536 ecclesiastica
1128 471 1211 538 haec
1238 470 1401 556 obligatio
1424 472 1487 538 cir-

158 556 402 623 cumscribitur:
434 556 528 639 quasi
556 557 779 640 transgessio
809 557 915 624 solam
945 559 1111 626 castitatis
1140 559 1298 626 virtutem
1327 560 1487 639 laederet,

156 647 211 712 vel
234 645 329 728 quasi
347 648 486 732 positiva
508 645 563 710 lex
586 645 675 712 solos
698 650 855 713 externos
877 651 973 713 actus
995 647 1211 732 probabiliter
1231 648 1426 734 respiceret.

245 742 471 826 Compluribus
493 743 575 809 locis
598 743 684 810 sacri
708 764 850 809 canones
874 764 1029 828 expresse
1059 745 1144 811 hanc
1167 745 1405 830 obligationem
1428 769 1487 813 vo-

156 837 234 899 cant
250 830 485 914 obligationem
496 835 559 898 voti
572 835 740 899 ambreras.
769 833 823 899 Ita
833 833 1020 900 Bonifac.
1032 833 1112 901 VIII
1123 855 1150 902 c.
1163 858 1220 901 oo.
1232 835 1263 901 X
1275 837 1307 914 3,
1326 839 1369 902 15
1382 837 1417 901 in
1430 839 1485 903 6¹⁰:

161 921 264 1000 ,Illud
286 921 393 987 solum
408 925 521 988 votum
545 921 664 988 debere
681 921 744 986 dici
759 922 927 1001 sollemne,
952 925 1111 1005 quantum
1127 924 1169 990 ad
1182 927 1262 1009 post
1276 928 1485 992 contractum

156 1010 398 1077 matrimonium
415 1009 640 1089 dirimendum,
664 1010 751 1093 quod
767 1010 1027 1078 sollemnitatum
1042 1010 1144 1078 fuerit
1166 1032 1227 1097 per
1241 1015 1485 1098 susceptionem

155 1100 242 1165 sacri
272 1098 411 1178 ordinis,
441 1103 500 1165 aut
530 1119 589 1183 per
618 1099 855 1184 professionem
885 1121 1076 1183 expressam
1106 1101 1161 1167 vel
1190 1101 1330 1171 tacitam
1359 1102 1483 1170 factam

155 1188 251 1255 alicui
275 1188 315 1254 de
338 1187 549 1271 religionibus
572 1209 631 1273 per
652 1188 763 1254 sedem
787 1188 1000 1272 apostolicam
1017 1190 1236 1274 approbatis·
1271 1190 1370 1258 Unde
1392 1197 1485 1276 patet

154 1277 395 1363 susceptionem
427 1276 550 1343 ordinis
581 1277 667 1344 sacri
689 1277 797 1361 quoad
820 1277 882 1344 hoo
905 1277 1112 1363 aequiparari
1140 1279 1263 1347 tacitae
1286 1280 1483 1364 professioni

154 1367 254 1449 (nuno
277 1366 407 1449 quidem
429 1365 587 1450 abolitae)
609 1366 643 1433 in
667 1366 780 1433 ordine
803 1367 974 1450 religioso;
999 1371 1034 1434 et
1055 1367 1140 1434 sicin
1161 1368 1195 1434 iu
1215 1367 1289 1447 hac,
1313 1369 1362 1435 ita
1382 1371 1482 1437 etiam

153 1455 187 1521 in
210 1455 267 1521 illa
289 1459 352 1522 voti
374 1457 592 1541 obligationem
616 1455 765 1522 conmahi
788 1477 885 1541 posse
900 1461 1001 1539 atque
1024 1456 1176 1524 contrahi
1198 1457 1269 1522 sine
1291 1456 1427 1525 formali
1450 1464 1483 1526 et

153 1543 280 1611 verbali
303 1545 373 1612 voti
396 1544 580 1613 emissione.

242 1642 399 1709 Similiter
421 1642 531 1709 Ioan.
554 1642 648 1707 XXII
677 1663 704 1708 c.
736 1665 790 1708 un.
815 1643 950 1710 Extra-rr.
981 1647 1006 1710 t..
1034 1645 1053 1709 6
1078 1642 1158 1709 dicit
1185 1648 1318 1722 ,votum
1348 1645 1481 1712 sollem-

154 1731 296 1798 nitatum
325 1752 385 1817 per
413 1732 654 1816 susceptionem
684 1731 834 1798 ordinis.“
886 1732 933 1798 ef.
965 1753 1065 1816 supra
1095 1732 1140 1814 (n.
1173 1734 1251 1818 702)
1282 1738 1317 1801 et
1348 1735 1408 1801 Tb.
1441 1759 1479 1800 m.

151 1821 193 1900 Π,
219 1823 294 1887 619.

241 1927 280 1994 R.
298 1931 329 1994 3.
361 1927 463 1993 Porro
487 1925 704 1994 certissimum
728 1931 780 1993 est
795 1925 1006 2009 obligationis
1028 1927 1162 1993 titulum
1176 1949 1242 1994 non
1257 1929 1363 1994 solum
1380 1932 1481 1997 costi-

152 2016 234 2082 tatis
249 2016 408 2082 virtutem
431 2036 504 2081 esse
527 2015 584 2082 sed
608 2014 709 2082 etiam
724 2018 897 2103 religionis,
922 2015 1134 2082 violationem
1159 2038 1231 2083 esse
1247 2017 1318 2084 veri
1340 2020 1480 2085 nominis

152 2105 375 2188 sacrilegium,
408 2109 507 2188 atque
536 2104 621 2170 hanc
644 2104 803 2171 malitiam
834 2125 898 2170 non
929 2105 962 2170 in
986 2105 1065 2170 solis
1088 2105 1236 2173 externis
1258 2109 1405 2192 peccatis
1428 2130 1481 2174 re-

150 2195 252 2278 periri
275 2196 332 2261 sed
356 2193 455 2261 etiam
479 2193 513 2260 in
536 2214 625 2260 mere
647 2194 797 2262 internis.
848 2194 903 2261 lt.
927 2216 968 2262 m.
992 2193 1069 2261 ibid.

89 2335 141 2389 780
238 2317 292 2383 An
316 2337 507 2394 qusssrron
531 2320 571 2382 2¹²
593 2317 632 2383 R.
660 2320 688 2383 l.
735 2317 878 2383 Brictius
900 2316 1097 2399 gravissime
1119 2319 1288 2401 peccavit,
1319 2341 1397 2386 cum
1420 2342 1481 2386 no-

150 2407 248 2474 luerit
272 2408 304 2472 in
328 2426 364 2472 se
387 2427 517 2473 sumere
539 2407 773 2488 obligationem
797 2406 963 2473 castitatis
985 2406 1153 2490 perfectae
1176 2408 1219 2473 ab
1242 2409 1394 2474 Ecclesia
1417 2409 1481 2475 im-

148 2497 308 2581 positam3
338 2517 414 2561 nam
438 2496 580 2561 mendax
608 2495 739 2579 decepit
761 2495 981 2562 ordinatorem
1011 2499 1047 2561 et
1068 2495 1268 2575 Ecclesiam,
1298 2518 1372 2563 cum
1396 2498 1481 2565 haec

151 2586 232 2652 nolit
255 2606 367 2650 sacros
390 2583 520 2649 ordines
544 2584 693 2650 conferre
715 2584 778 2649 nisi
801 2584 841 2648 iis
865 2585 918 2666 qui
942 2584 1138 2668 promittant
1167 2585 1367 2653 caetitatem.
1414 2588 1481 2655 At-

149 2678 260 2740 tamen
285 2696 358 2739 cum
382 2678 622 2739 sacramentum
647 2694 712 2738 non
735 2673 779 2739 sit
802 2673 1028 2739 condicionate
1052 2675 1225 2753 collatum,
1250 2674 1394 2741 Brictius
1418 2698 1480 2743 va-

149 2764 214 2829 lide
238 2764 367 2846 quidem
389 2763 448 2829 sed
471 2762 632 2845 sacrilege
656 2762 787 2828 ordines
809 2783 922 2828 sacros
945 2764 1100 2845 suscepit.

238 2870 277 2935 R.
302 2872 332 2937 2.
372 2868 488 2950 Neque
511 2873 620 2933 tamen
644 2873 780 2952 propter
795 2868 919 2935 factam
935 2868 1084 2934 fraudem
1101 2872 1137 2935 et
1152 2869 1377 2954 deceptionem
1394 2872 1478 2936 obli-

149 2959 240 3041 gatio
270 2960 312 3024 ad
342 2958 531 3025 castitatem
560 2957 665 3022 minor
696 2962 756 3024 est.
811 2958 933 3024 Votum
963 2959 1093 3040 quidem
1124 2979 1238 3024 verum
1270 2980 1334 3024 non
1366 2961 1479 3026 emisit

149 3068 255 3130 neque
278 3047 462 3114 formaliter
485 3067 591 3129 neque
610 3046 739 3122 tacite,
771 3068 843 3113 cum
876 3070 1020 3133 expresse
1050 3049 1158 3129 nollet,
1192 3049 1251 3112 sed
1279 3050 1348 3132 ficte
1371 3051 1477 3117 vovit.

150 3136 213 3202 Sed
237 3139 298 3202 hac
320 3136 452 3202 fictione
475 3136 676 3218 obligabitur
698 3135 872 3202 ultimatim
897 3136 1010 3201 eodem
1034 3137 1132 3220 plane
1155 3138 1268 3215 modo,
1292 3158 1332 3202 ao
1355 3138 1384 3203 si
1408 3139 1477 3203 sin-

150 3247 224 3291 cere
247 3224 471 3310 processisset.
517 3225 603 3292 Utut
632 3225 718 3290 enirn
747 3247 814 3290 non
843 3225 939 3291 adest
961 3246 1041 3291 vero
1071 3246 1169 3291 sensu
1198 3227 1364 3309 fidelitatis
1395 3247 1477 3310 erga

149 3316 253 3380 Deum
284 3315 441 3397 obligatio
472 3314 505 3379 in
536 3314 663 3380 sincera
693 3313 907 3399 promissione
938 3314 1066 3380 innixa:
1101 3319 1212 3380 tamen
1243 3315 1275 3380 in
1306 3319 1386 3381 voto
1416 3338 1477 3400 per

148 3404 388 3488 susceptionem
419 3403 505 3469 sacri
535 3403 657 3469 ordinis
680 3403 905 3470 sollemnitate
928 3403 1009 3469 haec
1037 3405 1203 3488 fidelitatis
1234 3403 1393 3487 obligatio
1417 3427 1476 3489 per

148 3496 410 3561 consecrationem
433 3493 554 3559 transit
576 3493 609 3557 in
626 3492 857 3575 obligationem
874 3492 1048 3558 firmiorem
1066 3498 1100 3559 et
1115 3493 1275 3568 altiorem,
1299 3514 1372 3559 cum
1397 3516 1474 3579 pro-

148 3583 260 3649 missio
283 3586 433 3649 transeat
463 3581 497 3646 in
519 3581 840 3665 quasi-donationem
864 3586 898 3648 et
920 3602 1081 3666 personae
1112 3582 1335 3665 promittentis
1359 3583 1402 3649 ad
1426 3585 1475 3648 di·

148 3672 259 3737 vinum
282 3671 451 3739 servitium
468 3670 758 3755 mancipationem
782 3671 865 3736 haec
881 3691 960 3735 vero
977 3670 1179 3737 consecratio
1204 3675 1239 3736 et
1261 3672 1303 3737 ad
1326 3672 1474 3739 divinum

148 3762 318 3827 servitium
348 3759 547 3844 mancipatio
577 3762 611 3825 in
641 3760 770 3826 sincera
799 3760 971 3827 voluntate
1004 3758 1199 3844 suscipiendi
1232 3759 1317 3826 sacri
1350 3762 1474 3827 ordinis

147 3857 247 3933 atque
271 3851 381 3916 valida
404 3849 609 3916 ordinatione
631 3848 782 3917 innititur
805 3870 911 3930 neque
935 3849 976 3914 ab
1000 3870 1039 3914 ea
1062 3848 1209 3933 separari
1233 3854 1353 3932 potest.

237 3939 316 4004 Cum
333 3938 433 4020 igitur
448 3940 591 4005 fidelitas
608 3939 677 4006 voti
692 3938 839 4005 strictior
853 3939 913 4003 fiat
929 3945 963 4004 et
979 3937 1072 4019 quasi
1088 3939 1304 4004 absorbeatur
1320 3959 1379 4023 per
1396 3939 1473 4004 sub-

146 4033 337 4112 sequentem
361 4031 639 4096 consecrationem
663 4027 785 4093 ordinis
814 4027 916 4103 sacri,
948 4033 1047 4109 atque
1077 4027 1158 4093 haec
1187 4027 1261 4111 ipsa
1290 4027 1323 4093 in
1348 4028 1472 4096 Brictio

71 4189 75 4197 ,
147 4118 257 4184 valida
286 4117 403 4184 fuerit:
438 4118 538 4184 etiam
568 4117 704 4184 violatio
734 4116 943 4199 obligationis
972 4116 1109 4182 eandem
1145 4121 1259 4182 contra
1288 4119 1473 4204 religionem

146 4207 304 4273 malitiam
329 4206 428 4273 habet
451 4207 483 4271 in
506 4206 641 4282 Brictio,
665 4205 762 4272 sicuti
779 4207 916 4272 haberet
931 4205 964 4271 in
987 4205 1114 4283 cetaria,
1139 4205 1265 4272 scilicet
1281 4228 1345 4271 non
1361 4206 1473 4272 laesae

145 4318 256 4362 merae
279 4295 448 4362 fidelitatis
471 4296 528 4360 sed
551 4295 657 4363 stricti
681 4294 821 4360 nominis
844 4297 1013 4379 sacrilepii.
1037 4333 1082 4343 —-
1104 4294 1221 4377 Neque
1244 4294 1338 4359 obiici
1361 4300 1474 4379 potest

145 4385 257 4467 gravis
280 4391 387 4452 metus
411 4384 461 4465 (ut
483 4407 582 4469 supra
604 4406 636 4451 n.
661 4385 740 4469 702)
765 4406 828 4467 quo
851 4384 993 4450 Brictius
1016 4384 1172 4451 liberetur
1201 4384 1242 4449 ab
1273 4383 1473 4466 obligat-ione

147 4475 345 4550 caelibatum
370 4496 444 4538 narn
468 4473 521 4537 hio
542 4473 576 4539 in
600 4477 712 4539 nostro
737 4496 815 4539 casu
840 4474 1026 4540 nullatenus
1049 4474 1223 4558 probatum
1247 4494 1362 4557 preces
1386 4474 1473 4539 enim

145 4568 180 4629 et
203 4566 381 4640 suasiones,
407 4562 467 4627 nisi
491 4561 589 4628 timor
611 4562 724 4644 gravis
748 4563 825 4628 mali
850 4562 1001 4639 accedat,
1027 4583 1085 4645 pro
1109 4562 1204 4644 gravi
1228 4565 1318 4629 metu
1342 4561 1473 4629 incusso

145 4653 258 4717 haberi
280 4657 455 4735 nequeunt.
