3044 5174
680 250 720 306 De
738 268 776 306 es.
794 251 966 307 eucharistia.

560 460 696 528 LOCUS
720 460 1077 545 CELEBRATIONIS.

723 624 833 692 Casus.
852 634 911 701 (72)

248 765 422 835 Caesarius,
451 763 603 840 excipiens
630 764 834 824 confessiones
861 764 892 823 in
919 765 985 825 loco
1006 766 1254 842 peregrinationis
1282 759 1482 844 fueouentato,

160 846 242 905 audit
263 846 293 905 iu
315 845 443 905 ecclesia
465 846 502 903 ab
524 844 622 920 aliquo
642 844 684 903 ibi
705 851 900 920 pernoctante
920 845 1054 905 habitum
1075 865 1142 906 esse
1163 852 1263 906 actum
1285 849 1482 924 coniugalem,

159 926 190 984 in
211 926 350 985 sacristia
371 924 459 984 alicui
480 924 529 1001 qui
550 923 638 983 biduo
666 930 735 983 ants
762 925 917 1002 inopinata
944 931 1037 985 morte
1065 926 1180 986 obierat
1206 927 1394 1006 propinatum
1415 948 1482 988 ease

159 1025 320 1065 venenum:
350 1024 440 1082 quare
461 1024 562 1064 secum
582 1010 725 1081 reputans
746 1004 902 1065 ecclesiam
923 1025 989 1066 assa
1010 1007 1169 1082 pollutam,
1198 1013 1353 1069 satamon
1374 1028 1413 1068 ex
1432 1029 1482 1068 no-

158 1086 226 1146 titia
246 1085 444 1146 confessionis
465 1085 545 1162 loqui
565 1103 626 1144 nou
646 1104 745 1161 posse,
767 1104 828 1144 rem
849 1084 968 1145 silentio
989 1086 1105 1162 quidem
1118 1087 1235 1165 premit,
1256 1088 1322 1165 ipsa
1335 1108 1408 1149 vero
1421 1109 1481 1149 non

159 1168 224 1226 sins
246 1165 440 1226 admiratione
461 1171 491 1224 et
513 1164 677 1225 offensione
697 1165 823 1225 rectoris
851 1166 996 1226 acclesiae
1023 1173 1114 1243 negat
1141 1187 1174 1228 se
1201 1167 1243 1229 ibi
1264 1169 1480 1230 celebraturum

159 1266 241 1318 esse,
268 1247 320 1306 sed
341 1246 416 1323 petit
438 1245 596 1305 oratorium
617 1244 788 1304 monialium
817 1265 893 1322 quse
920 1246 1028 1322 gaudio
1056 1247 1227 1308 afficiuntur
1256 1249 1335 1325 quod
1355 1268 1416 1309 una
1436 1250 1481 1310 die

158 1328 317 1386 secundam
338 1327 386 1385 vel
406 1325 525 1386 tertiam
545 1325 666 1385 missam
687 1325 797 1385 habere
817 1325 942 1403 possint

158 1439 335 1510 Quasmrua
356 1441 385 1499 1⁰
406 1440 454 1517 qui
476 1440 516 1500 sit
535 1442 619 1500 locus
641 1440 835 1500 celebrandae
856 1441 973 1502 missae.

356 1542 386 1597 2ο
407 1538 475 1615 quid
497 1539 538 1598 sit
557 1539 681 1616 pollutio
702 1539 846 1599 ecclesiae
868 1544 898 1599 et
919 1539 1062 1616 quomodo
1083 1539 1213 1601 tollatur.

356 1640 386 1696 3⁰
406 1636 563 1697 Caesarius
584 1644 703 1698 rectene
724 1638 827 1713 egerit.

750 1823 885 1891 Salutio.

97 1989 149 2042 249
246 1967 299 2032 An
329 1987 521 2042 oonssrruu
552 1968 590 2030 1²¹
613 1965 652 2032 R.
686 1969 714 2034 1.
760 1967 867 2032 Locus
896 1970 994 2032 extra
1023 1986 1119 2048 quem
1149 1967 1277 2033 secluso
1307 1968 1477 2052 privilegio

158 2055 324 2122 celebrare
346 2076 412 2120 non
434 2055 512 2120 licet
535 2059 587 2121 est
609 2054 700 2120 locus
723 2078 814 2121 sacer
836 2057 878 2121 ad
902 2055 1045 2120 divinum
1062 2056 1185 2122 cultum
1208 2056 1388 2140 deputatus
1411 2058 1476 2124 sive

155 2143 581 2302 pplppmnibloippseoratioue
612 2144 683 2209 sive
712 2144 843 2229 publica
865 2143 1108 2210 benedictione:
1139 2144 1297 2212 ecelesiae
1320 2147 1375 2212 vel
1406 2168 1476 2213 ora-

264 2254 308 2318 pu
396 2285 403 2300 .

246 2340 285 2406 R.
311 2343 341 2407 2.
387 2340 596 2407 Monastcriis
619 2339 845 2423 religiosorum
868 2361 926 2406 seu
950 2338 1137 2406 monialium
1160 2339 1238 2407 licet
1261 2363 1327 2407 non
1350 2345 1476 2410 tantum
1514 2361 1516 2365 ’

157 2431 278 2495 babere
302 2429 474 2494 ecclesiam
497 2429 550 2495 vel
573 2429 736 2513 publicum
752 2428 947 2511 oratorium
972 2431 1030 2495 sed
1046 2429 1225 2496 oratorium
1241 2450 1355 2496 eorum
1371 2436 1476 2516 potest

159 2518 257 2585 edam
288 2538 361 2583 csse
390 2517 479 2584 intra
508 2540 619 2584 muros
649 2517 845 2584 domesticos
875 2518 1021 2601 adeoque
1051 2523 1142 2585 certo
1172 2539 1270 2585 seusu
1300 2520 1475 2604 privatum,

158 2608 244 2690 quod
267 2607 415 2673 benedici
437 2607 566 2690 quidem
589 2613 709 2691 potest,
734 2628 798 2673 nou
822 2613 931 2675 tamen
949 2628 1083 2674 necesse
1101 2613 1162 2687 est,
1186 2608 1338 2692 quodque
1361 2610 1477 2678 dicitur

158 2700 334 2761 oratorium
356 2698 602 2782 semipublicum.

248 2785 405 2851 Similiter
431 2786 483 2851 fas
507 2791 558 2852 est
580 2785 754 2851 ordinariis
777 2785 905 2868 erigere
929 2807 985 2851 seu
1015 2785 1162 2868 erigendi
1184 2785 1382 2854 facultatem
1405 2789 1478 2854 dare

158 2875 191 2940 in
215 2874 412 2956 quibuslibet
434 2873 595 2941 institutis
618 2874 680 2958 piis
704 2879 737 2942 et
760 2875 913 2958 publicis,
937 2875 1170 2959 hospitalibus,
1202 2875 1387 2942 seminariis
1410 2898 1476 2944 ora·
1510 2888 1516 2970 l

158 2963 288 3042 terium,
313 2965 398 3045 quod
422 2963 536 3029 eodem
555 2963 650 3029 modo
667 2967 726 3029 aut
741 2963 904 3048 publicum
921 2969 982 3041 est,
1006 2964 1034 3028 si
1051 2962 1199 3030 omnibus
1215 2963 1298 3030 liber
1312 2963 1476 3049 ingressus
1508 2995 1512 2998 ·

159 3074 176 3118 s
199 3053 255 3119 via
277 3053 406 3137 publiea
429 3057 541 3136 patet,
566 3055 624 3119 aut
646 3052 909 3136 semipublioum,
934 3053 962 3118 si
985 3052 1151 3134 ingressus
1174 3057 1268 3137 patet
1290 3053 1409 3121 ineolis
1432 3055 1476 3121 iu·

158 3142 267 3208 stituti
291 3146 390 3225 atque
412 3142 453 3207 iis
476 3142 530 3224 qui
554 3141 774 3208 admittuntur
796 3143 885 3210 intra
907 3142 1060 3225 parietes.

246 3249 285 3318 R.
318 3252 347 3315 3.
394 3248 547 3333 Episcopi
578 3269 707 3326 omnes,
738 3247 837 3314 etiam
867 3248 1020 3316 titulares
1049 3252 1197 3327 tautum,
1232 3253 1267 3316 st
1296 3251 1476 3320 cardinales

158 3343 295 3418 possunt
316 3337 437 3403 habere
461 3338 618 3403 sacellum
642 3337 872 3414 domesticum
896 3337 993 3403 immo
1017 3337 1118 3404 etiam
1143 3337 1356 3421 ubicumque,
1380 3342 1475 3409 etiam

159 3427 191 3490 in
213 3426 341 3505 itinere,
364 3427 398 3493 in
422 3448 487 3509 qua
510 3426 605 3492 domo
630 3426 763 3509 degunt,
787 3432 924 3510 possunt
948 3427 1114 3493 celebrare
1130 3426 1183 3493 vel
1199 3448 1310 3494 coram
1334 3450 1372 3495 se
1395 3432 1475 3497 cele

159 3516 246 3581 brari
269 3515 379 3581 iacere
402 3515 434 3582 in
458 3517 558 3582 altari
581 3516 744 3600 portatili:
769 3515 877 3598 ibique
900 3537 1012 3582 omnes
1028 3517 1141 3583 fideles
1157 3516 1369 3586 satisfaciunt
1383 3541 1475 3605 prae·

159 3610 253 3759 cappo
278 3604 509 3760 ercgpzipstico.
541 3605 595 3672 Ita
616 3605 648 3672 S.
665 3605 704 3671 R.
722 3605 755 3673 C.
781 3606 811 3671 d.
837 3608 877 3671 19
893 3604 973 3671 Maii
995 3610 1029 3672 et
1053 3605 1178 3672 81unii
1204 3608 1299 3684 1896,
1324 3608 1367 3676 of.
1384 3611 1475 3677 Derr.

157 3717 199 3759 nu
238 3716 299 3760 .u.
414 3747 421 3762 .
1459 3744 1463 3751 ·

96 3829 149 3884 250
246 3801 284 3866 R.
299 3803 329 3867 4.
361 3801 409 3869 Ut
425 3800 508 3866 alias
523 3800 557 3865 in
573 3802 664 3867 domo
678 3805 806 3887 privato
818 3800 917 3868 liceat
930 3800 1109 3866 oratorium
1121 3802 1249 3885 erigere
1264 3802 1297 3868 in
1310 3824 1374 3886 quo
1387 3805 1476 3873 habi·
1507 3627 1514 3895 1

157 3890 292 3958 tualiter
314 3890 416 3956 missa
439 3889 637 3969 celebretur,
669 3891 889 3956 necessarium
919 3896 970 3957 est
992 3890 1154 3958 indultum
1178 3893 1405 3976 apostolicum.
1435 3933 1474 3944 —

159 3979 313 4046 Similiter
335 4000 393 4044 seu
418 3979 523 4062 magis
546 3979 646 4044 etiam
670 3979 888 4045 necessarium
913 3985 964 4046 est
993 3978 1154 4049 indultum
1177 3983 1412 4066 apostolicum,
1443 3991 1474 4050 ut

160 4071 256 4135 liccat
279 4074 375 4135 extra
399 4068 544 4134 oratoria
560 4069 613 4133 vel
636 4068 768 4152 privata
785 4068 893 4134 divino
909 4068 1010 4135 cultui
1027 4071 1194 4135 exclusive
1210 4071 1377 4138 destinata
1393 4074 1475 4139 cele·

160 4159 253 4223 brare
275 4158 309 4222 in
333 4158 478 4240 quolibet
501 4159 572 4223 Ioco
596 4158 734 4223 honesto
750 4158 783 4223 in
807 4157 904 4224 altari
928 4159 1084 4241 portatili‚
1109 4159 1193 4241 quod
1217 4182 1277 4243 pro
1300 4161 1396 4228 libitu
1421 4184 1475 4228 au·

159 4248 235 4312 terri
260 4252 379 4331 potest.
426 4246 545 4330 Ampla
567 4247 616 4312 ita
646 4247 831 4311 celebrandi
860 4247 1033 4330 privilegia
1063 4249 1267 4316 sustulerunt
1289 4254 1361 4317 turn
1386 4253 1474 4319 Cone.

161 4338 251 4402 Trici.
277 4357 356 4403 sess.
382 4340 423 4400 22
449 4339 488 4402 cle
511 4337 716 4401 observandis
739 4339 772 4400 in
797 4339 883 4401 orias.
907 4337 1027 4417 celebr„
1051 4342 1120 4403 tum
1146 4339 1251 4420 magis
1275 4340 1377 4407 etiam
1401 4363 1474 4408 oon·

158 4425 346 4492 stitutiones
369 4426 487 4491 Clem.
512 4425 558 4489 XI
588 4425 617 4490 d.
643 4424 673 4490 d.
708 4428 746 4489 15
772 4426 848 4490 Dec.
877 4427 978 4500 1703,
1009 4426 1145 4494 innoc.
1171 4428 1257 4495 XIII.
1286 4433 1475 4517 „Apostolici

157 4513 538 4669 dniydsstgrilidnidlgblffi
563 4513 640 4579 Maii
667 4516 768 4591 1723,
800 4514 948 4580 Bened.
974 4515 1051 4580 XIV
1076 4519 1215 4601 „Mcpno
1245 4541 1318 4584 crim
1349 4522 1471 4587 onirno⁶
