3044 5174
151 287 214 347 522
628 283 833 337 Sacramentum
852 285 1023 338 matrimonii.

89 464 139 518 907
239 457 279 523 x.
295 461 326 522 4.
373 457 465 533 Quod
488 457 530 522 ad
555 477 689 522 uxorem
714 458 880 525 Loinberti
903 458 1032 536 attinet,
1061 459 1130 524 cius
1153 460 1300 526 condicio
1324 482 1406 528 sane
1428 468 1474 528 est

151 545 302 612 deterior.
349 544 436 611 Nam
460 566 543 611 uxor
569 545 676 611 sciens
706 547 947 613 matrimonium
980 548 1118 615 mixtum
1148 548 1260 627 inivit;
1291 550 1388 634 proin
1416 552 1474 616 viri

152 635 296 701 haeresis
319 655 418 699 causa
442 635 659 718 separationis
683 655 756 700 esse
779 636 907 719 nequit3
938 637 1024 718 quod
1055 641 1164 704 eutem
1195 639 1237 704 ab
1261 659 1328 705 una
1351 640 1473 706 haeresi

151 725 183 788 in
213 725 351 790 alteram
382 728 549 801 transeat,
582 728 706 790 statum
736 745 801 790 non
830 728 947 791 mutat.
994 728 1083 792 Bene
1111 727 1242 810 quidem
1273 728 1356 796 feeit
1387 748 1473 803 uxor,
1515 736 1518 785 l

151 813 234 879 filios
261 818 432 897 susceptos
456 813 614 878 educandi
638 834 737 879 causa
759 813 792 878 iu
815 818 889 880 tuto
905 814 1081 892 collocara;
1106 835 1211 898 neque
1231 818 1343 885 mariti
1367 824 1474 903 porm-
1516 812 1518 817 ’

151 903 228 968 latis
260 901 473 968 obsecundari
504 901 617 980 debet,
650 903 780 985 quando
808 903 894 969 filios
923 904 1099 983 reclamat,
1133 906 1247 971 volens
1277 927 1336 973 eos
1367 912 1474 975 aeetae

153 991 354 1057 acatholicae
376 992 525 1067 tradere,
556 991 610 1057 vel
634 992 752 1058 saltem
782 1013 893 1058 eorum
924 993 1114 1075 religionem
1137 999 1173 1060 et
1196 996 1474 1063 educationemin
1516 1036 1518 1041 .

152 1080 330 1164 periculum
354 1080 519 1145 inducens.
559 1082 717 1147 Attamen
740 1081 791 1147 ius
807 1081 989 1163 denegandi
1012 1083 1167 1150 consortii
1190 1084 1375 1167 coniugalis
1399 1107 1475 1152 uxor

152 1190 216 1235 non
246 1169 360 1235 habuit
389 1190 494 1252 neque
517 1190 603 1236 nunc
626 1171 741 1245 habet,
773 1170 835 1235 nisi
865 1171 1042 1239 accesserit
1064 1171 1127 1237 viri
1150 1172 1361 1242 adulterium.
1409 1175 1474 1240 Nisi

151 1258 253 1341 igitur
282 1258 477 1324 adulterium
510 1259 571 1323 viri
602 1259 741 1342 probare
770 1260 891 1343 possit,
925 1261 967 1325 ad
997 1261 1103 1325 virum
1134 1261 1189 1343 qui
1219 1283 1357 1329 uxorem
1389 1283 1474 1330 suam

152 1347 273 1430 repetit
295 1347 401 1412 redire
425 1352 565 1424 tenetur,
590 1369 654 1413 uon
678 1349 884 1415 obstantibus
901 1349 986 1415 votis
1002 1350 1174 1432 religiosis,
1198 1371 1283 1433 quae
1299 1351 1474 1437 impediunt

154 1436 283 1519 quidem
307 1436 478 1518 quominus
502 1437 672 1519 coniugale
696 1438 840 1503 debitum
864 1438 893 1504 ei
917 1439 1016 1505 liceat
1031 1443 1153 1523 petere,
1177 1461 1242 1505 nou
1265 1444 1379 1507 autem
1404 1463 1475 1524 quo

153 1525 259 1591 minus
283 1525 401 1591 debeat
423 1524 569 1592 reddere.
618 1525 783 1609 Optimum
814 1531 925 1594 tamen
948 1527 1028 1605 erit,
1059 1549 1193 1594 recursu
1216 1529 1357 1597 Romam
1382 1531 1473 1599 facto.

154 1619 304 1680 votorum
333 1615 528 1680 solutionem
558 1615 689 1698 plenam
721 1621 851 1701 petere:
884 1637 968 1698 quae
997 1638 1070 1682 cum
1099 1616 1133 1682 in
1162 1617 1319 1701 religiosa
1346 1640 1473 1702 cougre-
1515 1644 1518 1679 ι

154 1703 302 1786 gatione,
334 1725 397 1769 non
428 1703 461 1768 in
486 1703 598 1769 ordine
621 1704 735 1771 stricte
758 1709 904 1788 sumpto,
936 1705 1056 1772 emissa
1078 1707 1161 1782 sint,
1186 1713 1384 1775 manserunt
1406 1709 1474 1775 sim·

152 1792 259 1876 plicia,
283 1792 475 1876 faciliusque
498 1814 557 1877 per
580 1815 739 1860 summum
756 1794 939 1879 pontificem
956 1799 1090 1881 propter
1106 1816 1238 1861 causam
1254 1817 1394 1878 gravem
1417 1800 1474 1864 sol·

153 1884 283 1948 ventur.
316 1883 417 1949 Immo
442 1881 593 1949 existimo
617 1883 649 1947 iu
672 1882 736 1949 isto
761 1904 839 1950 casu
858 1882 955 1948 facile
978 1884 1109 1950 evenire
1131 1889 1169 1951 ut
1184 1890 1322 1970 propter
1337 1908 1473 1954 errorem

154 1971 184 2035 in
210 1971 404 2039 admittente
428 1971 587 2056 professio
618 1971 772 2054 religiosa
801 1977 900 2056 atque
931 1974 1026 2055 proin
1055 1973 1164 2038 omnia
1187 1979 1268 2040 vota
1298 1976 1367 2042 sint
1390 1976 1425 2042 in
1444 1997 1473 2041 se

156 2062 261 2125 noda:
284 2083 445 2126 summum
469 2060 570 2143 igitur
593 2061 792 2127 consulenda
815 2066 866 2129 est
889 2061 1088 2146 dispensatio
1111 2064 1157 2127 od
1179 2067 1357 2147 cautelam
1379 2086 1473 2148 eaque

156 2148 354 2233 dispensatio
379 2150 525 2228 videtur,
556 2149 698 2215 maxime
721 2155 856 2236 propter·
879 2150 1032 2216 audssum
1056 2155 1170 2217 votum
1194 2152 1380 2231 castitatis,
1409 2175 1472 2220 esse
1511 2164 1518 2295 Ι

154 2239 328 2305 secundum
353 2243 559 2324 praesentem
585 2238 753 2305 Ecclesiae
776 2238 978 2324 disciplinam
1003 2240 1159 2306 usualem.

294 2433 598 2506 MATRIMONII
628 2433 979 2507 lMPEDlMENTA
1005 2434 1351 2516 lMPEDIENTIA.

155 2613 331 2679 RELIGIO
347 2613 485 2680 INTER
501 2613 770 2680 BAPTIZATOS
788 2613 982 2680 DlVllllSA
998 2612 1301 2694 (MATRIMONIA
1314 2615 1468 2697 ΜΙΧΤΑ).

536 2752 776 2818 SPONSALIA
800 2753 891 2820 CUM
915 2754 1097 2819 ALTERO.

713 2918 823 2984 Cusus.
843 2925 920 2993 (tea)

242 3058 410 3118 Edeltrudis
431 3059 516 3134 virgo
544 3060 667 3118 multum
695 3060 801 3119 nobilis
830 3081 895 3120 cum
925 3061 1033 3118 iuvene
1062 3059 1152 3118 nobili
1181 3061 1336 3137 sponsalia
1364 3061 1470 3128 inierat,

155 3160 219 3200 cum
240 3140 270 3198 in
293 3139 508 3198 matrimonium
537 3139 687 3215 petitura
708 3140 840 3217 principe
862 3139 1044 3208 acatholico,
1073 3141 1155 3198 facta
1176 3161 1229 3217 spe
1257 3147 1291 3200 ut
1312 3160 1379 3200 cum
1400 3141 1471 3218 prole

155 3221 300 3281 catholice
322 3220 476 3279 educanda
491 3220 580 3277 ctiam
596 3239 703 3294 magna
718 3240 787 3296 pars
810 3221 910 3298 populi
926 3220 1091 3279 catholicae
1105 3219 1173 3278 fidei
1188 3221 1317 3279 uniatur.
1349 3221 1470 3299 Sponsam

154 3302 184 3358 in
206 3300 395 3359 dissolvenda
417 3300 570 3376 sponsalia
591 3320 649 3358 non
672 3301 828 3360 consentit.
865 3302 1051 3376 Quapropter
1072 3304 1157 3378 pater
1178 3301 1352 3360 Edeltrudis
1373 3300 1472 3359 litteris

155 3381 191 3438 ad
213 3381 242 3440 S.
264 3380 368 3438 Sedem
390 3380 467 3439 datis
490 3379 563 3455 petit
585 3380 834 3456 dispensationem
857 3383 894 3439 ab
915 3381 1123 3458 impedimento
1144 3381 1229 3439 mixti
1251 3380 1430 3441 matrimonii
1448 3385 1472 3438 et

155 3464 192 3519 ab
213 3460 421 3536 impedimento
443 3460 633 3535 sponsalium.

155 3573 330 3643 Qunnnrrun
354 3577 381 3632 1ο
402 3574 619 3633 matrimonium
640 3576 764 3633 mixtum
785 3595 843 3651 qua
863 3577 928 3650 lege
950 3575 990 3633 ait
1009 3574 1153 3633 illicitum.
1505 3506 1514 3611 i

355 3675 385 3730 2ο
406 3691 480 3747 quae
503 3672 543 3731 sit
563 3673 640 3732 ratio
662 3679 692 3731 et
713 3673 761 3749 qui
782 3673 885 3731 modus
901 3672 1091 3748 dispensandi
1107 3674 1144 3730 ab
1158 3657 1369 3748 impedimento
1385 3674 1473 3733 matri·

409 3752 498 3811 monii
519 3753 613 3812 mixti.

357 3852 386 3908 3⁰
406 3851 538 3987 pols'sitne
568 3870 698 3910 summus
726 3851 858 3927 pontifex
890 3850 1062 3927 dispensare
1091 3851 1128 3908 ab
1159 3850 1369 3927 impedimento
1399 3870 1475 3928 spon·

408 3949 442 3988 sa
455 3949 521 3990 rum.

355 4029 386 4086 4⁰
406 4027 474 4103 quid
495 4028 524 4085 in
547 4028 741 4088 matrimoniis
764 4029 864 4088 mixtis
887 4028 1098 4088 contrahendis
1120 4029 1339 4088 observandum
1362 4030 1410 4089 sit.
1509 3966 1517 4221 ⁸

748 4221 882 4286 Solutio.

96 4384 147 4438 908
246 4366 298 4428 Au
322 4385 514 4441 conseruari
541 4367 577 4426 1¹⁰
600 4362 638 4426 R.
664 4366 692 4426 1.
748 4361 991 4427 Matrimonium
1022 4362 1159 4427 mixtum
1192 4361 1293 4426 etiam
1318 4363 1476 4430 intereos

157 4475 293 4537 quorum
324 4460 462 4538 uterque
493 4450 679 4534 baptizatus
710 4455 777 4527 est,
808 4471 866 4515 seu
897 4449 1138 4515 matrimonium
1167 4450 1253 4515 inter
1276 4458 1408 4534 partem
1431 4473 1476 4519 ca·

156 4542 312 4609 tholicam
336 4550 369 4612 et
393 4541 608 4609 acatholicam
632 4540 843 4605 christianam
868 4540 940 4621 lege
963 4539 1106 4622 positiva
1122 4539 1291 4606 Ecclesiae
1316 4539 1476 4627 reprobari

158 4633 322 4699 indubium
347 4640 407 4702 est.
447 4631 555 4697 Testis
579 4630 665 4695 inter
688 4630 770 4695 alios
793 4634 845 4694 est
868 4629 1014 4693 Bened.
1032 4628 1107 4692 XIV
1133 4629 1261 4694 Decior.
1287 4631 1328 4696 de
1347 4637 1476 4699 matrim.

212 4894 284 5133 Ν,
