3044 5174
364 314 550 368 conferendae
568 314 688 369 confirm.
709 313 839 382 obligatio
858 341 892 350 -
911 316 1034 369 materia.
1319 323 1360 386 59

123 490 163 556 R.
189 493 219 557 2.
266 490 315 557 Ut
346 490 407 556 hac
441 490 474 554 in
506 511 542 555 re
577 494 711 574 propter
740 490 982 574 neglegentiam
1015 492 1164 574 graviter
1197 498 1361 577 peccetur,

76 580 212 662 quiritur
235 586 273 646 ut
296 601 355 663 per
377 580 520 664 spatium
544 581 653 645 8-10
677 601 835 645 annorum
859 580 1033 648 omittatur
1055 583 1274 661 confirmatio,
1300 584 1362 650 etsi

76 670 163 735 casio
187 669 337 753 praeberi
361 670 506 752 potuerit
530 673 564 735 et
587 669 701 752 possit.

123 768 163 832 R.
189 771 219 832 3.
257 766 400 848 Singulis
430 772 540 833 autem
572 766 626 849 qui
646 767 831 832 confirmari
854 767 997 832 nondum
1027 768 1197 852 potuerint
1219 769 1252 835 in
1275 771 1361 854 peri·

76 858 107 923 lo
130 857 247 922 mortis
278 856 557 922 confirmationem
588 856 819 922 administrare
847 856 1004 939 obligatio
1035 879 1098 922 non
1123 863 1191 924 est:
1222 880 1294 924 cum
1320 881 1361 925 ex

76 970 98 1012 a
120 951 218 1030 parte
241 950 483 1011 sacramentum
513 946 574 1011 hoc
598 967 662 1010 non
693 947 737 1012 sit
760 947 847 1012 inter
869 946 1073 1024 necessaria,
1105 968 1147 1012 ex
1178 948 1243 1013 alia
1267 955 1362 1032 parte

76 1037 202 1119 iscopo,
226 1035 255 1100 si
279 1035 426 1101 omnibus
450 1056 595 1100 annuere
618 1036 736 1113 vellet,
767 1035 999 1117 gravissimum
1023 1057 1105 1101 onus
1128 1036 1361 1120 imponeretur,

83 1124 280 1208 quibusdam
303 1129 444 1202 tautum,
468 1123 530 1190 hoc
553 1123 661 1191 studio
686 1125 828 1208 partium
852 1125 949 1190 facile
972 1126 1183 1194 tribueretur.

121 1241 176 1305 Aa
199 1261 391 1316 ouansrruu
415 1243 455 1306 3¹²
477 1239 516 1307 R.
536 1242 564 1305 1.
600 1239 743 1306 Materia
765 1245 893 1306 remota
909 1246 962 1307 est
978 1240 1120 1307 chrisma
1143 1242 1185 1306 ab
1209 1242 1362 1327 episcopo
1373 1260 1423 1315 102

76 1330 260 1396 nedictum:
289 1334 389 1412 atque
411 1329 460 1395 ita
490 1328 619 1411 quidem
650 1333 688 1395 ut
711 1337 828 1395 certum
851 1332 893 1395 sit
922 1330 1044 1411 requiri
1070 1329 1102 1412 1)
1127 1331 1234 1396 oleum
1258 1332 1362 1398 oliva·

76 1442 114 1496 m,
141 1420 175 1503 2)
199 1419 344 1503 episcopi
366 1418 636 1494 benedictionem,
660 1418 721 1483 nisi
745 1417 832 1485 forte
855 1440 1001 1484 summus
1024 1419 1175 1504 pontifex
1198 1421 1363 1488 sacerdoti

76 1508 170 1593 uplici
192 1508 226 1573 id
250 1508 459 1585 commiserit,
484 1506 516 1572 id
540 1507 627 1589 quod
650 1507 822 1573 hodiedum
847 1509 966 1574 saltem
988 1509 1060 1575 fieri
1084 1531 1149 1574 non
1172 1510 1267 1578 solet.

118 1615 159 1682 R.
185 1618 215 1680 2.
255 1614 474 1681 Probabiliter
495 1614 595 1680 etiam
620 1614 799 1697 requiritur
822 1614 864 1680 ad
881 1616 1027 1680 valorem
1053 1615 1087 1696 1)
1110 1620 1148 1682 ut
1171 1616 1259 1683 adsit
1273 1637 1361 1683 com·

76 1705 148 1772 xtio
179 1704 334 1783 balsami,
369 1705 403 1788 2)
427 1703 534 1787 magis
564 1705 664 1769 etiam
697 1708 733 1770 ut
763 1703 946 1770 benedictio
976 1705 1077 1771 fuerit
1106 1705 1165 1771 illa
1194 1727 1279 1789 quae
1310 1711 1362 1773 est

76 1794 201 1860 rismati
226 1793 397 1877 specialis,
429 1815 494 1859 non
523 1792 706 1858 benedictio
731 1793 875 1859 oleorum
899 1793 1101 1859 infirmorum
1123 1794 1177 1859 vel
1206 1795 1361 1861 catechu-

76 1904 213 1950 morum.
253 1882 370 1962 Quare,
395 1882 422 1948 si
446 1882 522 1966 quid
546 1881 662 1949 horum
687 1883 789 1959 deest,
814 1883 1017 1948 confirmatio
1042 1887 1092 1949 est
1116 1887 1226 1949 collem
1251 1884 1360 1951 dudio.

124 1990 166 2055 R.
192 1992 223 2056 3.
271 1989 322 2054 Ad
346 1989 492 2054 valorem
516 1988 646 2071 quidem
670 2010 734 2053 non
757 1989 936 2071 requiritur
959 1989 1100 2056 chrisma
1123 2011 1254 2068 recens,
1287 1991 1307 2057 i.
1333 2013 1360 2057 e.

76 2100 104 2144 so
128 2078 186 2143 illo
210 2100 296 2144 anuo
320 2081 547 2144 consecratum
571 2077 788 2158 (consecratio
821 2080 859 2144 fit
888 2077 948 2145 fer.
973 2078 1002 2142 V
1031 2078 1065 2143 in
1088 2079 1176 2144 Cena
1200 2079 1360 2161 Domiui);

76 2189 152 2233 rum
176 2167 217 2233 ad
241 2167 421 2235 liceitatem
445 2167 478 2232 id
501 2168 561 2232 sub
585 2167 681 2250 gravi
704 2167 897 2249 requiritur,
931 2166 992 2232 nisi
1016 2168 1049 2232 in
1073 2167 1260 2251 regionibus
1284 2169 1360 2234 mis·

76 2279 161 2322 »num
185 2257 385 2341 simplicibus
415 2256 642 2323 sacerdotibus
666 2257 698 2323 S.
724 2256 824 2322 Sedes
855 2257 995 2340 amplius
1025 2257 1147 2340 aliquid
1177 2257 1359 2326 indulserit.

123 2355 163 2422 R.
188 2357 219 2421 4.
266 2354 407 2421 Materia
430 2354 581 2438 proxima
605 2358 656 2420 est
684 2354 794 2420 unctio
820 2355 852 2436 l)
874 2354 910 2419 in
932 2353 1058 2433 fronte,
1090 2356 1124 2437 2)
1148 2375 1208 2440 per
1230 2356 1359 2422 modum

76 2444 156 2520 rcis,
186 2444 221 2524 3)
245 2465 310 2508 non
333 2444 438 2509 medio
462 2444 679 2509 instrumento
703 2444 761 2508 sed
783 2443 856 2527 ipsa
879 2464 977 2509 manu
1001 2444 1154 2528 episcopi,
1185 2465 1250 2527 quo
1274 2446 1361 2511 vem'·

76 2539 152 2600 etur
176 2533 337 2615 quaedam
359 2554 477 2599 manus
498 2532 681 2616 impositio:
713 2533 762 2599 ita
785 2537 822 2598 ut
846 2532 995 2600 deiectus
1018 2533 1051 2598 in
1075 2533 1222 2616 qualibet
1245 2555 1287 2600 ex
1311 2534 1361 2601 his

76 2623 278 2688 udicionibus
302 2621 501 2688 enumeratis
520 2622 574 2687 vel
598 2625 688 2688 certe
711 2621 889 2687 invalidam
912 2623 966 2688 vel
989 2622 1119 2688 dubiam
1143 2623 1261 2690 reddat
1285 2645 1361 2689 con·

76 2713 263 2780 mationem.
315 2713 371 2779 Te.
395 2735 435 2778 m.
460 2711 502 2789 Π,
527 2714 580 2777 93.

123 2838 177 2901 An
201 2855 393 2912 Quaasrruu
416 2835 456 2899 4²
479 2833 518 2900 R.
547 2838 574 2901 l.
614 2834 774 2900 Absolute
797 2835 992 2919 reprehendi
1015 2856 1079 2900 non
1103 2840 1214 2918 potest
1236 2836 1270 2900 in
1293 2837 1420 2905 ulla103

91 2924 249 2990 admissio
279 2929 330 2991 tot
360 2925 562 2989 diversarum
593 2944 816 3006 personarum.
842 2924 1011 2990 —Plane
1040 2924 1171 2992 admitti
1199 2925 1361 2993 debebant

76 3015 148 3092 ulti,
175 3013 275 3079 etiam
299 3013 465 3095 coniugati
489 3013 543 3096 qui
568 3012 848 3079 confirmationem
863 3017 1039 3097 utcumque
1060 3013 1202 3079 noudum
1226 3035 1361 3098 accepe-

76 3107 126 3180 ut3
164 3108 264 3184 atque
294 3103 395 3168 etiam
424 3103 510 3168 male
534 3106 644 3168 actum
674 3106 763 3167 esset
792 3102 821 3167 si
852 3102 924 3185 quis
953 3125 1066 3169 eorum
1097 3104 1250 3169 exclusus
1274 3108 1362 3171 esset

76 3193 88 3259 i
113 3215 140 3259 s.
167 3192 425 3258 communionem
448 3191 514 3256 iam
538 3197 744 3275 acceperant.

124 3290 164 3356 R.
191 3293 220 3355 2.
261 3290 295 3355 Si
319 3290 401 3355 satis
425 3294 552 3355 certum
575 3293 647 3355 erat
671 3296 746 3374 post
770 3289 896 3372 aliquot
919 3310 1022 3355 annos
1045 3290 1150 3356 denuo
1174 3290 1246 3356 fore
1269 3311 1361 3356 occa·

76 3400 161 3445 »nam
186 3379 392 3463 recipiendae
416 3378 680 3456 confirmationis,
704 3378 851 3460 generali
872 3379 968 3462 praxi
983 3378 1089 3462 magis
1106 3385 1361 3446 consentaneum

76 3473 110 3537 at
139 3469 286 3535 infantes
316 3468 371 3551 qui
401 3489 495 3533 usum
526 3467 663 3534 rationis
690 3468 833 3533 nondum
863 3468 1046 3550 attigerant
1079 3490 1143 3534 non
1175 3468 1360 3535 admittere.

125 3566 165 3631 R.
191 3569 221 3633 3.
261 3566 378 3631 Relate
402 3567 442 3630 ad
467 3586 523 3630 eos
547 3564 602 3647 qui
618 3570 762 3631 aetatem
781 3564 919 3631 rationis
936 3565 1065 3648 quidem
1081 3565 1248 3632 habebant
1263 3569 1363 3648 atque

76 3677 136 3722 ‚am
167 3655 353 3721 necessaria
379 3654 595 3722 instructione
624 3654 765 3738 praediti
797 3658 909 3734 erant,
940 3654 997 3719 sed
1031 3655 1073 3720 ad
1103 3655 1242 3738 primam
1273 3676 1361 3720 com·

76 3744 221 3811 inionem
244 3745 385 3810 noudum
415 3743 564 3821 admissi,
596 3744 717 3809 rectius
741 3745 902 3825 agebatur
925 3765 984 3827 per
1008 3744 1236 3810 admissionem
1264 3765 1360 3828 quam

76 3857 94 3901 r
117 3832 325 3911 dilationem,
355 3839 393 3900 ut
416 3854 462 3908 ex.
481 3832 601 3900 litteris
624 3833 742 3898 Leonis
765 3833 843 3898 XIII
867 3833 908 3898 ad
932 3854 983 3917 ep.
1008 3833 1246 3899 Massiliensem
1276 3835 1305 3900 d.
1331 3833 1360 3899 d.

102 3922 173 3989 Iun.
202 3925 284 3989 1897
310 3923 426 3989 elucet.
469 3921 534 3988 Ubi
557 3922 720 3988 habentur
743 3923 840 3988 haec:
878 3921 1066 4004 ,Abrogata
1090 3944 1173 4005 quae
1196 3926 1268 3988 toto
1293 3923 1362 3987 fere

76 4014 168 4080 oculo
198 4012 380 4078 inoleverat
409 4011 658 4087 cousuetudine,
690 4011 794 4076 visum
828 4012 888 4077 tibi
919 4016 970 4077 cst
999 4011 1033 4075 in
1063 4033 1170 4077 mores
1203 4011 1361 4077 dioecesis

76 4124 113 4170 ae
137 4102 291 4167 inducere
315 4105 351 4167 ut
373 4101 475 4184 pueri,
501 4110 670 4186 antequam
690 4100 798 4166 divino
815 4101 1032 4167 eucharistiae
1051 4102 1146 4184 epulo
1163 4101 1360 4178 reficiantur,

76 4193 252 4260 ristianum
276 4191 531 4256 confirmationis
555 4195 796 4255 sacramentum
813 4190 899 4255 almo
916 4191 1037 4256 inuncti
1061 4191 1236 4256 chrismate
1259 4189 1361 4255 susci·

76 4285 136 4349 ant.
157 4335 164 4348 .
183 4335 216 4348 ..
257 4280 462 4364 Propositum
487 4279 588 4361 igitur
608 4284 700 4344 tuum
717 4279 887 4345 laudamus
911 4281 1152 4346 cummaxime.
1173 4333 1180 4346 .
1200 4329 1232 4346 ..
1274 4281 1363 4359 θυαε

84 4381 114 4439 te
144 4374 307 4457 sapienter
337 4378 410 4434 aunt
440 4373 623 4452 constituto,
655 4378 799 4454 epicroca
831 4377 865 4435 ut
893 4371 1029 4452 fidelder
1054 4377 1267 4454 perpetuoque
1296 4390 1361 4433 aer·

76 4466 176 4529 rturf‘
228 4458 277 4524 Cf.
302 4462 456 4525 Analecta
481 4463 547 4525 eccl.
573 4458 645 4534 VII,
671 4460 752 4531 37&
783 4459 838 4524 re.
864 4481 904 4524 m.
928 4458 969 4535 Il,
998 4463 1070 4524 102.

120 4587 177 4654 An
203 4604 395 4661 quaasrruu
412 4586 451 4647 5⁰²
475 4584 513 4650 R.
535 4586 561 4652 l.
595 4582 687 4659 Quod
711 4604 864 4647 numerus
887 4583 1041 4664 frequens
1057 4585 1267 4648 confirmatus
1291 4585 1363 4648 erat
1374 4598 1424 4653 104

76 4701 101 4745 m
127 4674 455 4751 catechumenorum,
489 4673 637 4738 defectus
661 4677 712 4738 est
742 4672 796 4755 qui
820 4672 978 4738 reddebat
1000 4677 1242 4738 sacramentum
1266 4669 1362 4735 valde
