3044 5174
299 297 416 353 Ordines
434 298 506 353 sacri
524 327 559 336 -
577 298 702 353 deiectus
720 297 748 351 in
766 296 957 367 presbyteratu
976 295 1146 350 conferendo.
1311 301 1375 366 397

66 475 244 559 quominus,
275 475 303 540 si
332 474 467 557 gravior
497 473 645 541 defectus
674 475 707 540 in
738 474 915 540 traditione
945 473 1236 540 instrumentorum
1264 494 1377 538 occur-

66 565 150 642 ·erit,
188 565 287 648 plane
319 585 340 629 6
371 563 551 647 supplendo
584 584 641 629 seu
675 563 865 645 corrigendo
901 561 1031 628 defectu
1066 563 1232 628 abstinere
1267 563 1376 639 116661,

66 654 208 720 ›rebibet
241 652 355 737 praxis
389 652 557 717 Ecclesiae
591 653 757 735 hucusque
792 653 978 719 observata.
1017 687 1061 696 -·
1098 653 1145 717 At
1179 653 1212 716 16
1247 652 1376 716 ordina·

66 745 141 810 ione
167 742 308 808 Celerini
338 740 495 807 eiusmodi
526 741 674 807 defectus
704 741 817 823 gravis
847 762 911 806 non
941 740 1098 819 occurrit,
1132 745 1232 823 61666
1262 762 1376 805 66666-

66 834 129 899 lum
170 829 303 917 praxim
340 834 506 896 recentem
545 831 578 898 S.
614 829 721 896 Officii
759 830 790 896 ei
826 830 923 914 plane
960 829 1192 913 iniungendum
1232 835 1301 908 est,
1342 836 1378 896 ut

66 922 255 1005 6666166661.

141 1027 185 1095 R.
210 1030 241 1094 2.
287 1024 508 1092 Ratiocinatio
532 1024 664 1103 Maturi,
689 1025 716 1090 si
740 1024 884 1109 practice
907 1024 1062 1091 sustineri
1085 1030 1207 1109 posset,
1232 1026 1439 1111 applica-695

66 1117 180 1184 ionem
201 1115 340 1181 haberet
367 1113 400 1179 16
424 1134 503 1179 6666
533 1115 747 1180 ordinationis
770 1136 792 1179 a
813 1115 983 1180 Desiderio
1011 1123 1169 1200 peractae.
1215 1114 1302 1181 Nam
1325 1136 1378 1181 re·

66 1227 135 1273 'era
158 1204 205 1270 ibi
227 1225 292 1270 non
315 1201 456 1270 obtinuit
479 1202 643 1269 ullatenus
674 1203 802 1268 debitus
834 1203 1124 1269 instrumentorum
1147 1207 1268 1269 166166.
1314 1204 1377 1270 Ea·

66 1295 203 1362 entibus
226 1292 386 1376 siquidem
409 1290 558 1357 omnibus
581 1292 748 1373 tangenda
771 1297 848 1359 sunt
870 1313 934 1357 non
959 1292 1045 1358 calix
1061 1297 1096 1359 et
1118 1297 1240 1376 patena
1263 1313 1377 1370 vacua,

66 1384 109 1451 ed
135 1382 311 1449 materiam
335 1380 589 1448 consecrationis
612 1380 829 1457 continentia;
859 1402 974 1446 verum
1004 1380 1062 1447 illa
1090 1380 1230 1448 materia
1258 1381 1292 1446 in
1315 1381 1380 1448 isto

66 1494 135 1540 asu
158 1491 197 1538 re
219 1472 291 1556 ipsa
313 1470 437 1549 deerat,
462 1491 534 1535 cum
557 1489 617 1553 pro
640 1469 716 1534 vino
739 1490 826 1552 aqua
848 1468 892 1536 sit
914 1474 1074 1554 porrecta.

145 1577 272 1655 Quare,
306 1597 378 1642 cum
408 1575 615 1642 ratiocinatio
645 1575 766 1640 Maturi
796 1576 940 1659 66661166
969 1581 1111 1658 nequeat
1140 1575 1289 1654 admitti,
1321 1576 1380 1642 du-

66 1668 147 1734 dum
180 1687 243 1732 non
276 1671 328 1732 est
359 1664 436 1747 quin
468 1665 528 1730 sub
561 1664 748 1731 condicione
780 1664 942 1730 ordinatio
974 1664 1018 1731 611
1049 1665 1242 1749 repetenda,
1276 1686 1380 1748 eaque

66 1762 207 1913 ptpffi:
242 1775 337 1820 66666
371 1753 501 1819 omnino
531 1752 645 1819 similis
679 1759 731 1820 661
765 1754 794 1818 61
824 1774 920 1837 quem
950 1753 1050 1819 habes
1078 1774 1178 1838 supra
1206 1775 1282 1839 pag.
1314 1758 1378 1821 396

145 1949 264 2031 Neque
297 1953 408 2015 tamen
442 1947 589 2032 improbo
624 1948 743 2031 agendi
776 1949 937 2016 rationem
973 1947 1161 2025 directoris,
1197 1949 1252 2032 qui
1286 1949 1381 2016 iussit

66 2041 231 2109 acn'stam
265 2038 362 2104 silere
396 2041 495 2120 atque
529 2037 777 2104 neo-ordinatos
811 2038 852 2104 ad
886 2037 1047 2122 primitias
1083 2038 1294 2103 celebrandas
1326 2059 1380 2103 ac·

66 2127 291 2305 iggiitriicst'
322 2127 350 2192 si
380 2127 475 2193 modo
506 2130 621 2211 postea
651 2147 762 2192 curam
784 2128 905 2194 habeat
927 2132 963 2194 ut
985 2149 1044 2211 pro
1067 2127 1197 2192 6661616
1219 2127 1380 2194 ordinatio

146 2322 322 2389 Rationem
345 2322 446 2388 reddo
468 2321 564 2387 huius
587 2322 744 2405 responsi.
776 2322 864 2387 Nam
886 2321 952 2386 alia
975 2321 1191 2388 desideranda
1209 2327 1262 2389 est
1284 2323 1381 2389 certi·

66 2414 147 2492 udo,
175 2412 304 2495 quando
328 2411 438 2493 agitur
461 2410 501 2476 de
524 2415 596 2477 1616
619 2411 690 2476 6116
713 2411 909 2477 sacerdotali
926 2412 1087 2493 longeque
1103 2432 1269 2477 sacrarum
1289 2413 1381 2477 func·

65 2505 184 2569 ionum
207 2500 301 2577 serie,
326 2521 368 2565 ex
391 2500 507 2582 quibus
530 2501 706 2565 multorum
729 2507 864 2568 6616666
880 2501 970 2565 66166
985 2500 1140 2566 facillime
1156 2500 1292 2584 pendst;
1316 2501 1382 2566 alia

66 2591 223 2659 66111616
246 2588 385 2666 66111611,
410 2588 438 2654 si
462 2588 573 2672 agitur
596 2589 635 2654 de
658 2588 816 2671 singulari
840 2589 950 2671 aliqua
972 2610 1067 2655 sacra
1089 2589 1273 2668 functione,
1298 2610 1381 2673 6666

66 2680 166 2763 uagis
189 2682 320 2762 6666161
342 2677 447 2762 ipsum
472 2678 675 2743 sacerdotem
698 2699 795 2760 quam
820 2679 960 2744 alienam
976 2678 1115 2744 salutem
1132 2682 1311 2745 aeternam.
1344 2679 1380 2744 16

66 2767 242 2836 1661661666
272 2787 350 2833 casu
381 2771 555 2833 contentus
578 2766 695 2849 aliquis
718 2789 790 2833 esse
812 2772 924 2851 661661
946 2766 1140 2832 certitudine
1170 2767 1237 2833 1616
1266 2769 1382 2833 morali

66 2858 112 2925 rel
136 2877 260 2939 magna
284 2854 533 2940 probabilitate,
564 2877 648 2939 quae
671 2855 830 2933 sufficiat,
862 2857 889 2921 si
913 2856 1023 2939 agitur
1053 2855 1093 2921 de
1116 2855 1246 2922 homine
1270 2878 1380 2922 sacra-

66 2951 206 3015 nentum
229 2945 361 3010 volente
384 2944 558 3028 suscipere.
605 2945 767 3012 Existimo
791 2950 901 3011 autem
924 2944 1142 3022 sententiam,
1175 2966 1259 3027 6666
1282 2946 1380 3010 etiam

66 3059 87 3103 6
104 3034 215 3102 161166
225 3032 373 3100 Ecclesia
388 3037 493 3099 totam
509 3033 745 3100 ordinationem
762 3033 965 3118 impositione
978 3039 1012 3100 61
1027 3033 1217 3100 extensione
1228 3055 1380 3099 manuum

66 3146 134 3192 :um
157 3123 310 3209 precibus
333 3121 493 3188 adiunctis
516 3121 736 3189 essentialiter
757 3122 869 3206 perfici
891 3128 999 3202 16661,
1031 3126 1145 3190 166166
1168 3143 1240 3188 esse
1264 3123 1381 3207 proba·

66 3212 199 3281 ›ilitatis
222 3233 279 3277 seu
302 3210 436 3277 moralis
460 3211 663 3277 certitudinis
687 3216 732 3290 ut,
756 3211 783 3276 61
801 3211 840 3276 de
863 3211 933 3277 solo
958 3212 1041 3278 bono
1058 3211 1188 3297 privato
1212 3211 1382 3277 ordinandi

66 3306 226 3387 igeretur,
249 3299 365 3366 liceret
387 3299 417 3365 61
440 3305 592 3366 66616616
616 3321 688 3365 esse
711 3299 914 3366 ordinatione
937 3321 1009 3365 cum
1032 3305 1128 3368 tanta
1150 3300 1381 3384 probabilitate

66 3396 206 3459 6666616.
238 3389 324 3455 Nam
348 3389 520 3456 sustulisse
543 3388 723 3455 Ecclesiam
740 3389 805 3454 vim
823 3390 1094 3454 sacramentalem
1111 3390 1157 3454 illi
1174 3389 1261 3470 ritui,
1286 3411 1380 3473 quem

66 3507 75 3547 ι
98 3478 217 3566 primis
240 3478 379 3544 saeculis
401 3499 530 3562 semper
552 3483 589 3544 ut
613 3479 820 3545 essentialem
836 3479 993 3555 exercuit,
1019 3478 1159 3543 debebat
1174 3479 1246 3545 luce
1263 3479 1383 3545 clarius

66 3566 297 3636 lemonstrari:
328 3566 471 3650 alioquin
500 3567 597 3649 longe
627 3567 748 3633 rectius
781 3567 911 3651 putabis
935 3567 1033 3632 ritum
1064 3566 1211 3633 additum
1234 3590 1305 3634 esse
1329 3569 1380 3635 661

66 3678 149 3724 6666
175 3655 409 3722 accidentalem
431 3656 501 3733 661,
532 3656 560 3720 61
583 3655 668 3721 16616
691 3655 888 3722 sacramenti
911 3655 1114 3734 effectivum,
1137 3655 1170 3721 id
1193 3657 1383 3723 secundarie

66 3751 208 3823 zeutam,
240 3744 365 3811 scilicet
394 3765 453 3828 pro
483 3765 561 3809 casu
593 3766 656 3826 quo
687 3744 774 3810 16616
804 3745 837 3810 16
868 3744 975 3829 661666
1005 3745 1070 3811 6116
1103 3750 1247 3811 erratum
1272 3746 1380 3812 166611.

66 3835 205 3902 luxisse
228 3833 409 3900 Ecclesiam
433 3855 475 3899 ex
498 3853 570 3898 sese
593 3834 772 3917 periculum
795 3835 956 3900 nullitatis
979 3834 1145 3913 ordinum,
1177 3835 1249 3917 quis
1279 3834 1381 3899 credi·

66 3925 170 3991 ierit?
209 3923 320 4006 Longe
344 3921 542 4007 probabilius
567 3927 617 3988 est
641 3944 712 3989 eam
736 3924 815 3989 illud
840 3922 1037 3991 diminuisse.
1075 3923 1178 3990 Recte
1201 3924 1302 4005 igitur
1325 3944 1383 4006 po·

66 4013 125 4080 mit
149 4012 292 4078 director
314 4012 388 4078 illos
410 4011 658 4079 neo-ordinatos
673 4012 706 4077 in
721 4012 908 4095 ignorantia
926 4012 1109 4095 relinquere
1125 4017 1225 4095 atque
1240 4012 1280 4077 ad
1298 4012 1381 4076 cele·

66 4102 220 4171 666166]
243 4101 376 4167 missam
400 4101 564 4166 inducere.

151 4208 215 4274 Sed
239 4207 390 4290 quoniam
415 4212 531 4292 postea
554 4207 647 4273 valor
676 4211 728 4273 161
756 4212 1036 4273 sacramentorum
1060 4227 1235 4288 eorumque
1258 4226 1382 4270 summe

66 4296 319 4365 necessariorum
343 4297 377 4362 in
400 4296 623 4380 quaestionem
647 4295 754 4363 venit:
784 4296 965 4362 theoretica
988 4296 1044 4361 1116
1068 4295 1228 4361 certitudo
1250 4295 1384 4359 moralis

66 4391 197 4472 propter
219 4385 416 4451 contrariam
439 4385 636 4451 sententiam
659 4386 834 4451 multorum
850 4385 1075 4466 theologorum
1099 4385 1236 4449 deicitur
1258 4387 1383 4448 666611-

66 4478 174 4544 ?udine
192 4478 354 4563 practica,
382 4475 577 4540 11661666
601 4474 699 4540 116661
728 4495 786 4556 666
810 4477 942 4558 6661666
972 4480 1119 4556 tempore
1146 4472 1382 4538 ordinationem

66 4589 90 4634 n
114 4565 176 4632 illa
197 4563 345 4648 practica
368 4562 597 4630 incertitudine
621 4563 813 4645 relinquere.
