3044 5174
257 282 452 354 Inpedimenta
470 283 634 338 matrimonii
652 282 822 338 dirimentis:
843 312 876 321 —
895 283 987 349 affin,
1006 282 1115 355 publica
1133 283 1271 338 honestas.
1362 286 1436 350 557.

190 461 229 526 R.
255 464 285 528 3.
334 461 397 526 Sed
429 482 515 525 nunc
546 459 686 527 obicitur
717 460 835 545 copula
864 459 1002 525 Heraldi
1035 481 1108 524 oum
1140 459 1231 526 Lina.
1279 459 1368 537 Quae
1399 460 1428 526 si

98 550 282 616 antecessit
303 550 414 634 priora
437 549 619 634 sponsalia,
650 550 814 615 Heraldus
837 549 945 613 affinis
967 548 1077 614 factus
1100 552 1173 614 erat
1197 570 1270 614 cum
1293 549 1367 626 Ida,
1393 554 1427 616 et

97 640 183 705 Lina
213 639 322 704 affinis
345 639 436 705 facta
458 642 532 704 erat
562 659 634 703 cum
659 638 855 703 Wimmero:
886 638 935 704 ita
958 642 995 703 ut
1017 637 1127 721 priora
1151 639 1317 721 sponsalia
1340 638 1427 705 inter

98 728 175 804 illos
199 749 264 794 non
287 728 410 794 fuerint
433 728 544 793 valida
567 748 672 810 neque
699 727 889 793 induxerint
911 726 1060 811 publicae
1083 728 1266 793 honestatis
1290 727 1427 811 impedi·

98 823 264 895 mentum,
288 818 381 902 proin
405 816 578 883 mutationi
602 838 794 901 sponsarum
819 837 884 881 non
907 816 1012 881 solum
1031 815 1111 880 nihil
1127 816 1246 894 obstat,
1271 817 1329 881 sed
1346 817 1426 883 baec

97 907 172 973 sola
195 907 250 972 via
280 910 331 972 est
361 907 442 972 duas
469 906 543 971 illas
567 927 696 971 sorores
719 905 926 972 matrimonio
950 905 1106 987 iungendi
1130 905 1276 970 cumbis
1300 906 1425 972 duobus

97 995 268 1062 iratribus.

190 1110 230 1178 R.
254 1112 284 1177 4.
321 1110 355 1176 Si
377 1130 457 1174 vero
481 1111 597 1193 copula
621 1109 757 1175 Heraldi
781 1131 854 1174 cum
877 1110 959 1176 Lina
982 1114 1097 1176 secuta
1121 1113 1172 1175 est
1195 1110 1304 1192 priora
1328 1126 1453 1195 spon-9¹

97 1199 193 1278 salia,
218 1205 335 1266 neuter
358 1219 430 1264 cum
455 1205 573 1265 neutra
594 1198 837 1265 matrimonium
859 1197 941 1264 inire
958 1203 1077 1282 potest,
1102 1220 1298 1281 quamquam
1315 1201 1425 1284 priora

97 1288 266 1373 sponsalia
294 1287 378 1353 inita
401 1287 523 1352 fuerint
546 1287 664 1356 valide.
704 1287 791 1352 Nam
815 1287 986 1369 quominus
1009 1287 1174 1353 Heraldus
1198 1290 1340 1355 retineat
1366 1310 1424 1355 seu

98 1378 200 1444 ducat
215 1377 308 1443 Idam
330 1398 483 1460 sponsam
507 1397 609 1454 suam,
634 1377 770 1459 impedit
784 1376 1051 1460 impedimentum
1067 1378 1301 1460 superveniens
1318 1379 1424 1444 affini·

96 1467 190 1546 tatis,
215 1471 316 1549 atque
331 1466 481 1532 similiter
497 1465 669 1548 quominus
684 1465 765 1532 Lina
781 1467 884 1532 nubat
899 1466 1089 1533 Wimmero.
1121 1466 1298 1543 Quominus
1314 1474 1424 1535 autem

96 1577 240 1641 sponsae
256 1558 433 1632 mutentur,
450 1555 586 1638 impedit
601 1554 867 1638 impedimentum
884 1555 1033 1638 publicae
1048 1555 1243 1623 honestatis.
1272 1557 1423 1641 Ideoque,

96 1651 135 1712 ut
163 1646 335 1730 proposita
363 1644 572 1710 matrimonia
603 1645 751 1711 contrahi
780 1645 924 1729 possint,
958 1665 1087 1729 semper
1117 1645 1350 1711 recurrendum
1374 1651 1425 1712 est

96 1757 157 1819 pro
182 1734 435 1819 dispensatione.

187 1851 227 1918 R.
254 1852 284 1916 5.
324 1849 402 1915 Cum
434 1848 642 1914 nihilominus
666 1849 829 1914 Heraldus
860 1869 933 1913 cum
956 1848 1039 1914 Lina
1068 1848 1312 1915 matrimonium
1342 1851 1423 1917 inire

96 1940 219 2006 saltem
241 1938 433 2016 tentaverit,
457 1938 564 2020 idque,
589 1944 626 2005 ut
650 1959 692 2003 ex
715 1959 793 2003 casn
816 1959 945 2003 sumere
968 1938 1056 2016 licet,
1081 1938 1114 2003 in
1136 1938 1221 2004 facie
1244 1940 1421 2018 Ecclesiae,

96 2030 182 2095 sumi
213 2029 311 2094 debet
336 2027 570 2112 impedimenta
600 2027 758 2093 mansisse
786 2028 915 2093 occulta
938 2048 1043 2110 neque
1067 2048 1088 2092 a
1111 2028 1238 2112 sponsis
1261 2028 1363 2094 fuisse
1386 2034 1423 2096 ut

95 2118 333 2272 iImpertiimenta
347 2116 548 2270 cognitatvel
573 2116 878 2271 manigestatataut
902 2116 1177 2218 dispensationem
1201 2138 1275 2272 ess}
1288 2119 1421 2273 incitatur.

112 2229 135 2272 n
166 2227 240 2272 nro
265 2227 305 2272 ue
334 2228 413 2272 casn
444 2227 553 2270 auem
586 2226 628 2270 ex
680 2228 718 2270 oc
748 2227 954 2271 manmomo
982 2227 1046 2270 non
1071 2226 1294 2272 consummas
1319 2229 1366 2273 on
1385 2230 1423 2273 ur

96 2228 365 2380 impedimqeutum
401 2295 549 2378 publicae
584 2294 767 2359 honestatis
805 2316 907 2377 usque
945 2295 987 2360 ad
1022 2299 1060 2359 4¹²¹
1093 2295 1230 2376 gradum
1265 2297 1423 2363 inclusive

95 2385 275 2451 secundum
306 2406 346 2450 ea
369 2405 453 2467 quae
476 2383 517 2449 ad
543 2386 581 2447 2¹¹²
605 2383 794 2460 Quaesitum
822 2384 1018 2451 dictasunt.
1066 2384 1272 2468 Quapropter
1294 2390 1420 2470 postea,

96 2474 161 2542 etsi
185 2474 427 2540 matrimonium
451 2473 521 2557 ipso
546 2471 634 2538 facto
659 2473 781 2539 nullum
805 2473 914 2550 tuerit,
944 2473 996 2538 vel
1019 2473 1090 2539 eius
1112 2475 1232 2540 solutio
1255 2480 1421 2558 potestate

96 2563 280 2649 apostolica
310 2563 354 2628 sit
383 2562 489 2638 iacta,
520 2562 603 2628 Lina
630 2584 694 2628 non
724 2566 834 2648 potest
864 2562 959 2629 fratri
990 2563 1128 2628 Heraldi
1157 2586 1214 2629 seu
1245 2564 1421 2631 Wimmero

96 2653 221 2719 nubere
242 2652 313 2718 sine
334 2651 577 2736 dispensatione
599 2653 641 2718 ab
657 2652 888 2736 impedimento
904 2652 1053 2735 publicae
1069 2653 1253 2719 honestatis
1270 2654 1420 2729 obtenta;

94 2744 232 2827 insuper
265 2743 360 2807 adest
390 2741 655 2825 impedimentum
688 2742 860 2808 affinitatis
892 2741 986 2824 primi
1020 2743 1142 2824 gradus
1174 2743 1279 2808 lineae
1311 2747 1420 2809 trans-

96 2832 238 2898 versalis
268 2852 309 2896 ex
340 2831 456 2914 copula
485 2831 658 2913 illegitima
688 2852 760 2896 cum
785 2830 946 2906 Herald0,
978 2830 1082 2897 fratre
1107 2831 1289 2908 Wimmeri,
1314 2854 1334 2897 a
1357 2854 1420 2915 quc

95 2921 241 3007 petenda
270 2928 321 2986 est
344 2919 545 3003 dispensatio
576 2918 893 2997 aPaenitentiaria,
917 2920 1015 3001 idque
1037 2919 1085 2984 ita
1115 2925 1152 2986 ut
1179 2921 1274 2996 simul
1298 2921 1419 2987 mentio

95 3012 156 3077 fiat
188 3011 323 3077 alterius
353 3008 575 3093 impedimenti
606 3008 725 3092 publici
753 3009 806 3074 vel
838 3008 1090 3091 dispensationis
1120 3010 1161 3074 ab
1192 3030 1230 3075 eo
1255 3011 1418 3077 obtentae.

97 3100 162 3167 Sed
186 3122 292 3183 neque
308 3099 473 3164 Heraldus
497 3102 608 3181 potest
631 3098 701 3162 sine
725 3097 967 3181 dispensatione
991 3103 1127 3181 accepta
1147 3099 1264 3163 ducere
1288 3103 1418 3183 neptem

95 3189 216 3266 Linae,
250 3189 407 3271 siquidem
437 3187 538 3254 etiam
568 3186 644 3251 huic
674 3186 882 3253 matrimonio
910 3188 1022 3253 obstat
1056 3188 1087 3270 1)
1110 3188 1241 3270 publica
1264 3188 1420 3255 honestas

96 3299 182 3363 quae
212 3299 255 3343 ex
284 3277 491 3343 matrimonio
524 3279 599 3341 rato
628 3297 693 3341 non
717 3276 927 3358 restringitur
951 3278 992 3342 ad
1016 3276 1154 3360 primum
1178 3279 1334 3359 gradum,
1362 3281 1420 3345 sed

95 3388 200 3451 usque
231 3367 272 3431 ad
303 3371 455 3449 quartum
487 3364 693 3438 extenditur;
725 3366 836 3431 obstat
868 3365 902 3446 2>
926 3366 1072 3431 affinitas
1103 3388 1144 3431 ex
1168 3369 1285 3450 copula
1308 3375 1420 3434 extra·

95 3456 330 3523 matrimoniali
359 3477 433 3520 cum
455 3455 538 3520 Lina
568 3455 746 3520 secundum
770 3456 918 3539 superius
942 3454 1046 3532 dicta,
1071 3476 1155 3537 quae
1178 3456 1220 3521 ad
1244 3458 1419 3523 secundnm

95 3546 228 3631 quidem
251 3546 389 3627 gradum
413 3548 542 3610 tantum
566 3565 601 3609 se
625 3544 774 3628 porrigit,
800 3550 930 3628 neptem
954 3549 1066 3611 tamen
1090 3546 1343 3629 comprehendit.

365 3755 552 3821 PUBLIOA
574 3753 807 3822 HONESTAS
831 3755 887 3820 ET
911 3754 1152 3822 AFFINITAS.

651 3919 762 3986 Casus.
780 3926 857 3996 (278)

184 4072 282 4132 Titius
303 4091 439 4149 paganus
460 4071 545 4129 duxit
565 4071 713 4129 Maeniam
734 4090 899 4148 paganam3
922 4071 974 4129 sed
995 4071 1183 4130 matrimonio
1204 4091 1263 4129 non
1286 4091 1419 4131 consum·

94 4158 183 4224 mato,
206 4153 324 4212 Maevia
344 4151 476 4211 moritur.
511 4151 584 4210 Post
606 4151 690 4210 cuius
711 4157 834 4210 mortem
856 4151 951 4210 Titius
973 4151 1010 4210 ad
1031 4152 1116 4210 fidem
1139 4151 1331 4209 christianam
1354 4172 1419 4212 con·

93 4254 201 4295 versus
228 4234 294 4291 vult
320 4232 456 4291 Maeuiae
484 4251 614 4291 sororem
646 4232 772 4300 ducere,
801 4251 876 4308 quae
905 4231 993 4290 etiarn
1022 4231 1214 4290 christianam
1242 4232 1329 4290 tillem
1357 4252 1419 4292 sus·

94 4317 225 4393 ceperat.

94 4438 273 4510 Quaanrrrm
296 4440 324 4496 1ο
345 4437 511 4497 exsistatne
532 4436 609 4495 inter
636 4437 703 4496 illos
726 4437 798 4495 duos
825 4435 1064 4511 impedimentum
1086 4436 1224 4513 publicae
1244 4436 1418 4496 honestatis.

295 4538 326 4595 2⁰
347 4535 415 4611 quid
436 4535 509 4594 iuris
531 4540 623 4605 esset,
655 4535 680 4594 si
702 4535 798 4593 Titius
820 4533 1036 4592 matrimonium
1059 4554 1125 4592 cum
1145 4535 1264 4593 Maevia
1286 4554 1419 4594 consum·

348 4621 470 4688 maaset
492 4617 540 4674 vel
554 4616 579 4675 si
600 4620 685 4674 extra
698 4614 916 4675 matrimonium
931 4616 1111 4674 consortium
1127 4635 1190 4674 cum
1207 4635 1242 4673 ea
1256 4615 1418 4675 habuisset.
