3044 5174
619 269 826 325 Sacramentum
844 270 1016 325 matrimonii.

747 469 883 538 Salutio.

92 615 144 671 983
241 606 294 670 Aa
324 624 517 679 quarsrruu
552 606 590 668 1¹²¹
620 603 660 671 R.
686 607 715 671 1.
770 604 862 670 Inter
890 609 1074 688 raptorem,
1107 604 1130 673 i.
1153 626 1183 671 e.
1216 625 1291 670 eum
1325 605 1381 688 qui
1413 605 1475 671 sive

152 691 286 776 physice
316 693 386 758 aive
409 692 593 772 moraliter,
621 692 764 759 iussione
787 694 841 759 vel
863 694 1029 772 mandato,
1054 693 1116 758 sibi
1138 692 1295 759 feminam
1319 695 1426 779 rapit,
1447 701 1477 761 et

152 787 283 866 raptam
310 781 478 847 mulierem
502 781 611 847 valide
641 782 883 848 matrimonium
914 782 989 848 iniri
1019 783 1149 866 nequit,
1179 783 1336 868 quamdiu
1367 785 1478 849 mulier

153 876 265 938 manet
287 871 322 937 in
343 874 511 955 potestate
533 871 694 955 raptorio,
724 892 783 937 seu
807 872 961 955 quamdiu
987 872 1028 937 ab
1052 894 1090 938 eo
1113 893 1180 938 nou
1201 871 1303 940 fuerit
1326 879 1480 958 separata

152 964 252 1043 atque
275 959 309 1025 in
332 960 403 1026 loco
427 963 500 1026 tuto
524 964 558 1026 et
581 959 684 1025 libero
708 961 899 1029 constituta.

242 1067 282 1133 R.
307 1068 336 1135 2.
383 1066 546 1132 Abductio
576 1066 717 1133 feminae
746 1067 843 1134 debet
873 1088 946 1133 esse
979 1067 1011 1151 l)
1043 1068 1082 1133 de
1108 1071 1172 1134 loce
1202 1070 1238 1133 ia
1267 1070 1389 1153 haam,
1421 1089 1481 1134 non

152 1159 283 1222 tantum
307 1156 348 1221 ab
372 1177 437 1221 uuo
461 1155 608 1222 cubiculo
631 1155 665 1220 in
688 1156 777 1223 aliud
792 1178 909 1241 parum
925 1156 1068 1233 distans;
1094 1158 1128 1238 2)
1150 1160 1351 1224 matrimonii
1375 1180 1481 1242 caasa,

152 1266 218 1311 non
248 1266 291 1310 ex
320 1245 384 1310 alio
414 1246 478 1310 fine
508 1245 563 1327 qui
594 1245 669 1310 dein
699 1245 756 1311 det
784 1267 900 1311 ansam
930 1266 987 1311 seu
1018 1246 1223 1312 occasionem
1250 1246 1422 1329 cogitandi
1445 1247 1483 1314 de

153 1333 376 1411 matrimoni03
407 1333 442 1417 3)
466 1337 597 1400 muliere
620 1337 738 1419 invita,
769 1355 842 1400 cum
866 1334 948 1400 alias
972 1338 1061 1401 esset
1082 1335 1192 1418 potius
1214 1334 1296 1418 fuga
1319 1336 1482 1402 mulieris:

154 1423 288 1490 attende
311 1427 423 1490 tamen
447 1443 519 1488 eam
542 1444 626 1505 quae
649 1423 765 1489 fraude
788 1423 1013 1490 circumventa
1037 1423 1223 1491 consentiat
1246 1445 1320 1490 esse
1342 1446 1380 1490 re
1403 1446 1483 1492 vera

154 1511 292 1578 invitam
314 1512 414 1576 -id
438 1512 524 1594 quod
546 1512 581 1577 in
603 1513 729 1597 puella,
761 1512 903 1578 maxime
932 1513 1075 1578 nondum
1106 1511 1156 1578 sui
1180 1512 1277 1592 iuris,
1311 1513 1376 1579 uisi
1406 1535 1482 1580 con·

153 1605 281 1669 tractus
305 1601 345 1667 de
368 1601 491 1684 nuptiis
514 1601 764 1685 praecesserint,
789 1602 937 1668 obtinere
959 1601 1196 1686 praesumitur;
1228 1603 1263 1684 4)
1286 1601 1428 1669 iniusta:
1456 1605 1482 1670 si

153 1690 238 1756 enim
263 1690 436 1757 conventio
461 1690 500 1756 de
523 1690 730 1757 matrimonio
754 1691 987 1775 praecesserit,
1020 1711 1062 1756 ex
1092 1711 1157 1773 qua
1180 1691 1251 1756 viro
1282 1695 1335 1758 ias
1358 1693 1403 1758 ad
1425 1693 1482 1758 du·

154 1780 292 1934 οθυὲἰέᾇη
307 1779 462 1935 ἲὲῐέὲηαω
479 1779 593 1858 oritur,
616 1801 681 1845 uon
697 1784 851 1847 censetur
866 1784 981 1864 raptus
1000 1778 1172 1846 exsistere.
1211 1779 1259 1847 ef.
1278 1780 1481 1865 Gasparri

153 1890 185 1937 u.
276 1908 320 1916 -
389 1921 397 1936 .

92 2010 145 2065 984
244 1994 297 2057 Aa
320 2012 512 2067 quaasrruu
537 1995 576 2056 2²²
598 1991 637 2057 R.
662 1995 691 2058 l.
734 1992 772 2057 In
796 2013 875 2057 casu
897 1991 1139 2059 matrimonium
1163 1992 1288 2058 nullum
1312 1992 1483 2060 dicendum

155 2085 205 2147 est
229 2081 357 2146 ratione
379 2084 505 2164 raptus.
537 2080 625 2146 Nam
640 2102 745 2163 neque
768 2080 935 2165 sponsalia
958 2085 1209 2165 praecesserunt
1231 2081 1353 2161 valida,
1379 2103 1483 2166 neque

154 2170 275 2236 Albina
304 2170 468 2235 censenda
498 2173 549 2235 est
578 2170 680 2236 libere
710 2169 914 2236 consensisse
942 2169 976 2234 in
1006 2169 1234 2236 abductionem
1265 2191 1325 2236 seu
1358 2171 1481 2255 fugam.

155 2259 305 2326 Condicio
329 2260 415 2324 enim
438 2259 565 2324 iuvenis
588 2261 664 2326 ficte
687 2261 857 2343 proposita
879 2259 957 2326 talis
979 2264 1040 2337 est,
1065 2280 1149 2342 quae
1165 2258 1282 2326 merito
1307 2267 1484 2329 censeatur

155 2348 391 2416 determinasse
407 2369 600 2414 consensum
617 2349 854 2433 sponsalitium,
874 2353 908 2415 et
924 2369 1008 2432 quae
1024 2349 1141 2414 saltem
1157 2348 1349 2433 parentibus
1367 2353 1484 2417 iustam

154 2460 285 2503 causam
308 2438 364 2503 det
387 2437 644 2505 contradicendi:
670 2474 711 2483 —
736 2459 872 2519 quorum
896 2438 1091 2503 alterutrum
1106 2437 1237 2517 sufficit,
1262 2442 1300 2505 ut
1315 2441 1485 2522 sponsalia

156 2527 305 2592 dicantur
327 2526 483 2594 invalida.
529 2526 682 2610 Insuper,
714 2548 787 2591 cum
817 2526 984 2611 sponsalia
1013 2527 1080 2593 sint
1109 2527 1269 2605 invalida,
1304 2548 1485 2596 consensus

155 2615 284 2698 puellae
307 2615 340 2679 in
363 2614 476 2697 fugam
501 2621 653 2680 censetur
679 2615 904 2682 fraudulenter
933 2615 1087 2682 obtentus
1117 2637 1223 2698 neque
1253 2617 1351 2700 plane
1382 2618 1486 2684 libere

156 2704 267 2769 datus:
298 2704 396 2770 immo
427 2703 490 2769 etsi
519 2704 629 2788 puella
661 2709 777 2788 postea
807 2725 919 2769 veram
952 2704 1174 2770 condicionem
1206 2705 1334 2771 iuvenis
1364 2708 1486 2775 edocta

154 2792 362 2859 nihilominus
385 2792 544 2877 persistat
562 2793 596 2858 in
612 2794 784 2859 voluntate
808 2793 837 2858 ei
860 2793 1010 2871 nubendi,
1034 2794 1067 2857 id
1090 2815 1209 2860 sanare
1225 2793 1355 2877 quidem
1373 2801 1488 2879 potest

155 2882 319 2949 defectum
351 2882 468 2967 prioris
501 2903 696 2959 consensus,
731 2882 788 2947 sed
812 2884 954 2946 nondum
981 2882 1102 2961 efficit,
1136 2887 1172 2949 ut
1204 2883 1259 2949 ille
1286 2884 1377 2967 prior
1406 2907 1486 2951 con-

155 2993 269 3037 sensus
293 2971 393 3038 fuerit
421 2992 520 3037 verus
549 2975 649 3054 atque
679 2970 780 3037 libere
811 2971 924 3036 datus:
956 2971 1100 3037 dedisset
1129 2972 1216 3038 torte
1238 2973 1349 3056 puella
1382 2975 1485 3041 etiam

156 3066 254 3127 antea
278 3081 471 3126 consensum
498 3061 596 3144 plane
626 3060 764 3125 liberum
793 3060 827 3124 in
850 3061 1092 3127 matrimonium
1116 3060 1226 3127 iuveni
1249 3062 1386 3144 ignobili
1408 3085 1485 3148 pro-

155 3150 366 3227 mittendum,
397 3150 455 3214 sed
485 3149 617 3233 reipsa
646 3149 736 3215 dedit
760 3149 848 3215 circa
877 3149 1119 3216 matrimonium
1145 3172 1217 3215 cum
1241 3151 1341 3215 nobili
1364 3152 1485 3218 iuvene

155 3239 340 3305 ineundum.

244 3345 281 3410 R.
301 3348 330 3410 2.
363 3344 470 3410 Aliter
493 3345 663 3409 dicendum
680 3349 741 3422 est,
766 3345 795 3409 si
817 3344 983 3428 sponsalia
1002 3367 1082 3410 vera
1105 3350 1139 3411 et
1155 3344 1266 3411 valida
1288 3345 1483 3415 adfuissent.

155 3434 192 3498 ln
217 3454 279 3514 quo
303 3455 380 3498 casu
404 3454 509 3514 neque
533 3436 574 3500 ab
598 3433 703 3500 invita
725 3434 835 3518 puella
858 3433 948 3500 facta
972 3438 1059 3500 esset
1083 3434 1177 3517 fuga,
1202 3455 1306 3517 neque
1330 3436 1484 3505 abductio

155 3523 274 3588 fuisset
305 3524 337 3586 in
369 3523 511 3605 puellam
535 3523 673 3600 iniusta,
703 3523 765 3589 etsi
802 3522 888 3590 forte
919 3524 1110 3606 parentibus
1133 3528 1202 3589 tum
1226 3545 1247 3590 a
1275 3524 1344 3590 filia
1370 3531 1485 3594 tuma

155 3613 272 3677 iuvene
294 3610 412 3677 iniuria
435 3613 595 3694 quaedam
619 3612 719 3679 fuerit
742 3613 845 3678 illata.
893 3612 940 3678 Cf.
970 3614 1026 3678 Th.
1050 3636 1091 3679 m.
1117 3613 1158 3691 ll,
1184 3615 1258 3680 771.
1285 3616 1360 3679 772.

93 3758 145 3813 985
244 3737 297 3800 Aa
331 3756 521 3811 quansrrun
552 3740 591 3800 3¹²²
619 3737 658 3802 R.
711 3735 912 3803 Assistentia
949 3736 1081 3819 parochi
1119 3758 1158 3802 ea
1193 3742 1266 3803 erat
1302 3741 1340 3803 ut
1378 3740 1485 3805 valeri

156 3825 354 3891 matrimonii
378 3845 442 3889 non
466 3826 606 3891 obesset.
647 3826 730 3890 Erat
753 3825 838 3890 enim
861 3826 1023 3910 parochus
1046 3826 1197 3910 proprius
1219 3847 1293 3892 oum
1309 3830 1485 3912 compluri-

156 3916 216 3979 bus
240 3915 294 3996 qui
317 3913 450 3979 testium
473 3936 607 3979 munere
631 3913 868 3994 fungebantur:
893 3915 978 3998 iique
999 3915 1169 3999 utriusque
1184 3936 1378 3982 consensum
1402 3919 1486 3985 satis

156 4003 400 4069 intellexerunt.
457 4003 544 4068 Nam
575 4003 738 4087 parochus
770 4005 920 4088 proprius
953 4010 1005 4070 est
1037 4004 1108 4080 ille,
1145 4004 1200 4086 qui
1235 4009 1287 4071 eat
1320 4008 1486 4090 parochus

156 4093 242 4157 illius
266 4093 338 4169 loci,
362 4092 396 4156 iu
419 4114 483 4175 quo
507 4095 667 4160 alteruter
689 4114 881 4176 sponsorum
900 4095 1000 4160 habet
1016 4093 1229 4172 domicihum;
1252 4094 1346 4176 isque
1370 4098 1487 4185 ubique.

157 4182 266 4246 valide
290 4181 426 4247 assistit.

246 4271 362 4335 Modus
386 4276 494 4336 autem
519 4270 693 4336 assistendi
718 4270 758 4335 ad
776 4271 921 4336 valorem
944 4271 972 4336 is
995 4274 1123 4336 tantum
1147 4271 1327 4354 requiritur
1350 4277 1388 4340 ut
1411 4296 1485 4358 per·

157 4359 297 4442 cipiatur
332 4365 421 4424 certe
454 4360 528 4440 quid
561 4364 697 4441 agatur3
730 4381 795 4424 non
828 4360 1005 4441 requiritur
1037 4364 1074 4425 ut
1102 4361 1265 4444 parochus
1296 4363 1349 4428 vel
1381 4367 1485 4431 testes

157 4449 345 4531 specialiter
368 4453 525 4512 vocentur
555 4449 596 4514 ad
626 4449 861 4514 assistentiam.
908 4449 971 4512 Sed
1001 4455 1035 4515 et
1065 4450 1227 4533 parochus
1259 4455 1293 4516 et
1323 4453 1420 4519 amici
1445 4453 1484 4519 ad

156 4559 303 4602 mensam
334 4538 531 4613 assidentes,
563 4538 705 4603 fortasse
738 4537 957 4620 obstupefacti
1008 4542 1119 4604 tamen
1149 4561 1213 4605 non
1237 4545 1395 4623 poterant
1422 4564 1485 4610 non

157 4626 324 4711 percipere
348 4631 493 4691 mutuum
518 4646 710 4692 consensum
736 4649 755 4693 a
778 4626 944 4692 Friderico
968 4632 1003 4693 et
1026 4628 1146 4695 Albina
1169 4629 1293 4697 datum.
