3044 5174
1507 40 1514 244 l

87 462 138 516 678
236 452 289 518 An
319 472 510 529 qunnerruu
540 454 579 517 3¹¹²
609 452 647 518 R.
682 455 710 520 1.
748 452 915 519 Perochus
946 452 1148 518 Dorotheum
1181 453 1325 520 debebat
1356 453 1467 519 leniter
1511 523 1514 529 ,

148 540 306 608 dedocere
335 546 370 608 et
399 540 561 607 instruere
590 541 725 608 timores
753 541 826 607 illos
856 563 928 607 esse
958 561 1061 607 vanos
1084 546 1120 608 et
1141 563 1306 610 erroneos.
1354 542 1467 620 Quodsi
1511 532 1514 563 ¹

147 630 300 697 videatur
322 651 388 696 non
403 630 535 695 vincere
557 650 654 714 posse
668 630 930 715 repugnantiam,
954 630 1168 713 relinquatur,
1192 652 1235 696 na
1250 631 1341 699 forte
1358 652 1468 715 aegro·
1506 632 1514 723 1

148 724 202 785 tus
224 719 361 802 gravius
383 725 507 803 peccet.

238 823 278 893 R.
296 829 326 892 2.
359 825 392 892 Si
408 824 593 892 Dorotheus
616 836 745 909 semper
760 825 881 891 mansit
896 825 929 889 in
944 825 1163 909 repugnantia
1178 847 1259 909 erga
1274 825 1467 905 unctionem,

149 914 228 996 ungi
250 935 314 980 non
337 914 461 998 potuitq
485 914 590 980 invito
613 915 699 980 enim
721 920 963 980 sacramentum
986 914 1095 980 valide
1113 935 1179 981 non
1194 919 1306 999 potest
1321 915 1468 983 conferri.

149 1003 231 1080 Quia
255 1025 333 1069 vero
349 1004 535 1070 Dorotheus
557 1024 594 1068 re
616 1003 689 1087 ipsa
707 1003 838 1070 videtur
852 1003 976 1069 invitus
991 1003 1161 1081 mansisse,
1184 1004 1297 1071 unctio
1312 1005 1370 1071 vel
1385 1009 1469 1071 certo

149 1092 297 1158 invalida
319 1093 373 1159 vel
396 1093 512 1158 sutem
536 1093 634 1158 valde
657 1091 755 1158 dubia
778 1097 847 1158 est:
878 1091 992 1168 dubia,
1024 1092 1052 1156 si
1083 1096 1194 1180 atiquo
1221 1093 1310 1160 ratio
1340 1098 1394 1160 est
1415 1116 1469 1178 pu·

150 1181 241 1248 tandi
265 1181 510 1265 praevalentem
534 1181 692 1249 Dorothei
714 1181 919 1247 voluntatem
942 1181 1044 1246 inisse
1066 1182 1275 1248 nihilominus
1307 1183 1470 1267 suscipere

152 1269 346 1349 unctionem,
371 1270 399 1336 si
422 1270 551 1353 quando
574 1292 688 1336 verum
712 1269 879 1336 exstiterit
902 1270 1090 1352 periculum,
1115 1291 1253 1354 eumque
1276 1271 1309 1336 in
1327 1271 1391 1337 hoc
1405 1274 1471 1338 solo
1508 1207 1514 1335 i

151 1380 279 1424 errasse
301 1360 388 1442 quod
411 1359 552 1425 nondum
576 1358 750 1426 crediderit
772 1358 951 1443 periculum
974 1358 1099 1427 adesse.

239 1465 278 1531 R.
296 1469 326 1532 3.
357 1466 495 1531 Poterat
517 1470 626 1530 autem
650 1465 811 1548 parochus
834 1465 882 1531 ita
905 1486 977 1530 cum
1001 1470 1138 1547 aegroto
1162 1465 1338 1532 convenire
1361 1471 1400 1533 ut
1420 1466 1471 1531 ille
1511 1468 1514 1517 Ι

151 1575 344 1619 consensum
366 1575 460 1619 suum
483 1554 683 1638 exprimeret
711 1575 771 1637 pro
800 1560 948 1637 tempore
978 1553 1105 1632 futuro,
1136 1554 1157 1621 i.
1182 1575 1209 1621 e.
1241 1561 1393 1622 extremo
1423 1556 1471 1621 vel
1511 1524 1514 1601 l

151 1642 246 1726 grain
268 1643 422 1726 periculo.
455 1642 598 1720 Quodsi
620 1643 744 1709 factum
768 1643 894 1719 fuisset,
918 1642 1062 1727 periculo
1083 1643 1290 1722 adveniente,
1313 1644 1472 1728 parochus

152 1735 284 1817 poterat
306 1736 548 1798 sacramentum
572 1732 817 1809 administrare,
849 1731 978 1798 etiamsi
1001 1731 1186 1799 Dorotheus
1210 1752 1290 1816 prae
1312 1754 1351 1799 se
1375 1734 1473 1800 ferret

153 1820 294 1903 aliquam
317 1820 558 1887 reluctantium.
589 1820 675 1886 Nam
698 1820 731 1885 in
755 1841 794 1886 eo
818 1841 896 1886 casu
919 1819 1080 1887 adfuisset
1102 1822 1256 1888 voluntas
1280 1824 1473 1906 praevalens
1512 1852 1514 1905 q

152 1909 354 1976 sacramenti
372 1909 568 1994 suscipiendi
591 1915 691 1992 atqua
713 1929 752 1975 eo
775 1909 881 1975 minus
904 1909 1102 1975 reluctantia
1125 1910 1254 1992 aegroti
1274 1911 1473 1978 attendenda

152 1999 279 2078 fuisset,
303 1999 331 2064 si
355 1998 441 2065 forte
464 1998 519 2064 ille
543 2020 604 2064 usu
626 1998 763 2065 rationis
786 1997 960 2065 videbatur
982 1998 1169 2066 destitutus.

148 279 212 344 386
393 318 397 326 .
545 273 750 330 Sacramentum
769 279 907 331 extremae
925 274 1067 331 unctionis.

428 2200 671 2266 urrunnun
695 2197 933 2265 uuourours
958 2165 1201 2286 menstruo.

705 2364 817 2430 t'asus.
837 2325 913 2440 (lei)

242 2504 416 2564 Almachius
437 2509 559 2580 rogatur
572 2523 591 2562 a
604 2504 718 2563 Ioanna
739 2502 769 2562 in
789 2503 958 2563 nosocomio
973 2508 1157 2578 aegrotante,
1179 2523 1254 2580 quae
1276 2510 1348 2565 aute
1369 2526 1474 2566 anunm

154 2589 288 2643 extrema
301 2584 441 2644 unctione
461 2585 574 2644 munita
594 2588 668 2655 erat,
690 2585 791 2643 eodem
805 2586 905 2643 morbo
927 2588 1074 2654 manente,
1096 2590 1129 2642 ut
1149 2584 1245 2644 denuo
1259 2585 1356 2662 ipsam
1378 2594 1475 2662 unget.

155 2661 238 2733 Quod
258 2684 327 2724 num
348 2665 412 2724 fieri
433 2665 528 2741 possit
547 2663 720 2726 Almaohius
742 2664 865 2724 dubitat.
906 2664 1030 2723 Domum
1051 2663 1158 2723 statuit
1178 2666 1386 2727 obsecundari
1421 2668 1475 2727 Sed

155 2764 191 2802 ne
212 2744 241 2802 id
263 2745 293 2803 in
316 2746 481 2821 exemplum
501 2745 646 2814 trahatur,
667 2744 835 2804 unctionem
856 2744 932 2802 clam
954 2743 1156 2815 administrat,
1178 2744 1268 2815 solue,
1291 2746 1358 2806 sine
1378 2767 1474 2824 super·
1512 2749 1514 2807 !

154 2824 277 2900 pelliceo
298 2831 329 2883 et
348 2825 473 2896 lumine,
501 2844 538 2883 ue
560 2825 612 2883 alii
632 2823 789 2900 quidquam
811 2823 1065 2895 animadvertant,
1094 2825 1215 2900 soloque
1235 2826 1390 2886 essentiali
1418 2828 1474 2887 ritu

155 2910 320 2964 contentus.

156 3016 331 3087 Qununrrun
354 3020 382 3076 1⁰
403 3017 588 3093 quandonam
609 3017 770 3094 repetenda
791 3017 832 3076 sit
852 3018 952 3076 unctio
973 3018 1004 3077 in
1026 3018 1127 3077 eodem
1148 3021 1257 3079 morbo.

355 3116 385 3173 2⁰
405 3115 454 3191 qui
476 3115 536 3174 sint
556 3115 632 3174 ritus
653 3115 790 3174 servandi
812 3115 843 3174 in
864 3116 1002 3175 unctione
1024 3120 1054 3174 et
1074 3135 1132 3191 qna
1152 3117 1343 3192 obligatione.

747 3298 882 3365 Salutio.

96 3463 147 3516 679
244 3438 297 3504 Au
320 3461 511 3516 qunnsrruu
537 3444 574 3504 1m
598 3439 636 3507 R.
665 3443 692 3507 1.
730 3440 886 3507 Manente
909 3441 1021 3506 eodem
1046 3440 1159 3506 morbo
1182 3441 1363 3524 eodemque
1393 3441 1476 3526 peri·

157 3530 228 3593 culo
260 3529 355 3611 gravi
385 3534 419 3595 et
448 3529 644 3613 propinquo,
678 3550 771 3594 sacra
802 3530 911 3595 unctio
940 3529 1046 3613 repeti
1076 3551 1136 3595 nec
1164 3529 1254 3597 licite
1284 3552 1345 3596 nee
1371 3531 1476 3597 valide

156 3622 274 3700 potest.
320 3618 392 3683 Hoc
414 3619 533 3685 saltem
555 3617 720 3700 colligitur
742 3638 784 3682 ex
808 3638 964 3703 expressa
987 3618 1164 3684 Concilii
1188 3619 1295 3686 Trid.
1327 3620 1477 3686 doctrina

157 3728 235 3771 sess.
265 3708 315 3785 14,
339 3728 409 3790 cap.
428 3710 447 3772 3
472 3710 511 3772 de
534 3716 612 3773 ectr.
629 3715 732 3773 unct:
760 3706 868 3783 ,Quod
892 3707 919 3771 ei
942 3707 1062 3771 infirmi
1084 3712 1159 3791 post
1182 3714 1371 3792 susceptam
1394 3710 1476 3775 hanc

157 3796 341 3861 unctionem
365 3795 606 3873 convaluerint,
636 3795 754 3862 iterum
777 3795 872 3860 huius
895 3798 1091 3862 sacramenti
1115 3796 1258 3863 subsidio
1280 3798 1390 3864 iuvari
1421 3821 1476 3883 po·

158 3888 279 3961 terunt,
304 3905 376 3949 cum
399 3885 432 3949 in
456 3885 544 3950 aliud
566 3885 671 3950 simile
696 3885 784 3950 vitae
809 3885 981 3950 discrimen
1004 3885 1205 3952 inciderint.“

246 3990 284 4056 R.
310 3993 340 4058 2.
379 3992 432 4056 Ex
454 3991 589 4073 antiqua
612 3991 779 4056 Ecclesiae
802 3991 896 4074 praxi
920 3995 954 4057 et
977 3990 1203 4074 theologorum
1233 3991 1386 4059 doctrina
1415 4015 1476 4059 non

159 4079 334 4162 requiritur
355 4080 504 4163 perfecta
526 4079 842 4157 reconvalescentia,
876 4080 933 4145 sed
963 4079 1084 4146 suflicit
1114 4084 1152 4146 ut
1180 4102 1282 4164 grave
1314 4103 1375 4147 seu
1406 4105 1476 4167 pro-

159 4169 313 4252 pinquum
345 4170 460 4234 mortis
490 4169 685 4252 periculum,
717 4169 892 4252 resumptis
924 4169 965 4235 ab
997 4169 1124 4234 infirmo
1154 4169 1295 4248 viribus,
1332 4171 1476 4247 desierit,

159 4263 274 4341 postea
296 4258 413 4322 iterum
436 4258 579 4341 incipiat.

247 4355 502 4422 Benedictus
526 4355 612 4431 XIV,
636 4357 686 4419 Dc
709 4377 777 4440 syn.
802 4357 897 4420 dioec.
921 4355 942 4422 l.
968 4358 998 4432 8,
1023 4377 1050 4421 c.
1076 4358 1106 4433 8,
1130 4377 1161 4423 n.
1187 4358 1206 4420 4
1231 4355 1327 4422 dicit:
1365 4359 1476 4437 ,Unde

78 4510 80 4515 s
159 4445 296 4510 adverte
326 4444 410 4527 quod
440 4445 473 4509 in
503 4446 615 4509 morbo
645 4444 813 4521 diuturno,
844 4444 872 4507 si
902 4444 1047 4509 infirmus
1077 4450 1152 4529 post
1178 4447 1366 4512 unctionem
1391 4453 1476 4514 certe

160 4534 279 4599 mansit
301 4533 335 4598 in
358 4535 468 4598 eodem
494 4533 608 4599 mortis
627 4533 779 4616 periculo,
803 4554 868 4597 non
884 4534 1005 4616 poterit
1021 4555 1133 4599 rursus
1149 4534 1237 4616 ungi.
1272 4535 1374 4602 Secus
1391 4559 1474 4614 vero,

159 4623 186 4686 si
211 4621 406 4688 dubitetur.“
