<?xml version="1.0" encoding="UTF-8"?>
<!DOCTYPE html PUBLIC "-//W3C//DTD XHTML 1.0 Transitional//EN"
    "http://www.w3.org/TR/xhtml1/DTD/xhtml1-transitional.dtd">
<html xmlns="http://www.w3.org/1999/xhtml" xml:lang="en" lang="en">
 <head>
  <title>
</title>
<meta http-equiv="Content-Type" content="text/html;charset=utf-8" />
  <meta name='ocr-system' content='tesseract 3.04.00' />
  <meta name='ocr-capabilities' content='ocr_page ocr_carea ocr_par ocr_line ocrx_word'/>
</head>
<body>
  <div class='ocr_page' id='page_1' title='image "./casusconscienti00lehmgoog_0402.png"; bbox 0 0 3044 5174; ppageno 0'>
   <div class='ocr_carea' id='block_1_1' title="bbox 144 261 1074 344">
    <p class='ocr_par' dir='ltr' id='par_1_1' title="bbox 144 261 1074 344">
     <span class='ocr_line' id='line_1_1' title="bbox 144 261 1074 344; baseline -0.006 -7"><span class='ocrx_word' id='word_1_1' title='bbox 144 280 209 344; x_wconf 79' lang='grc'>384</span> <span class='ocrx_word' id='word_1_2' title='bbox 545 275 753 331; x_wconf 73' lang='lat' dir='ltr'><strong>Sacramentum</strong></span> <span class='ocrx_word' id='word_1_3' title='bbox 772 279 912 330; x_wconf 84' lang='lat' dir='ltr'>extremae</span> <span class='ocrx_word' id='word_1_4' title='bbox 929 261 1074 331; x_wconf 68' lang='lat' dir='ltr'>unedonis.</span> 
     </span>
    </p>
   </div>
   <div class='ocr_carea' id='block_1_2' title="bbox 81 452 1514 1253">
    <p class='ocr_par' dir='ltr' id='par_1_2' title="bbox 144 452 1470 805">
     <span class='ocr_line' id='line_1_2' title="bbox 144 452 1470 537; baseline 0 -18"><span class='ocrx_word' id='word_1_5' title='bbox 144 475 243 536; x_wconf 90' lang='lat' dir='ltr'>quam</span> <span class='ocrx_word' id='word_1_6' title='bbox 265 453 410 537; x_wconf 90' lang='lat' dir='ltr'>potuerit</span> <span class='ocrx_word' id='word_1_7' title='bbox 433 457 526 519; x_wconf 89' lang='lat' dir='ltr'>certa</span> <span class='ocrx_word' id='word_1_8' title='bbox 548 453 645 536; x_wconf 88' lang='lat' dir='ltr'>signa</span> <span class='ocrx_word' id='word_1_9' title='bbox 668 453 789 519; x_wconf 87' lang='lat' dir='ltr'>doloris</span> <span class='ocrx_word' id='word_1_10' title='bbox 813 454 901 531; x_wconf 90' lang='lat' dir='ltr'>dare,</span> <span class='ocrx_word' id='word_1_11' title='bbox 925 453 1000 518; x_wconf 91' lang='lat' dir='ltr'>huic</span> <span class='ocrx_word' id='word_1_12' title='bbox 1020 452 1077 517; x_wconf 91' lang='lat' dir='ltr'>uni</span> <span class='ocrx_word' id='word_1_13' title='bbox 1093 452 1205 519; x_wconf 83' lang='lat' dir='ltr'><strong>debuit</strong></span> <span class='ocrx_word' id='word_1_14' title='bbox 1220 453 1470 537; x_wconf 86' lang='lat' dir='ltr'>potius-sacram</span> 
     </span>
     <span class='ocr_line' id='line_1_3' title="bbox 145 541 1470 626; baseline 0.002 -19"><span class='ocrx_word' id='word_1_15' title='bbox 145 543 330 609; x_wconf 91' lang='lat' dir='ltr'>unctionem</span> <span class='ocrx_word' id='word_1_16' title='bbox 354 543 517 608; x_wconf 78' lang='lat' dir='ltr'><strong>securiore</strong></span> <span class='ocrx_word' id='word_1_17' title='bbox 541 543 636 608; x_wconf 92' lang='lat' dir='ltr'>modo</span> <span class='ocrx_word' id='word_1_18' title='bbox 660 541 907 621; x_wconf 89' lang='lat' dir='ltr'>administrare,</span> <span class='ocrx_word' id='word_1_19' title='bbox 941 542 962 610; x_wconf 92' lang='lat' dir='ltr'>i.</span> <span class='ocrx_word' id='word_1_20' title='bbox 987 563 1014 610; x_wconf 89' lang='lat' dir='ltr'>e.</span> <span class='ocrx_word' id='word_1_21' title='bbox 1039 545 1195 607; x_wconf 90' lang='lat' dir='ltr'>consueto</span> <span class='ocrx_word' id='word_1_22' title='bbox 1223 542 1320 607; x_wconf 91' lang='lat' dir='ltr'>modo</span> <span class='ocrx_word' id='word_1_23' title='bbox 1349 564 1470 626; x_wconf 88' lang='lat' dir='ltr'>ungena</span> 
     </span>
     <span class='ocr_line' id='line_1_4' title="bbox 144 630 1470 716; baseline 0 -19"><span class='ocrx_word' id='word_1_24' title='bbox 144 631 291 714; x_wconf 88' lang='lat' dir='ltr'>singulos</span> <span class='ocrx_word' id='word_1_25' title='bbox 314 652 430 697; x_wconf 88' lang='lat' dir='ltr'>sensus</span> <span class='ocrx_word' id='word_1_26' title='bbox 453 630 531 713; x_wconf 91' lang='lat' dir='ltr'>(etsi</span> <span class='ocrx_word' id='word_1_27' title='bbox 554 653 619 697; x_wconf 90' lang='lat' dir='ltr'>non</span> <span class='ocrx_word' id='word_1_28' title='bbox 642 632 774 716; x_wconf 85' lang='lat' dir='ltr'>gemina</span> <span class='ocrx_word' id='word_1_29' title='bbox 797 631 964 714; x_wconf 89' lang='lat' dir='ltr'>unctione)</span> <span class='ocrx_word' id='word_1_30' title='bbox 995 631 1055 696; x_wconf 91' lang='lat' dir='ltr'>sub</span> <span class='ocrx_word' id='word_1_31' title='bbox 1085 635 1241 714; x_wconf 84' lang='lat' dir='ltr'>separata</span> <span class='ocrx_word' id='word_1_32' title='bbox 1270 653 1332 697; x_wconf 86' lang='lat' dir='ltr'>aua</span> <span class='ocrx_word' id='word_1_33' title='bbox 1363 637 1399 697; x_wconf 91' lang='lat' dir='ltr'>et</span> <span class='ocrx_word' id='word_1_34' title='bbox 1425 632 1470 697; x_wconf 91' lang='lat' dir='ltr'>in·</span> 
     </span>
     <span class='ocr_line' id='line_1_5' title="bbox 145 720 1322 805; baseline 0.001 -18"><span class='ocrx_word' id='word_1_35' title='bbox 145 726 241 804; x_wconf 86' lang='lat' dir='ltr'>tegra</span> <span class='ocrx_word' id='word_1_36' title='bbox 265 721 381 799; x_wconf 92' lang='lat' dir='ltr'>forma,</span> <span class='ocrx_word' id='word_1_37' title='bbox 406 720 506 787; x_wconf 90' lang='lat' dir='ltr'>etiam</span> <span class='ocrx_word' id='word_1_38' title='bbox 530 742 602 786; x_wconf 89' lang='lat' dir='ltr'>cum</span> <span class='ocrx_word' id='word_1_39' title='bbox 625 721 769 805; x_wconf 89' lang='lat' dir='ltr'>periculo</span> <span class='ocrx_word' id='word_1_40' title='bbox 793 742 835 786; x_wconf 90' lang='lat' dir='ltr'>ne</span> <span class='ocrx_word' id='word_1_41' title='bbox 858 721 940 786; x_wconf 87' lang='lat' dir='ltr'>alios</span> <span class='ocrx_word' id='word_1_42' title='bbox 965 739 1088 803; x_wconf 90' lang='lat' dir='ltr'>ungere</span> <span class='ocrx_word' id='word_1_43' title='bbox 1110 741 1175 785; x_wconf 93' lang='lat' dir='ltr'>non</span> <span class='ocrx_word' id='word_1_44' title='bbox 1198 727 1322 804; x_wconf 88' lang='lat' dir='ltr'>posset.</span> 
     </span>
    </p>

    <p class='ocr_par' dir='ltr' id='par_1_3' title="bbox 145 809 1514 1162">
     <span class='ocr_line' id='line_1_6' title="bbox 235 809 1470 894; baseline -0.001 -18"><span class='ocrx_word' id='word_1_45' title='bbox 235 811 269 876; x_wconf 87' lang='lat' dir='ltr'>Si</span> <span class='ocrx_word' id='word_1_46' title='bbox 292 831 372 875; x_wconf 90' lang='lat' dir='ltr'>vero</span> <span class='ocrx_word' id='word_1_47' title='bbox 395 809 465 894; x_wconf 89' lang='lat' dir='ltr'>ipse</span> <span class='ocrx_word' id='word_1_48' title='bbox 497 810 668 893; x_wconf 87' lang='lat' dir='ltr'>ungendus</span> <span class='ocrx_word' id='word_1_49' title='bbox 701 811 782 875; x_wconf 91' lang='lat' dir='ltr'>adeo</span> <span class='ocrx_word' id='word_1_50' title='bbox 813 814 866 876; x_wconf 90' lang='lat' dir='ltr'>est</span> <span class='ocrx_word' id='word_1_51' title='bbox 895 809 994 874; x_wconf 91' lang='lat' dir='ltr'>morti</span> <span class='ocrx_word' id='word_1_52' title='bbox 1023 809 1193 892; x_wconf 89' lang='lat' dir='ltr'>proximus</span> <span class='ocrx_word' id='word_1_53' title='bbox 1224 815 1263 875; x_wconf 93' lang='lat' dir='ltr'>ut</span> <span class='ocrx_word' id='word_1_54' title='bbox 1294 810 1470 894; x_wconf 89' lang='lat' dir='ltr'>periculum</span> 
     </span>
     <span class='ocr_line' id='line_1_7' title="bbox 146 897 1514 991; baseline 0 -27"><span class='ocrx_word' id='word_1_55' title='bbox 146 899 190 965; x_wconf 89' lang='lat' dir='ltr'>sit</span> <span class='ocrx_word' id='word_1_56' title='bbox 213 921 253 964; x_wconf 92' lang='lat' dir='ltr'>ne</span> <span class='ocrx_word' id='word_1_57' title='bbox 277 898 364 964; x_wconf 90' lang='lat' dir='ltr'>inter</span> <span class='ocrx_word' id='word_1_58' title='bbox 386 899 572 965; x_wconf 90' lang='lat' dir='ltr'>unctionem</span> <span class='ocrx_word' id='word_1_59' title='bbox 597 899 745 976; x_wconf 78' lang='lat' dir='ltr'>decedat,</span> <span class='ocrx_word' id='word_1_60' title='bbox 770 899 912 965; x_wconf 86' lang='lat' dir='ltr'>formula</span> <span class='ocrx_word' id='word_1_61' title='bbox 936 897 1129 964; x_wconf 86' lang='lat' dir='ltr'>abbreviata</span> <span class='ocrx_word' id='word_1_62' title='bbox 1151 918 1230 963; x_wconf 91' lang='lat' dir='ltr'>mox</span> <span class='ocrx_word' id='word_1_63' title='bbox 1252 897 1400 966; x_wconf 84' lang='lat' dir='ltr'>indicata</span> <span class='ocrx_word' id='word_1_64' title='bbox 1422 921 1471 964; x_wconf 88' lang='lat' dir='ltr'>sa-</span> <span class='ocrx_word' id='word_1_65' title='bbox 1512 978 1514 991; x_wconf 40' lang='grc' dir='ltr'>Ι</span> 
     </span>
     <span class='ocr_line' id='line_1_8' title="bbox 146 987 1471 1072; baseline 0 -19"><span class='ocrx_word' id='word_1_66' title='bbox 146 988 261 1054; x_wconf 86' lang='lat' dir='ltr'>cardos</span> <span class='ocrx_word' id='word_1_67' title='bbox 285 988 438 1054; x_wconf 79' lang='lat' dir='ltr'>celeriter</span> <span class='ocrx_word' id='word_1_68' title='bbox 460 992 589 1064; x_wconf 87' lang='lat' dir='ltr'>utatur;</span> <span class='ocrx_word' id='word_1_69' title='bbox 620 989 679 1053; x_wconf 91' lang='lat' dir='ltr'>sub</span> <span class='ocrx_word' id='word_1_70' title='bbox 704 988 893 1054; x_wconf 90' lang='lat' dir='ltr'>condicione</span> <span class='ocrx_word' id='word_1_71' title='bbox 916 993 1066 1072; x_wconf 92' lang='lat' dir='ltr'>repetere</span> <span class='ocrx_word' id='word_1_72' title='bbox 1088 991 1200 1071; x_wconf 89' lang='lat' dir='ltr'>potest</span> <span class='ocrx_word' id='word_1_73' title='bbox 1222 987 1373 1071; x_wconf 88' lang='lat' dir='ltr'>singulas</span> <span class='ocrx_word' id='word_1_74' title='bbox 1396 1010 1471 1053; x_wconf 90' lang='lat' dir='ltr'>uno·</span> 
     </span>
     <span class='ocr_line' id='line_1_9' title="bbox 145 1076 1471 1162; baseline -0.001 -19"><span class='ocrx_word' id='word_1_75' title='bbox 145 1077 252 1143; x_wconf 89' lang='lat' dir='ltr'>tiones</span> <span class='ocrx_word' id='word_1_76' title='bbox 268 1077 328 1142; x_wconf 89' lang='lat' dir='ltr'>sub</span> <span class='ocrx_word' id='word_1_77' title='bbox 344 1083 500 1162; x_wconf 84' lang='lat' dir='ltr'>separata</span> <span class='ocrx_word' id='word_1_78' title='bbox 515 1077 632 1153; x_wconf 90' lang='lat' dir='ltr'>forma,</span> <span class='ocrx_word' id='word_1_79' title='bbox 656 1077 754 1159; x_wconf 89' lang='lat' dir='ltr'>idque</span> <span class='ocrx_word' id='word_1_80' title='bbox 769 1077 954 1143; x_wconf 86' lang='lat' dir='ltr'>faciendum</span> <span class='ocrx_word' id='word_1_81' title='bbox 971 1076 1113 1142; x_wconf 81' lang='lat' dir='ltr'>maxime</span> <span class='ocrx_word' id='word_1_82' title='bbox 1129 1076 1259 1159; x_wconf 89' lang='lat' dir='ltr'>quando</span> <span class='ocrx_word' id='word_1_83' title='bbox 1274 1078 1349 1143; x_wconf 90' lang='lat' dir='ltr'>sola</span> <span class='ocrx_word' id='word_1_84' title='bbox 1365 1079 1471 1144; x_wconf 86' lang='lat' dir='ltr'>unctio</span> 
     </span>
    </p>

    <p class='ocr_par' dir='ltr' id='par_1_4' title="bbox 81 1165 1408 1253">
     <span class='ocr_line' id='line_1_10' title="bbox 81 1165 1408 1253; baseline 0.001 -22"><span class='ocrx_word' id='word_1_85' title='bbox 81 1183 83 1186; x_wconf 53' lang='lat'><em>⁴</em></span> <span class='ocrx_word' id='word_1_86' title='bbox 145 1171 389 1232; x_wconf 89' lang='lat' dir='ltr'>sacramentum</span> <span class='ocrx_word' id='word_1_87' title='bbox 411 1170 472 1253; x_wconf 83' lang='lat' dir='ltr'>est,</span> <span class='ocrx_word' id='word_1_88' title='bbox 497 1166 583 1249; x_wconf 91' lang='lat' dir='ltr'>quod</span> <span class='ocrx_word' id='word_1_89' title='bbox 604 1166 751 1232; x_wconf 87' lang='lat' dir='ltr'>securius</span> <span class='ocrx_word' id='word_1_90' title='bbox 773 1170 944 1248; x_wconf 88' lang='lat' dir='ltr'>aegrotum</span> <span class='ocrx_word' id='word_1_91' title='bbox 968 1165 1068 1232; x_wconf 91' lang='lat' dir='ltr'>iuvet.</span> <span class='ocrx_word' id='word_1_92' title='bbox 1120 1166 1176 1232; x_wconf 81' lang='lat' dir='ltr'>Tb.</span> <span class='ocrx_word' id='word_1_93' title='bbox 1199 1189 1240 1232; x_wconf 86' lang='lat' dir='ltr'>m.</span> <span class='ocrx_word' id='word_1_94' title='bbox 1263 1166 1306 1242; x_wconf 92' lang='lat' dir='ltr'>Il,</span> <span class='ocrx_word' id='word_1_95' title='bbox 1331 1169 1408 1233; x_wconf 80' lang='lat'>572.</span> 
     </span>
    </p>
   </div>
   <div class='ocr_carea' id='block_1_3' title="bbox 84 1271 1472 2336">
    <p class='ocr_par' dir='ltr' id='par_1_5' title="bbox 84 1271 1472 2051">
     <span class='ocr_line' id='line_1_11' title="bbox 84 1271 1471 1350; baseline 0.001 -14"><span class='ocrx_word' id='word_1_96' title='bbox 84 1283 137 1336; x_wconf 72' lang='lat'>674</span> <span class='ocrx_word' id='word_1_97' title='bbox 236 1272 273 1338; x_wconf 80' lang='lat' dir='ltr'>lt.</span> <span class='ocrx_word' id='word_1_98' title='bbox 300 1275 329 1339; x_wconf 89' lang='lat'>2.</span> <span class='ocrx_word' id='word_1_99' title='bbox 369 1272 525 1338; x_wconf 86' lang='lat' dir='ltr'>Narcosis</span> <span class='ocrx_word' id='word_1_100' title='bbox 548 1272 797 1338; x_wconf 86' lang='lat' dir='ltr'>chloroformica</span> <span class='ocrx_word' id='word_1_101' title='bbox 819 1272 969 1350; x_wconf 85' lang='lat' dir='ltr'>inducte,</span> <span class='ocrx_word' id='word_1_102' title='bbox 992 1272 1055 1336; x_wconf 88' lang='lat' dir='ltr'>nisi</span> <span class='ocrx_word' id='word_1_103' title='bbox 1079 1271 1145 1338; x_wconf 89' lang='lat' dir='ltr'>alia</span> <span class='ocrx_word' id='word_1_104' title='bbox 1167 1271 1296 1338; x_wconf 86' lang='lat' dir='ltr'>afflicta</span> <span class='ocrx_word' id='word_1_105' title='bbox 1319 1272 1471 1340; x_wconf 88' lang='lat' dir='ltr'>valetudo</span> 
     </span>
     <span class='ocr_line' id='line_1_12' title="bbox 146 1360 1472 1444; baseline 0.002 -18"><span class='ocrx_word' id='word_1_106' title='bbox 146 1361 299 1439; x_wconf 89' lang='lat' dir='ltr'>accedat,</span> <span class='ocrx_word' id='word_1_107' title='bbox 331 1360 454 1426; x_wconf 90' lang='lat' dir='ltr'>morale</span> <span class='ocrx_word' id='word_1_108' title='bbox 482 1361 662 1444; x_wconf 89' lang='lat' dir='ltr'>periculum</span> <span class='ocrx_word' id='word_1_109' title='bbox 692 1361 808 1427; x_wconf 92' lang='lat' dir='ltr'>mortis</span> <span class='ocrx_word' id='word_1_110' title='bbox 837 1383 901 1426; x_wconf 93' lang='lat' dir='ltr'>non</span> <span class='ocrx_word' id='word_1_111' title='bbox 933 1365 1085 1427; x_wconf 88' lang='lat' dir='ltr'>censetur</span> <span class='ocrx_word' id='word_1_112' title='bbox 1108 1361 1319 1429; x_wconf 89' lang='lat' dir='ltr'>constituere.</span> <span class='ocrx_word' id='word_1_113' title='bbox 1369 1363 1472 1439; x_wconf 86' lang='lat' dir='ltr'>Quare</span> 
     </span>
     <span class='ocr_line' id='line_1_13' title="bbox 145 1449 1471 1534; baseline 0.001 -19"><span class='ocrx_word' id='word_1_114' title='bbox 145 1450 206 1515; x_wconf 89' lang='lat' dir='ltr'>nisi</span> <span class='ocrx_word' id='word_1_115' title='bbox 231 1449 375 1515; x_wconf 89' lang='lat' dir='ltr'>medicus</span> <span class='ocrx_word' id='word_1_116' title='bbox 396 1449 593 1517; x_wconf 88' lang='lat' dir='ltr'>iudicaverit</span> <span class='ocrx_word' id='word_1_117' title='bbox 621 1450 756 1516; x_wconf 82' lang='lat' dir='ltr'>subesse</span> <span class='ocrx_word' id='word_1_118' title='bbox 779 1451 958 1534; x_wconf 88' lang='lat' dir='ltr'>periculum</span> <span class='ocrx_word' id='word_1_119' title='bbox 981 1450 1014 1516; x_wconf 94' lang='lat' dir='ltr'>in</span> <span class='ocrx_word' id='word_1_120' title='bbox 1038 1472 1118 1516; x_wconf 92' lang='lat' dir='ltr'>casu</span> <span class='ocrx_word' id='word_1_121' title='bbox 1147 1449 1323 1533; x_wconf 79' lang='lat' dir='ltr'>singulari,</span> <span class='ocrx_word' id='word_1_122' title='bbox 1362 1451 1471 1517; x_wconf 86' lang='lat' dir='ltr'>Fride·</span> 
     </span>
     <span class='ocr_line' id='line_1_14' title="bbox 146 1537 1472 1623; baseline 0.002 -19"><span class='ocrx_word' id='word_1_123' title='bbox 146 1539 232 1604; x_wconf 89' lang='lat' dir='ltr'>ricus</span> <span class='ocrx_word' id='word_1_124' title='bbox 256 1539 369 1604; x_wconf 81' lang='lat' dir='ltr'>debuit</span> <span class='ocrx_word' id='word_1_125' title='bbox 391 1561 456 1605; x_wconf 92' lang='lat' dir='ltr'>non</span> <span class='ocrx_word' id='word_1_126' title='bbox 478 1539 544 1605; x_wconf 90' lang='lat' dir='ltr'>iam</span> <span class='ocrx_word' id='word_1_127' title='bbox 568 1540 647 1605; x_wconf 88' lang='lat' dir='ltr'>dare</span> <span class='ocrx_word' id='word_1_128' title='bbox 670 1541 867 1616; x_wconf 89' lang='lat' dir='ltr'>unctionem,</span> <span class='ocrx_word' id='word_1_129' title='bbox 891 1543 1006 1623; x_wconf 88' lang='lat' dir='ltr'>utpote</span> <span class='ocrx_word' id='word_1_130' title='bbox 1031 1561 1114 1622; x_wconf 92' lang='lat' dir='ltr'>quae</span> <span class='ocrx_word' id='word_1_131' title='bbox 1137 1537 1283 1605; x_wconf 89' lang='lat' dir='ltr'>invalida</span> <span class='ocrx_word' id='word_1_132' title='bbox 1306 1540 1364 1606; x_wconf 90' lang='lat' dir='ltr'>vel</span> <span class='ocrx_word' id='word_1_133' title='bbox 1379 1541 1472 1606; x_wconf 90' lang='lat' dir='ltr'>dubie</span> 
     </span>
     <span class='ocr_line' id='line_1_15' title="bbox 146 1628 1471 1712; baseline 0.002 -19"><span class='ocrx_word' id='word_1_134' title='bbox 146 1628 258 1694; x_wconf 90' lang='lat' dir='ltr'>valida</span> <span class='ocrx_word' id='word_1_135' title='bbox 288 1632 377 1695; x_wconf 87' lang='lat' dir='ltr'>esset</span> <span class='ocrx_word' id='word_1_136' title='bbox 406 1649 446 1693; x_wconf 88' lang='lat' dir='ltr'>ac</span> <span class='ocrx_word' id='word_1_137' title='bbox 475 1629 569 1712; x_wconf 91' lang='lat' dir='ltr'>proin</span> <span class='ocrx_word' id='word_1_138' title='bbox 599 1633 733 1712; x_wconf 91' lang='lat' dir='ltr'>postea,</span> <span class='ocrx_word' id='word_1_139' title='bbox 764 1650 837 1695; x_wconf 91' lang='lat' dir='ltr'>cum</span> <span class='ocrx_word' id='word_1_140' title='bbox 861 1628 901 1694; x_wconf 89' lang='lat' dir='ltr'>de</span> <span class='ocrx_word' id='word_1_141' title='bbox 924 1628 1069 1712; x_wconf 92' lang='lat' dir='ltr'>periculo</span> <span class='ocrx_word' id='word_1_142' title='bbox 1093 1633 1277 1706; x_wconf 86' lang='lat' dir='ltr'>constaret,</span> <span class='ocrx_word' id='word_1_143' title='bbox 1310 1629 1471 1697; x_wconf 88' lang='lat' dir='ltr'>iteranda.</span> 
     </span>
     <span class='ocr_line' id='line_1_16' title="bbox 146 1716 1470 1801; baseline 0.003 -19"><span class='ocrx_word' id='word_1_144' title='bbox 146 1716 411 1801; x_wconf 86' lang='lat' dir='ltr'>Quamprimum</span> <span class='ocrx_word' id='word_1_145' title='bbox 434 1737 514 1782; x_wconf 91' lang='lat' dir='ltr'>vero</span> <span class='ocrx_word' id='word_1_146' title='bbox 537 1718 723 1801; x_wconf 89' lang='lat' dir='ltr'>peripsam</span> <span class='ocrx_word' id='word_1_147' title='bbox 747 1718 971 1801; x_wconf 84' lang='lat' dir='ltr'>operationem</span> <span class='ocrx_word' id='word_1_148' title='bbox 1001 1717 1180 1801; x_wconf 88' lang='lat' dir='ltr'>periculum</span> <span class='ocrx_word' id='word_1_149' title='bbox 1209 1716 1382 1786; x_wconf 89' lang='lat' dir='ltr'>inductum</span> <span class='ocrx_word' id='word_1_150' title='bbox 1413 1724 1470 1797; x_wconf 87' lang='lat' dir='ltr'>est,</span> 
     </span>
     <span class='ocr_line' id='line_1_17' title="bbox 145 1805 1470 1890; baseline 0.002 -19"><span class='ocrx_word' id='word_1_151' title='bbox 145 1827 225 1872; x_wconf 88' lang='lat' dir='ltr'>sane</span> <span class='ocrx_word' id='word_1_152' title='bbox 248 1811 378 1890; x_wconf 91' lang='lat' dir='ltr'>tempus</span> <span class='ocrx_word' id='word_1_153' title='bbox 401 1810 454 1873; x_wconf 93' lang='lat' dir='ltr'>est</span> <span class='ocrx_word' id='word_1_154' title='bbox 476 1805 711 1873; x_wconf 87' lang='lat' dir='ltr'>ministrandae</span> <span class='ocrx_word' id='word_1_155' title='bbox 735 1807 906 1881; x_wconf 90' lang='lat' dir='ltr'>unctionis,</span> <span class='ocrx_word' id='word_1_156' title='bbox 930 1827 971 1872; x_wconf 90' lang='lat' dir='ltr'>ne</span> <span class='ocrx_word' id='word_1_157' title='bbox 994 1806 1082 1873; x_wconf 87' lang='lat' dir='ltr'>forte</span> <span class='ocrx_word' id='word_1_158' title='bbox 1104 1807 1138 1871; x_wconf 92' lang='lat' dir='ltr'>in</span> <span class='ocrx_word' id='word_1_159' title='bbox 1162 1807 1355 1890; x_wconf 88' lang='lat' dir='ltr'>operatione</span> <span class='ocrx_word' id='word_1_160' title='bbox 1378 1809 1470 1874; x_wconf 90' lang='lat' dir='ltr'>homo</span> 
     </span>
     <span class='ocr_line' id='line_1_18' title="bbox 146 1896 1471 1982; baseline 0.004 -22"><span class='ocrx_word' id='word_1_161' title='bbox 146 1896 283 1961; x_wconf 87' lang='lat' dir='ltr'>decedat</span> <span class='ocrx_word' id='word_1_162' title='bbox 305 1900 512 1962; x_wconf 86' lang='lat' dir='ltr'>sacramento</span> <span class='ocrx_word' id='word_1_163' title='bbox 535 1916 601 1961; x_wconf 91' lang='lat' dir='ltr'>non</span> <span class='ocrx_word' id='word_1_164' title='bbox 623 1897 783 1962; x_wconf 88' lang='lat' dir='ltr'>munitus:</span> <span class='ocrx_word' id='word_1_165' title='bbox 815 1896 855 1962; x_wconf 90' lang='lat' dir='ltr'>de</span> <span class='ocrx_word' id='word_1_166' title='bbox 879 1917 944 1979; x_wconf 90' lang='lat' dir='ltr'>qua</span> <span class='ocrx_word' id='word_1_167' title='bbox 966 1917 1003 1961; x_wconf 90' lang='lat' dir='ltr'>re</span> <span class='ocrx_word' id='word_1_168' title='bbox 1026 1900 1104 1963; x_wconf 90' lang='lat' dir='ltr'>ante</span> <span class='ocrx_word' id='word_1_169' title='bbox 1134 1896 1286 1962; x_wconf 86' lang='lat' dir='ltr'>narcosin</span> <span class='ocrx_word' id='word_1_170' title='bbox 1317 1901 1471 1982; x_wconf 82' lang='lat' dir='ltr'>aegrotus</span> 
     </span>
     <span class='ocr_line' id='line_1_19' title="bbox 144 1984 407 2051; baseline 0 0"><span class='ocrx_word' id='word_1_171' title='bbox 144 1984 324 2051; x_wconf 91' lang='lat' dir='ltr'>monendus</span> <span class='ocrx_word' id='word_1_172' title='bbox 347 1989 407 2051; x_wconf 88' lang='lat' dir='ltr'>est.</span> 
     </span>
    </p>

    <p class='ocr_par' dir='ltr' id='par_1_6' title="bbox 146 2072 1470 2336">
     <span class='ocr_line' id='line_1_20' title="bbox 233 2072 1470 2159; baseline -0.001 -19"><span class='ocrx_word' id='word_1_173' title='bbox 233 2076 393 2140; x_wconf 84' lang='lat' dir='ltr'>Attamen</span> <span class='ocrx_word' id='word_1_174' title='bbox 416 2073 444 2139; x_wconf 92' lang='lat' dir='ltr'>si</span> <span class='ocrx_word' id='word_1_175' title='bbox 462 2074 618 2139; x_wconf 89' lang='lat' dir='ltr'>valetudo</span> <span class='ocrx_word' id='word_1_176' title='bbox 633 2073 760 2139; x_wconf 86' lang='lat' dir='ltr'>afflicta</span> <span class='ocrx_word' id='word_1_177' title='bbox 776 2076 827 2139; x_wconf 88' lang='lat' dir='ltr'>est</span> <span class='ocrx_word' id='word_1_178' title='bbox 843 2072 1033 2157; x_wconf 89' lang='lat' dir='ltr'>periculose,</span> <span class='ocrx_word' id='word_1_179' title='bbox 1057 2073 1158 2139; x_wconf 89' lang='lat' dir='ltr'>itaut</span> <span class='ocrx_word' id='word_1_180' title='bbox 1173 2094 1232 2159; x_wconf 92' lang='lat' dir='ltr'>per</span> <span class='ocrx_word' id='word_1_181' title='bbox 1246 2074 1470 2158; x_wconf 88' lang='lat' dir='ltr'>operationem</span> 
     </span>
     <span class='ocr_line' id='line_1_21' title="bbox 146 2161 1470 2246; baseline 0.002 -19"><span class='ocrx_word' id='word_1_182' title='bbox 146 2161 245 2227; x_wconf 89' lang='lat' dir='ltr'>etiam</span> <span class='ocrx_word' id='word_1_183' title='bbox 269 2163 485 2245; x_wconf 88' lang='lat' dir='ltr'>periculosam</span> <span class='ocrx_word' id='word_1_184' title='bbox 509 2163 654 2228; x_wconf 89' lang='lat' dir='ltr'>medicus</span> <span class='ocrx_word' id='word_1_185' title='bbox 683 2166 792 2229; x_wconf 89' lang='lat' dir='ltr'>tentet</span> <span class='ocrx_word' id='word_1_186' title='bbox 818 2162 998 2246; x_wconf 92' lang='lat' dir='ltr'>periculum</span> <span class='ocrx_word' id='word_1_187' title='bbox 1028 2163 1176 2229; x_wconf 85' lang='lat' dir='ltr'>auferre:</span> <span class='ocrx_word' id='word_1_188' title='bbox 1206 2183 1287 2228; x_wconf 89' lang='lat' dir='ltr'>sane</span> <span class='ocrx_word' id='word_1_189' title='bbox 1310 2185 1338 2230; x_wconf 91' lang='lat' dir='ltr'>s.</span> <span class='ocrx_word' id='word_1_190' title='bbox 1363 2164 1470 2230; x_wconf 90' lang='lat' dir='ltr'>unctio</span> 
     </span>
     <span class='ocr_line' id='line_1_22' title="bbox 146 2252 481 2336; baseline 0.003 -19"><span class='ocrx_word' id='word_1_191' title='bbox 146 2256 245 2318; x_wconf 85' lang='lat' dir='ltr'>antea</span> <span class='ocrx_word' id='word_1_192' title='bbox 268 2252 338 2317; x_wconf 89' lang='lat' dir='ltr'>dari</span> <span class='ocrx_word' id='word_1_193' title='bbox 361 2256 481 2336; x_wconf 87' lang='lat' dir='ltr'>potest.</span> 
     </span>
    </p>
   </div>
   <div class='ocr_carea' id='block_1_4' title="bbox 146 2357 1514 2888">
    <p class='ocr_par' dir='ltr' id='par_1_7' title="bbox 146 2357 1514 2888">
     <span class='ocr_line' id='line_1_23' title="bbox 235 2357 1470 2443; baseline 0.004 -22"><span class='ocrx_word' id='word_1_194' title='bbox 235 2358 273 2424; x_wconf 86' lang='lat' dir='ltr'>lt.</span> <span class='ocrx_word' id='word_1_195' title='bbox 299 2361 329 2423; x_wconf 90' lang='lat'>3.</span> <span class='ocrx_word' id='word_1_196' title='bbox 369 2357 493 2441; x_wconf 81' lang='lat' dir='ltr'>Capitis</span> <span class='ocrx_word' id='word_1_197' title='bbox 516 2357 664 2424; x_wconf 88' lang='lat' dir='ltr'>damnati</span> <span class='ocrx_word' id='word_1_198' title='bbox 686 2379 752 2440; x_wconf 88' lang='lat' dir='ltr'>qua</span> <span class='ocrx_word' id='word_1_199' title='bbox 773 2358 859 2424; x_wconf 89' lang='lat' dir='ltr'>tales</span> <span class='ocrx_word' id='word_1_200' title='bbox 882 2358 991 2424; x_wconf 88' lang='lat' dir='ltr'>valide</span> <span class='ocrx_word' id='word_1_201' title='bbox 1014 2358 1094 2440; x_wconf 90' lang='lat' dir='ltr'>ungi</span> <span class='ocrx_word' id='word_1_202' title='bbox 1116 2379 1181 2424; x_wconf 91' lang='lat' dir='ltr'>non</span> <span class='ocrx_word' id='word_1_203' title='bbox 1210 2365 1368 2443; x_wconf 86' lang='lat' dir='ltr'>possunt,</span> <span class='ocrx_word' id='word_1_204' title='bbox 1400 2382 1470 2426; x_wconf 90' lang='lat' dir='ltr'>cum</span> 
     </span>
     <span class='ocr_line' id='line_1_24' title="bbox 147 2446 1470 2534; baseline 0.004 -24"><span class='ocrx_word' id='word_1_205' title='bbox 147 2467 234 2510; x_wconf 89' lang='lat' dir='ltr'>mors</span> <span class='ocrx_word' id='word_1_206' title='bbox 257 2467 321 2511; x_wconf 93' lang='lat' dir='ltr'>non</span> <span class='ocrx_word' id='word_1_207' title='bbox 344 2447 514 2512; x_wconf 89' lang='lat' dir='ltr'>immineat</span> <span class='ocrx_word' id='word_1_208' title='bbox 537 2468 579 2511; x_wconf 90' lang='lat' dir='ltr'>ex</span> <span class='ocrx_word' id='word_1_209' title='bbox 601 2447 725 2513; x_wconf 88' lang='lat' dir='ltr'>morbo.</span> <span class='ocrx_word' id='word_1_210' title='bbox 771 2447 977 2532; x_wconf 84' lang='lat' dir='ltr'>Quapropter</span> <span class='ocrx_word' id='word_1_211' title='bbox 999 2448 1086 2512; x_wconf 89' lang='lat' dir='ltr'>male</span> <span class='ocrx_word' id='word_1_212' title='bbox 1109 2446 1178 2530; x_wconf 90' lang='lat' dir='ltr'>egit</span> <span class='ocrx_word' id='word_1_213' title='bbox 1200 2447 1386 2514; x_wconf 87' lang='lat' dir='ltr'>Fridericus</span> <span class='ocrx_word' id='word_1_214' title='bbox 1415 2470 1470 2534; x_wconf 88' lang='lat' dir='ltr'>po·</span> 
     </span>
     <span class='ocr_line' id='line_1_25' title="bbox 146 2535 1469 2620; baseline 0.002 -20"><span class='ocrx_word' id='word_1_215' title='bbox 146 2535 316 2600; x_wconf 89' lang='lat' dir='ltr'>steriorem</span> <span class='ocrx_word' id='word_1_216' title='bbox 340 2535 430 2601; x_wconf 90' lang='lat' dir='ltr'>illum</span> <span class='ocrx_word' id='word_1_217' title='bbox 454 2557 589 2618; x_wconf 90' lang='lat' dir='ltr'>ungens,</span> <span class='ocrx_word' id='word_1_218' title='bbox 615 2535 679 2618; x_wconf 89' lang='lat' dir='ltr'>qui,</span> <span class='ocrx_word' id='word_1_219' title='bbox 704 2557 745 2601; x_wconf 89' lang='lat' dir='ltr'>ne</span> <span class='ocrx_word' id='word_1_220' title='bbox 769 2557 810 2600; x_wconf 87' lang='lat' dir='ltr'>ex</span> <span class='ocrx_word' id='word_1_221' title='bbox 834 2558 958 2620; x_wconf 91' lang='lat' dir='ltr'>pavore</span> <span class='ocrx_word' id='word_1_222' title='bbox 974 2537 1006 2601; x_wconf 94' lang='lat' dir='ltr'>in</span> <span class='ocrx_word' id='word_1_223' title='bbox 1022 2535 1141 2602; x_wconf 88' lang='lat' dir='ltr'>itinere</span> <span class='ocrx_word' id='word_1_224' title='bbox 1156 2543 1353 2616; x_wconf 89' lang='lat' dir='ltr'>moreretur,</span> <span class='ocrx_word' id='word_1_225' title='bbox 1377 2538 1469 2606; x_wconf 90' lang='lat' dir='ltr'>time·</span> 
     </span>
     <span class='ocr_line' id='line_1_26' title="bbox 146 2625 1514 2709; baseline 0.002 -21"><span class='ocrx_word' id='word_1_226' title='bbox 146 2625 259 2690; x_wconf 91' lang='lat' dir='ltr'>batur:</span> <span class='ocrx_word' id='word_1_227' title='bbox 291 2646 367 2689; x_wconf 89' lang='lat' dir='ltr'>nam</span> <span class='ocrx_word' id='word_1_228' title='bbox 397 2645 502 2709; x_wconf 84' lang='lat' dir='ltr'>pavor</span> <span class='ocrx_word' id='word_1_229' title='bbox 524 2625 580 2689; x_wconf 92' lang='lat' dir='ltr'>ille</span> <span class='ocrx_word' id='word_1_230' title='bbox 604 2646 669 2691; x_wconf 92' lang='lat' dir='ltr'>non</span> <span class='ocrx_word' id='word_1_231' title='bbox 691 2629 743 2691; x_wconf 90' lang='lat' dir='ltr'>eat</span> <span class='ocrx_word' id='word_1_232' title='bbox 766 2627 908 2692; x_wconf 88' lang='lat' dir='ltr'>morbus.</span> <span class='ocrx_word' id='word_1_233' title='bbox 956 2625 1064 2691; x_wconf 84' lang='lat' dir='ltr'>Senex</span> <span class='ocrx_word' id='word_1_234' title='bbox 1087 2631 1214 2704; x_wconf 88' lang='lat' dir='ltr'>autem,</span> <span class='ocrx_word' id='word_1_235' title='bbox 1246 2625 1418 2693; x_wconf 88' lang='lat' dir='ltr'>sirevera</span> <span class='ocrx_word' id='word_1_236' title='bbox 1439 2628 1470 2692; x_wconf 92' lang='lat' dir='ltr'>in</span> <span class='ocrx_word' id='word_1_237' title='bbox 1512 2632 1514 2641; x_wconf 85' lang='lat'><em>&#39;</em></span> 
     </span>
     <span class='ocr_line' id='line_1_27' title="bbox 146 2713 1470 2799; baseline 0.002 -21"><span class='ocrx_word' id='word_1_238' title='bbox 146 2734 185 2778; x_wconf 92' lang='lat' dir='ltr'>eo</span> <span class='ocrx_word' id='word_1_239' title='bbox 216 2717 306 2779; x_wconf 85' lang='lat' dir='ltr'>statu</span> <span class='ocrx_word' id='word_1_240' title='bbox 336 2714 516 2780; x_wconf 86' lang='lat' dir='ltr'>senectutis</span> <span class='ocrx_word' id='word_1_241' title='bbox 546 2719 619 2781; x_wconf 87' lang='lat' dir='ltr'>erat</span> <span class='ocrx_word' id='word_1_242' title='bbox 649 2735 730 2796; x_wconf 90' lang='lat' dir='ltr'>quo,</span> <span class='ocrx_word' id='word_1_243' title='bbox 766 2713 893 2779; x_wconf 89' lang='lat' dir='ltr'>etiamsi</span> <span class='ocrx_word' id='word_1_244' title='bbox 925 2714 1042 2799; x_wconf 91' lang='lat' dir='ltr'>capitis</span> <span class='ocrx_word' id='word_1_245' title='bbox 1072 2737 1136 2781; x_wconf 88' lang='lat' dir='ltr'>non</span> <span class='ocrx_word' id='word_1_246' title='bbox 1166 2715 1360 2794; x_wconf 88' lang='lat' dir='ltr'>damnatus,</span> <span class='ocrx_word' id='word_1_247' title='bbox 1395 2716 1470 2799; x_wconf 90' lang='lat' dir='ltr'>ungi</span> 
     </span>
     <span class='ocr_line' id='line_1_28' title="bbox 146 2802 1138 2888; baseline 0.003 -21"><span class='ocrx_word' id='word_1_248' title='bbox 146 2802 317 2886; x_wconf 87' lang='lat' dir='ltr'>potuisset,</span> <span class='ocrx_word' id='word_1_249' title='bbox 343 2802 530 2868; x_wconf 87' lang='lat' dir='ltr'>etiamnunc</span> <span class='ocrx_word' id='word_1_250' title='bbox 553 2807 686 2886; x_wconf 88' lang='lat' dir='ltr'>poterat</span> <span class='ocrx_word' id='word_1_251' title='bbox 709 2803 803 2886; x_wconf 75' lang='lat' dir='ltr'>ungi,</span> <span class='ocrx_word' id='word_1_252' title='bbox 829 2803 910 2868; x_wconf 86' lang='lat' dir='ltr'>alias</span> <span class='ocrx_word' id='word_1_253' title='bbox 935 2826 999 2870; x_wconf 91' lang='lat' dir='ltr'>non</span> <span class='ocrx_word' id='word_1_254' title='bbox 1021 2804 1138 2888; x_wconf 93' lang='lat' dir='ltr'>potuit.</span> 
     </span>
    </p>
   </div>
   <div class='ocr_carea' id='block_1_5' title="bbox 422 2992 1514 3105">
    <p class='ocr_par' dir='ltr' id='par_1_8' title="bbox 422 2992 1514 3105">
     <span class='ocr_line' id='line_1_29' title="bbox 422 2992 1514 3105; baseline 0.005 -47"><span class='ocrx_word' id='word_1_255' title='bbox 422 2992 668 3059; x_wconf 81' lang='lat' dir='ltr'><strong>EXTREMAE</strong></span> <span class='ocrx_word' id='word_1_256' title='bbox 692 2993 932 3060; x_wconf 82' lang='lat' dir='ltr'>UNOTIONIS</span> <span class='ocrx_word' id='word_1_257' title='bbox 956 2994 1202 3064; x_wconf 81' lang='lat' dir='ltr'>OBLIGATIO.</span> <span class='ocrx_word' id='word_1_258' title='bbox 1510 3022 1514 3105; x_wconf 59' lang='lat' dir='ltr'>p</span> 
     </span>
    </p>
   </div>
   <div class='ocr_carea' id='block_1_6' title="bbox 701 3158 1514 3253">
    <p class='ocr_par' dir='ltr' id='par_1_9' title="bbox 701 3158 1514 3253">
     <span class='ocr_line' id='line_1_30' title="bbox 701 3158 1514 3253; baseline -0.007 -29"><span class='ocrx_word' id='word_1_259' title='bbox 701 3158 812 3224; x_wconf 79' lang='lat' dir='ltr'>dasne.</span> <span class='ocrx_word' id='word_1_260' title='bbox 832 3166 907 3234; x_wconf 82' lang='lat'>(196)</span> <span class='ocrx_word' id='word_1_261' title='bbox 1358 3216 1361 3223; x_wconf 87' lang='grc'><strong><em>,</em></strong></span> <span class='ocrx_word' id='word_1_262' title='bbox 1511 3182 1514 3253; x_wconf 52' lang='lat' dir='ltr'>p</span> 
     </span>
    </p>
   </div>
   <div class='ocr_carea' id='block_1_7' title="bbox 144 3296 1471 3938">
    <p class='ocr_par' dir='ltr' id='par_1_10' title="bbox 144 3296 1471 3938">
     <span class='ocr_line' id='line_1_31' title="bbox 234 3296 1469 3377; baseline 0.005 -23"><span class='ocrx_word' id='word_1_263' title='bbox 234 3297 412 3361; x_wconf 89' lang='lat' dir='ltr'>Dorotheus.</span> <span class='ocrx_word' id='word_1_264' title='bbox 433 3296 550 3355; x_wconf 85' lang='lat' dir='ltr'>iuvenis</span> <span class='ocrx_word' id='word_1_265' title='bbox 564 3298 703 3368; x_wconf 88' lang='lat' dir='ltr'>rusticus,</span> <span class='ocrx_word' id='word_1_266' title='bbox 724 3297 857 3372; x_wconf 90' lang='lat' dir='ltr'>graviter</span> <span class='ocrx_word' id='word_1_267' title='bbox 877 3299 1065 3368; x_wconf 88' lang='lat' dir='ltr'>decumbens,</span> <span class='ocrx_word' id='word_1_268' title='bbox 1087 3318 1153 3357; x_wconf 87' lang='lat' dir='ltr'>oum</span> <span class='ocrx_word' id='word_1_269' title='bbox 1168 3299 1204 3357; x_wconf 93' lang='lat' dir='ltr'>de</span> <span class='ocrx_word' id='word_1_270' title='bbox 1218 3300 1411 3377; x_wconf 82' lang='lat' dir='ltr'>suscipiende</span> <span class='ocrx_word' id='word_1_271' title='bbox 1425 3323 1469 3362; x_wconf 90' lang='lat' dir='ltr'>ex·</span> 
     </span>
     <span class='ocr_line' id='line_1_32' title="bbox 144 3377 1470 3455; baseline 0.005 -20"><span class='ocrx_word' id='word_1_272' title='bbox 144 3383 239 3436; x_wconf 85' lang='lat' dir='ltr'>trema</span> <span class='ocrx_word' id='word_1_273' title='bbox 260 3377 398 3436; x_wconf 87' lang='lat' dir='ltr'>unctione</span> <span class='ocrx_word' id='word_1_274' title='bbox 419 3383 595 3448; x_wconf 89' lang='lat' dir='ltr'>moueretur,</span> <span class='ocrx_word' id='word_1_275' title='bbox 618 3378 804 3437; x_wconf 85' lang='lat' dir='ltr'>confessione</span> <span class='ocrx_word' id='word_1_276' title='bbox 826 3378 941 3454; x_wconf 90' lang='lat' dir='ltr'>quidem</span> <span class='ocrx_word' id='word_1_277' title='bbox 963 3385 993 3437; x_wconf 90' lang='lat' dir='ltr'>et</span> <span class='ocrx_word' id='word_1_278' title='bbox 1007 3399 1029 3437; x_wconf 89' lang='lat' dir='ltr'>s.</span> <span class='ocrx_word' id='word_1_279' title='bbox 1045 3380 1248 3439; x_wconf 87' lang='lat' dir='ltr'>communione</span> <span class='ocrx_word' id='word_1_280' title='bbox 1269 3383 1379 3442; x_wconf 89' lang='lat' dir='ltr'>muniri</span> <span class='ocrx_word' id='word_1_281' title='bbox 1400 3384 1470 3455; x_wconf 86' lang='lat' dir='ltr'>vult,</span> 
     </span>
     <span class='ocr_line' id='line_1_33' title="bbox 145 3457 1470 3539; baseline 0.006 -25"><span class='ocrx_word' id='word_1_282' title='bbox 145 3477 204 3515; x_wconf 90' lang='lat' dir='ltr'>non</span> <span class='ocrx_word' id='word_1_283' title='bbox 226 3477 296 3515; x_wconf 88' lang='lat' dir='ltr'>vero</span> <span class='ocrx_word' id='word_1_284' title='bbox 318 3478 341 3516; x_wconf 93' lang='lat' dir='ltr'>s.</span> <span class='ocrx_word' id='word_1_285' title='bbox 363 3457 518 3526; x_wconf 87' lang='lat' dir='ltr'>unctione,</span> <span class='ocrx_word' id='word_1_286' title='bbox 540 3459 617 3533; x_wconf 89' lang='lat' dir='ltr'>quod</span> <span class='ocrx_word' id='word_1_287' title='bbox 638 3458 757 3529; x_wconf 88' lang='lat' dir='ltr'>timeat,</span> <span class='ocrx_word' id='word_1_288' title='bbox 779 3478 817 3516; x_wconf 90' lang='lat' dir='ltr'>na</span> <span class='ocrx_word' id='word_1_289' title='bbox 839 3460 874 3517; x_wconf 90' lang='lat' dir='ltr'>de</span> <span class='ocrx_word' id='word_1_290' title='bbox 896 3478 929 3517; x_wconf 85' lang='lat' dir='ltr'>ae</span> <span class='ocrx_word' id='word_1_291' title='bbox 950 3464 1048 3517; x_wconf 87' lang='lat' dir='ltr'>actum</span> <span class='ocrx_word' id='word_1_292' title='bbox 1070 3459 1126 3528; x_wconf 91' lang='lat' dir='ltr'>ait,</span> <span class='ocrx_word' id='word_1_293' title='bbox 1149 3479 1214 3518; x_wconf 88' lang='lat' dir='ltr'>cum</span> <span class='ocrx_word' id='word_1_294' title='bbox 1236 3464 1404 3539; x_wconf 83' lang='lat' dir='ltr'>susceperit</span> <span class='ocrx_word' id='word_1_295' title='bbox 1424 3484 1470 3522; x_wconf 87' lang='lat' dir='ltr'>ex·</span> 
     </span>
     <span class='ocr_line' id='line_1_34' title="bbox 144 3537 1470 3614; baseline 0.005 -19"><span class='ocrx_word' id='word_1_296' title='bbox 144 3543 269 3596; x_wconf 88' lang='lat' dir='ltr'>tremam</span> <span class='ocrx_word' id='word_1_297' title='bbox 284 3537 461 3608; x_wconf 88' lang='lat' dir='ltr'>unctionem,</span> <span class='ocrx_word' id='word_1_298' title='bbox 483 3557 578 3613; x_wconf 90' lang='lat' dir='ltr'>neque</span> <span class='ocrx_word' id='word_1_299' title='bbox 599 3538 656 3596; x_wconf 85' lang='lat' dir='ltr'>sibi</span> <span class='ocrx_word' id='word_1_300' title='bbox 678 3558 736 3596; x_wconf 90' lang='lat' dir='ltr'>nou</span> <span class='ocrx_word' id='word_1_301' title='bbox 759 3538 884 3614; x_wconf 87' lang='lat' dir='ltr'>amplius</span> <span class='ocrx_word' id='word_1_302' title='bbox 905 3539 1003 3610; x_wconf 86' lang='lat' dir='ltr'>liceat,</span> <span class='ocrx_word' id='word_1_303' title='bbox 1026 3539 1051 3597; x_wconf 90' lang='lat' dir='ltr'>ai</span> <span class='ocrx_word' id='word_1_304' title='bbox 1073 3541 1267 3611; x_wconf 82' lang='lat' dir='ltr'>convaluerit,</span> <span class='ocrx_word' id='word_1_305' title='bbox 1290 3543 1404 3602; x_wconf 83' lang='lat' dir='ltr'>saltare</span> <span class='ocrx_word' id='word_1_306' title='bbox 1425 3543 1470 3602; x_wconf 85' lang='lat' dir='ltr'>vel</span> 
     </span>
     <span class='ocr_line' id='line_1_35' title="bbox 145 3617 1470 3698; baseline 0.006 -24"><span class='ocrx_word' id='word_1_307' title='bbox 145 3618 232 3676; x_wconf 91' lang='lat' dir='ltr'>nudis</span> <span class='ocrx_word' id='word_1_308' title='bbox 253 3617 377 3692; x_wconf 88' lang='lat' dir='ltr'>pedihus</span> <span class='ocrx_word' id='word_1_309' title='bbox 398 3617 546 3677; x_wconf 89' lang='lat' dir='ltr'>insistere.</span> <span class='ocrx_word' id='word_1_310' title='bbox 589 3617 660 3676; x_wconf 85' lang='lat' dir='ltr'>Cum</span> <span class='ocrx_word' id='word_1_311' title='bbox 682 3638 753 3676; x_wconf 84' lang='lat' dir='ltr'>vero</span> <span class='ocrx_word' id='word_1_312' title='bbox 775 3619 912 3677; x_wconf 88' lang='lat' dir='ltr'>sensibus</span> <span class='ocrx_word' id='word_1_313' title='bbox 933 3618 1069 3678; x_wconf 82' lang='lat' dir='ltr'>videatur</span> <span class='ocrx_word' id='word_1_314' title='bbox 1093 3619 1262 3692; x_wconf 82' lang='lat' dir='ltr'>destitutus,</span> <span class='ocrx_word' id='word_1_315' title='bbox 1284 3625 1434 3698; x_wconf 89' lang='lat' dir='ltr'>parochus</span> <span class='ocrx_word' id='word_1_316' title='bbox 1454 3642 1470 3681; x_wconf 87' lang='lat' dir='ltr'>a</span> 
     </span>
     <span class='ocr_line' id='line_1_36' title="bbox 146 3698 1470 3780; baseline 0.005 -25"><span class='ocrx_word' id='word_1_317' title='bbox 146 3699 318 3774; x_wconf 87' lang='lat' dir='ltr'>parentibus</span> <span class='ocrx_word' id='word_1_318' title='bbox 339 3702 461 3772; x_wconf 90' lang='lat' dir='ltr'>rogatus</span> <span class='ocrx_word' id='word_1_319' title='bbox 483 3717 549 3755; x_wconf 89' lang='lat' dir='ltr'>aum</span> <span class='ocrx_word' id='word_1_320' title='bbox 570 3698 675 3774; x_wconf 89' lang='lat' dir='ltr'>incipit</span> <span class='ocrx_word' id='word_1_321' title='bbox 696 3718 822 3773; x_wconf 90' lang='lat' dir='ltr'>ungere:</span> <span class='ocrx_word' id='word_1_322' title='bbox 854 3699 905 3756; x_wconf 91' lang='lat' dir='ltr'>sed</span> <span class='ocrx_word' id='word_1_323' title='bbox 927 3698 1024 3757; x_wconf 90' lang='lat' dir='ltr'>subito</span> <span class='ocrx_word' id='word_1_324' title='bbox 1047 3700 1232 3771; x_wconf 85' lang='lat' dir='ltr'>Dorotheus,</span> <span class='ocrx_word' id='word_1_325' title='bbox 1253 3702 1393 3778; x_wconf 90' lang='lat' dir='ltr'>loquendi</span> <span class='ocrx_word' id='word_1_326' title='bbox 1414 3704 1470 3780; x_wconf 88' lang='lat' dir='ltr'>qui·</span> 
     </span>
     <span class='ocr_line' id='line_1_37' title="bbox 147 3778 1471 3860; baseline 0.005 -26"><span class='ocrx_word' id='word_1_327' title='bbox 147 3779 211 3835; x_wconf 89' lang='lat' dir='ltr'>dem</span> <span class='ocrx_word' id='word_1_328' title='bbox 233 3778 344 3853; x_wconf 91' lang='lat' dir='ltr'>impos,</span> <span class='ocrx_word' id='word_1_329' title='bbox 372 3783 453 3836; x_wconf 90' lang='lat' dir='ltr'>motu</span> <span class='ocrx_word' id='word_1_330' title='bbox 474 3797 613 3836; x_wconf 85' lang='lat' dir='ltr'>manuum</span> <span class='ocrx_word' id='word_1_331' title='bbox 635 3783 665 3836; x_wconf 91' lang='lat' dir='ltr'>et</span> <span class='ocrx_word' id='word_1_332' title='bbox 687 3779 819 3854; x_wconf 89' lang='lat' dir='ltr'>corporis</span> <span class='ocrx_word' id='word_1_333' title='bbox 841 3779 1006 3852; x_wconf 86' lang='lat' dir='ltr'>agitatione</span> <span class='ocrx_word' id='word_1_334' title='bbox 1033 3781 1147 3848; x_wconf 90' lang='lat' dir='ltr'>renuit,</span> <span class='ocrx_word' id='word_1_335' title='bbox 1176 3781 1274 3839; x_wconf 89' lang='lat' dir='ltr'>itaut</span> <span class='ocrx_word' id='word_1_336' title='bbox 1296 3803 1372 3860; x_wconf 88' lang='lat' dir='ltr'>opus</span> <span class='ocrx_word' id='word_1_337' title='bbox 1394 3789 1471 3843; x_wconf 86' lang='lat' dir='ltr'>esset</span> 
     </span>
     <span class='ocr_line' id='line_1_38' title="bbox 146 3858 1257 3938; baseline 0.005 -24"><span class='ocrx_word' id='word_1_338' title='bbox 146 3877 212 3915; x_wconf 89' lang='lat' dir='ltr'>oum</span> <span class='ocrx_word' id='word_1_339' title='bbox 234 3860 271 3915; x_wconf 87' lang='lat' dir='ltr'>ab</span> <span class='ocrx_word' id='word_1_340' title='bbox 294 3858 387 3915; x_wconf 90' lang='lat' dir='ltr'>altero</span> <span class='ocrx_word' id='word_1_341' title='bbox 409 3858 513 3927; x_wconf 90' lang='lat' dir='ltr'>teneri,</span> <span class='ocrx_word' id='word_1_342' title='bbox 536 3859 603 3916; x_wconf 92' lang='lat' dir='ltr'>dum</span> <span class='ocrx_word' id='word_1_343' title='bbox 624 3858 773 3934; x_wconf 89' lang='lat' dir='ltr'>parochus</span> <span class='ocrx_word' id='word_1_344' title='bbox 795 3860 963 3918; x_wconf 89' lang='lat' dir='ltr'>unctionem</span> <span class='ocrx_word' id='word_1_345' title='bbox 983 3866 1086 3935; x_wconf 89' lang='lat' dir='ltr'>posset</span> <span class='ocrx_word' id='word_1_346' title='bbox 1106 3861 1257 3938; x_wconf 86' lang='lat' dir='ltr'>perficere.</span> 
     </span>
    </p>
   </div>
   <div class='ocr_carea' id='block_1_8' title="bbox 147 3964 1278 4042">
    <p class='ocr_par' dir='ltr' id='par_1_11' title="bbox 147 3964 1278 4042">
     <span class='ocr_line' id='line_1_39' title="bbox 147 3964 1278 4042; baseline 0.006 -21"><span class='ocrx_word' id='word_1_347' title='bbox 147 3964 324 4034; x_wconf 79' lang='lat' dir='ltr'>Qunsmrus</span> <span class='ocrx_word' id='word_1_348' title='bbox 346 3965 375 4021; x_wconf 92' lang='lat'>1⁰</span> <span class='ocrx_word' id='word_1_349' title='bbox 395 3984 470 4039; x_wconf 89' lang='lat' dir='ltr'>quae</span> <span class='ocrx_word' id='word_1_350' title='bbox 491 3965 532 4023; x_wconf 89' lang='lat' dir='ltr'>sit</span> <span class='ocrx_word' id='word_1_351' title='bbox 553 3965 695 4041; x_wconf 85' lang='lat' dir='ltr'>obligatio</span> <span class='ocrx_word' id='word_1_352' title='bbox 717 3965 924 4042; x_wconf 84' lang='lat' dir='ltr'>suscipiendae</span> <span class='ocrx_word' id='word_1_353' title='bbox 946 3972 1098 4025; x_wconf 89' lang='lat' dir='ltr'>extremae</span> <span class='ocrx_word' id='word_1_354' title='bbox 1118 3968 1278 4029; x_wconf 87' lang='lat' dir='ltr'>unctionis.</span> 
     </span>
    </p>
   </div>
   <div class='ocr_carea' id='block_1_9' title="bbox 347 4049 1471 4190">
    <p class='ocr_par' dir='ltr' id='par_1_12' title="bbox 347 4049 1471 4190">
     <span class='ocr_line' id='line_1_40' title="bbox 347 4049 1471 4130; baseline 0.008 -24"><span class='ocrx_word' id='word_1_355' title='bbox 347 4049 377 4106; x_wconf 83' lang='lat'>2⁰</span> <span class='ocrx_word' id='word_1_356' title='bbox 398 4069 472 4124; x_wconf 87' lang='lat' dir='ltr'>quaa</span> <span class='ocrx_word' id='word_1_357' title='bbox 494 4050 635 4125; x_wconf 86' lang='lat' dir='ltr'>obligatio</span> <span class='ocrx_word' id='word_1_358' title='bbox 657 4055 851 4125; x_wconf 88' lang='lat' dir='ltr'>cognatorum</span> <span class='ocrx_word' id='word_1_359' title='bbox 873 4058 902 4110; x_wconf 91' lang='lat' dir='ltr'>et</span> <span class='ocrx_word' id='word_1_360' title='bbox 923 4052 1045 4127; x_wconf 87' lang='lat' dir='ltr'>parochi</span> <span class='ocrx_word' id='word_1_361' title='bbox 1066 4053 1189 4112; x_wconf 90' lang='lat' dir='ltr'>curandi</span> <span class='ocrx_word' id='word_1_362' title='bbox 1209 4058 1243 4113; x_wconf 90' lang='lat' dir='ltr'>ut</span> <span class='ocrx_word' id='word_1_363' title='bbox 1264 4061 1407 4130; x_wconf 87' lang='lat' dir='ltr'>aegrotus</span> <span class='ocrx_word' id='word_1_364' title='bbox 1424 4076 1471 4116; x_wconf 86' lang='lat' dir='ltr'>ex·</span> 
     </span>
     <span class='ocr_line' id='line_1_41' title="bbox 398 4131 831 4190; baseline 0.007 -3"><span class='ocrx_word' id='word_1_365' title='bbox 398 4136 493 4188; x_wconf 90' lang='lat' dir='ltr'>trema</span> <span class='ocrx_word' id='word_1_366' title='bbox 515 4131 653 4190; x_wconf 90' lang='lat' dir='ltr'>unctione</span> <span class='ocrx_word' id='word_1_367' title='bbox 674 4131 831 4190; x_wconf 88' lang='lat' dir='ltr'>muniatur.</span> 
     </span>
    </p>
   </div>
   <div class='ocr_carea' id='block_1_10' title="bbox 345 4210 1321 4287">
    <p class='ocr_par' dir='ltr' id='par_1_13' title="bbox 345 4210 1321 4287">
     <span class='ocr_line' id='line_1_42' title="bbox 345 4210 1321 4287; baseline 0.005 -19"><span class='ocrx_word' id='word_1_368' title='bbox 345 4210 377 4268; x_wconf 80' lang='lat'>3⁰</span> <span class='ocrx_word' id='word_1_369' title='bbox 397 4210 465 4285; x_wconf 92' lang='lat' dir='ltr'>quid</span> <span class='ocrx_word' id='word_1_370' title='bbox 488 4211 522 4269; x_wconf 90' lang='lat' dir='ltr'>de</span> <span class='ocrx_word' id='word_1_371' title='bbox 545 4230 617 4270; x_wconf 89' lang='lat' dir='ltr'>casu</span> <span class='ocrx_word' id='word_1_372' title='bbox 637 4217 740 4270; x_wconf 91' lang='lat' dir='ltr'>nostro</span> <span class='ocrx_word' id='word_1_373' title='bbox 762 4212 855 4287; x_wconf 88' lang='lat' dir='ltr'>deque</span> <span class='ocrx_word' id='word_1_374' title='bbox 876 4213 978 4270; x_wconf 86' lang='lat' dir='ltr'>valore</span> <span class='ocrx_word' id='word_1_375' title='bbox 999 4212 1147 4272; x_wconf 89' lang='lat' dir='ltr'>unctionis</span> <span class='ocrx_word' id='word_1_376' title='bbox 1168 4214 1321 4274; x_wconf 90' lang='lat' dir='ltr'>Dorothei.</span> 
     </span>
    </p>
   </div>
   <div class='ocr_carea' id='block_1_11' title="bbox 741 4394 875 4461">
    <p class='ocr_par' dir='ltr' id='par_1_14' title="bbox 741 4394 875 4461">
     <span class='ocr_line' id='line_1_43' title="bbox 741 4394 875 4461; baseline 0 0"><span class='ocrx_word' id='word_1_377' title='bbox 741 4394 875 4461; x_wconf 86' lang='lat' dir='ltr'>Solutio.</span> 
     </span>
    </p>
   </div>
   <div class='ocr_carea' id='block_1_12' title="bbox 85 4535 1472 4712">
    <p class='ocr_par' dir='ltr' id='par_1_15' title="bbox 85 4535 1472 4712">
     <span class='ocr_line' id='line_1_44' title="bbox 85 4535 1472 4620; baseline 0.006 -23"><span class='ocrx_word' id='word_1_378' title='bbox 85 4560 136 4613; x_wconf 83' lang='lat'>675</span> <span class='ocrx_word' id='word_1_379' title='bbox 235 4535 288 4599; x_wconf 79' lang='lat' dir='ltr'>Ao</span> <span class='ocrx_word' id='word_1_380' title='bbox 305 4557 495 4611; x_wconf 78' lang='lat' dir='ltr'>oonasrrnrr</span> <span class='ocrx_word' id='word_1_381' title='bbox 514 4540 552 4600; x_wconf 76' lang='lat'>1¹¹¹</span> <span class='ocrx_word' id='word_1_382' title='bbox 568 4537 606 4602; x_wconf 76' lang='lat' dir='ltr'>a.</span> <span class='ocrx_word' id='word_1_383' title='bbox 627 4540 654 4604; x_wconf 90' lang='lat'>1.</span> <span class='ocrx_word' id='word_1_384' title='bbox 690 4536 854 4618; x_wconf 85' lang='lat' dir='ltr'>Obligatio</span> <span class='ocrx_word' id='word_1_385' title='bbox 878 4536 1103 4620; x_wconf 85' lang='lat' dir='ltr'>suscipiendae</span> <span class='ocrx_word' id='word_1_386' title='bbox 1125 4543 1294 4604; x_wconf 82' lang='lat' dir='ltr'>extremae</span> <span class='ocrx_word' id='word_1_387' title='bbox 1311 4541 1472 4606; x_wconf 88' lang='lat' dir='ltr'>unctionis</span> 
     </span>
     <span class='ocr_line' id='line_1_45' title="bbox 147 4626 1472 4712; baseline 0.007 -25"><span class='ocrx_word' id='word_1_388' title='bbox 147 4643 186 4687; x_wconf 86' lang='lat' dir='ltr'>ex</span> <span class='ocrx_word' id='word_1_389' title='bbox 212 4629 307 4708; x_wconf 87' lang='lat' dir='ltr'>parte</span> <span class='ocrx_word' id='word_1_390' title='bbox 331 4626 459 4707; x_wconf 83' lang='lat' dir='ltr'>aegroti</span> <span class='ocrx_word' id='word_1_391' title='bbox 481 4649 539 4710; x_wconf 82' lang='lat' dir='ltr'>per</span> <span class='ocrx_word' id='word_1_392' title='bbox 562 4650 594 4691; x_wconf 82' lang='lat' dir='ltr'>se</span> <span class='ocrx_word' id='word_1_393' title='bbox 624 4627 736 4708; x_wconf 89' lang='lat' dir='ltr'>gravis</span> <span class='ocrx_word' id='word_1_394' title='bbox 767 4648 831 4690; x_wconf 91' lang='lat' dir='ltr'>non</span> <span class='ocrx_word' id='word_1_395' title='bbox 864 4629 924 4691; x_wconf 90' lang='lat' dir='ltr'>est.</span> <span class='ocrx_word' id='word_1_396' title='bbox 972 4626 1059 4690; x_wconf 88' lang='lat' dir='ltr'>Nam</span> <span class='ocrx_word' id='word_1_397' title='bbox 1090 4628 1242 4708; x_wconf 87' lang='lat' dir='ltr'>quamdiu</span> <span class='ocrx_word' id='word_1_398' title='bbox 1274 4629 1316 4694; x_wconf 91' lang='lat' dir='ltr'>de</span> <span class='ocrx_word' id='word_1_399' title='bbox 1346 4631 1472 4712; x_wconf 88' lang='lat' dir='ltr'>aegroti</span> 
     </span>
    </p>
   </div>
   <div class='ocr_carea' id='block_1_13' title="bbox 0 0 1529 5174">
    <p class='ocr_par' dir='ltr' id='par_1_16' title="bbox 0 0 1529 5174">
     <span class='ocr_line' id='line_1_46' title="bbox 0 0 1529 5174; baseline 0 0"><span class='ocrx_word' id='word_1_400' title='bbox 0 0 1529 5174; x_wconf 95' lang='lat' dir='ltr'> </span> 
     </span>
    </p>
   </div>
  </div>
 </body>
</html>
