3044 5174
164 275 205 337 52
632 267 673 322 De
691 271 862 322 sacramento
880 267 1016 338 baptismi.

251 447 290 514 R.
317 449 347 513 2.
394 445 507 522 Quoad
532 445 672 529 priorem
696 443 922 527 quaestionem
945 448 1094 528 tempore
1117 445 1150 511 S.
1168 445 1327 529 Alphonsi
1352 446 1486 512 valebat

162 536 328 603 sententia
355 535 575 614 ,communior
597 539 633 600 et
656 533 893 617 probabilior“:
917 533 950 598 in
974 533 1136 617 baptismo
1155 535 1287 619 privato
1311 535 1368 619 qui
1383 537 1484 620 patri-

162 647 239 690 num
263 647 329 691 non
359 626 523 708 postulet,
557 623 586 689 si
617 622 826 688 nihilominus
856 622 1070 701 adhibeatur,
1105 624 1146 689 ab
1179 645 1218 690 eo
1248 645 1313 690 non
1337 627 1483 692 contrahi

161 715 429 799 impedimentum
460 712 641 797 spiritualis
673 712 879 794 cognationis
902 711 949 792 (S.
974 712 1089 796 Alph.
1115 713 1179 791 VI,
1207 715 1303 794 149),
1337 718 1483 798 eoquod

161 805 252 886 leges
268 803 446 880 Ecclesiae,
470 803 599 885 quando
615 803 793 884 loquantur
809 802 849 866 de
865 801 1027 884 spirituali
1045 801 1250 884 cognatione,
1267 824 1334 868 non
1349 804 1484 869 obscure

160 896 337 959 sollemnem
368 893 558 981 baptismum
588 891 741 957 indicent.
790 891 912 956 Verum
944 892 976 957 S.
1008 891 1226 974 Congregatio
1257 891 1393 958 Concilii
1432 894 1483 959 de

161 983 260 1049 cretis
283 982 350 1048 suis
376 985 505 1065 eparte
530 1002 642 1046 eorum
666 984 745 1057 stat,
770 979 825 1062 qni
849 979 1023 1045 severioris
1048 981 1233 1047 sententiae
1255 981 1426 1060 sunt('1b.
1445 1006 1482 1049 m.

250 1178 289 1245 [t.
315 1180 345 1247 3.
393 1177 427 1242 Si
451 1177 613 1242 secundus
636 1175 819 1259 baptismus
842 1197 863 1241 a
886 1176 1027 1259 parocho
1051 1178 1108 1242 sub
1125 1177 1308 1243 condicione
1323 1177 1483 1262 repetitus

161 1289 220 1352 pro
243 1289 280 1333 se
303 1268 373 1332 solo
397 1265 553 1343 sumitur,
577 1264 707 1331 etiamsi
731 1264 831 1331 fuerit
854 1264 1057 1330 sollemniter
1080 1266 1235 1343 collatus,
1266 1282 1331 1331 non
1362 1267 1484 1332 inducit

162 1357 392 1438 cognationem
414 1355 619 1439 spiritualem
643 1375 727 1436 quae
751 1353 993 1420 matrimonium
1016 1355 1102 1420 inter
1118 1354 1273 1420 loannem
1293 1360 1330 1422 et
1353 1356 1481 1422 viduam

164 1446 256 1512 Pauli
279 1445 427 1510 dirimat:
453 1448 489 1508 ut
512 1444 625 1509 videre
649 1447 700 1508 est
723 1442 810 1526 apud
834 1443 866 1509 S.
888 1442 1010 1527 Alph.
1035 1444 1057 1510 l.
1081 1465 1119 1522 o.,
1144 1444 1200 1526 qui
1216 1443 1318 1526 negat
1341 1465 1385 1510 ex
1409 1466 1482 1512 con·

161 1535 324 1601 dicionate
347 1533 510 1617 baptismo
534 1532 801 1616 impedimentum
825 1533 1031 1614 cognationis
1054 1531 1234 1616 spiritualis
1258 1534 1352 1613 oriri,
1385 1534 1482 1617 siqui·

161 1625 234 1690 dem
258 1631 402 1689 constare
426 1623 536 1688 debeat
560 1622 599 1686 de
625 1642 757 1686 munere
781 1621 902 1705 patrini
926 1621 959 1686 in
983 1621 1092 1687 valido
1115 1623 1289 1706 baptismo.

116 1752 150 1807 89
249 1730 288 1796 R.
314 1733 344 1795 4.
392 1728 514 1793 Verum
537 1727 572 1792 in
596 1734 709 1794 nostro
733 1748 811 1793 casu
835 1727 869 1793 in
892 1733 1031 1810 utroque
1054 1727 1217 1812 baptismo
1241 1728 1328 1795 idem
1344 1729 1482 1795 Ioannes

161 1840 294 1885 munere
317 1817 439 1902 patrini
462 1817 593 1883 functus
617 1822 677 1883 est.
710 1816 869 1893 Quoniam
888 1821 999 1882 autem
1024 1818 1184 1884 alteruter
1207 1818 1393 1902 baptismus
1416 1819 1481 1885 sine

161 1908 257 1974 dubio
281 1929 378 1973 verus
403 1911 437 1973 et
460 1906 589 1971 validus
613 1910 679 1983 est,
705 1905 923 1972 certissimum
946 1912 998 1972 est
1020 1907 1176 1972 loannem
1199 1907 1347 1973 evasisse
1371 1929 1481 1974 verum

161 1998 324 2081 patrinum
342 2019 384 2062 ex
401 1996 563 2079 baptismo
585 1995 704 2074 valido,
730 2016 926 2077 quamquam
943 1995 1075 2061 dubium
1091 1996 1135 2062 sit
1153 2017 1195 2061 ex
1219 2001 1293 2063 utro
1309 1997 1480 2081 baptismo,

161 2108 202 2152 ex
226 2087 356 2171 privato
380 2107 423 2151 an
447 2106 489 2150 ex
512 2084 671 2150 sollemni.
703 2083 794 2160 Quod
818 2105 856 2150 eo
873 2084 979 2165 magis
1003 2106 1045 2149 ex
1068 2106 1107 2150 eo
1130 2090 1225 2169 patet
1248 2086 1336 2168 quod
1358 2087 1481 2171 baptis·

160 2198 248 2241 mum
271 2176 412 2241 altorum
437 2175 572 2241 alterius
596 2173 869 2256 complementum
892 2195 1021 2239 sumere
1045 2175 1229 2252 debeamus,
1257 2195 1364 2259 neque
1389 2176 1481 2242 aliter

159 2265 301 2331 secundo
325 2264 524 2347 baptismum
554 2262 784 2328 administrare
814 2262 959 2339 licuerit,
991 2263 1052 2327 nisi
1077 2269 1114 2330 ut
1144 2285 1187 2329 ex
1216 2264 1343 2331 duobus
1366 2266 1480 2333 ritihus

160 2378 245 2421 ursus
268 2353 393 2419 oriatur
416 2353 599 2436 baptismus
622 2359 735 2417 rmus.

249 2442 281 2508 Si
307 2463 385 2524 ergo
402 2478 443 2486 —
460 2440 493 2506 id
510 2440 605 2522 qnod,
630 2441 758 2522 quando
775 2440 924 2522 quaestio
946 2439 1051 2505 oritur
1067 2446 1144 2508 ante
1167 2441 1344 2507 ineundum
1368 2442 1478 2510 matri·

160 2532 318 2607 monium,
343 2531 460 2612 agendi
485 2551 599 2595 norma
620 2550 693 2594 esse
716 2528 834 2594 debeat
857 2565 897 2573 —
922 2529 1072 2611 privatus
1094 2531 1276 2613 baptismus
1300 2530 1428 2600 sufficit
1449 2536 1480 2597 ut

160 2620 312 2703 coguatio
336 2619 515 2703 spiritualis
538 2623 573 2685 et
595 2617 861 2701 impedimentum
886 2618 1085 2684 matrimonii
1117 2619 1272 2685 dirimens
1293 2619 1477 2696 inducatur,

159 2711 221 2776 hoc
243 2708 509 2793 impedimentum
533 2708 619 2773 inter
643 2707 797 2773 Ioannem
822 2712 856 2772 et
880 2706 974 2771 Pauli
997 2707 1128 2773 viduam
1152 2709 1300 2785 exsistit,
1325 2731 1366 2775 ac
1391 2711 1479 2795 proin

159 2801 245 2866 mele
268 2799 348 2864 fecit
372 2798 532 2881 parochus
550 2797 621 2861 sine
637 2796 880 2880 dispensatione
903 2796 1015 2862 habita
1035 2818 1091 2862 eos
1107 2798 1315 2863 matrimonio
1332 2799 1479 2878 iungens.

247 2888 368 2964 Quodsi
397 2886 546 2970 privatus
577 2886 757 2969 baptismus
787 2887 829 2950 ad
859 2885 1075 2950 inducendum
1105 2886 1376 2971 impedimentum
1405 2889 1479 2955 illud

158 2999 222 3042 non
245 2977 397 3053 sufficiat,
422 2980 460 3041 ut
476 2977 506 3042 S.
526 2975 692 3058 Alphonso
716 2975 821 3039 visum
846 2978 907 3049 est,
932 2975 1031 3040 etiam
1048 2975 1081 3038 in
1097 2981 1211 3042 nostro
1231 2997 1310 3042 casu
1327 2978 1478 3061 cognatio

158 3066 336 3150 spiritualis
360 3070 460 3147 atque
483 3065 749 3148 impedimentum
777 3064 810 3128 in
835 3084 874 3127 ea
897 3064 1069 3129 fundatum
1102 3070 1235 3131 maneat
1266 3066 1402 3132 dubium
1425 3088 1478 3133 seu

161 3156 305 3239 practice
330 3155 463 3219 nullum.

248 3252 395 3318 Practice
419 3251 520 3332 igitur
549 3250 582 3315 in
613 3270 652 3314 ea
682 3270 754 3313 sum
778 3249 943 3315 sententia
974 3255 1011 3315 ut
1041 3251 1159 3317 saltem
1188 3272 1246 3335 pro
1270 3255 1405 3319 cautela
1427 3273 1480 3338 pe·

158 3347 249 3408 tatur
272 3341 473 3424 dispensatio
503 3341 626 3421 fiatque
657 3358 834 3403 consensus
858 3338 1108 3406 matrimonialis
1141 3341 1313 3406 renovatio
1338 3341 1396 3424 (de
1419 3364 1478 3426 qua

159 3431 200 3496 cf.
217 3430 549 3510 inframuranea).
577 3427 710 3494 Interim
728 3433 838 3494 tamen
855 3428 1012 3511 optimum
1030 3430 1159 3511 quidem
1176 3429 1248 3508 erit,
1268 3430 1296 3494 si
1313 3452 1390 3498 sese
1406 3453 1478 3499 con·

160 3520 303 3596 tineant;
329 3539 453 3594 verum,
478 3539 551 3582 cum
575 3517 723 3598 quaestio
747 3516 799 3582 hic
823 3517 967 3598 agitetur
990 3524 1064 3601 post
1087 3518 1202 3585 initum
1227 3520 1478 3593 matrimonium,

159 3631 257 3676 ausus
289 3630 353 3673 non
376 3608 436 3672 sim
469 3607 700 3688 obligationem
725 3607 909 3689 imponere,
943 3609 1091 3689 eoquod
1124 3608 1258 3673 nullitas
1282 3611 1479 3677 matrimonii

160 3720 223 3763 non
247 3700 290 3765 sit
314 3699 396 3763 adeo
421 3697 511 3761 clara
534 3700 569 3761 et
593 3700 693 3761 certa.

115 3838 149 3894 90
249 3823 300 3885 Au
324 3841 515 3897 ouiusrrun
532 3823 571 3885 3¹²¹
595 3821 632 3886 lt.
666 3821 726 3885 illa
743 3842 839 3886 casus
863 3822 1001 3887 mutatio
1025 3843 1083 3904 per
1106 3821 1383 3905 suppositionem:
1407 3844 1478 3908 par·

159 3911 275 3975 ochum
298 3910 457 3977 infantem
481 3915 556 3994 post
579 3911 776 3993 baptismum
807 3911 838 3973 in
862 3932 948 3992 aqua
971 3932 1106 3975 rosacea
1130 3915 1299 3994 receptum
1324 3933 1392 3979 non
1407 3934 1479 3978 con·

159 3999 322 4064 dicionate
351 4001 408 4064 sed
439 4001 588 4066 absolute
611 3999 813 4082 baptizasse,
845 4000 990 4082 putando
1013 3999 1152 4082 priorem
1184 4001 1385 4082 baptismum
1410 4023 1478 4068 esso

160 4094 249 4154 certo
274 4089 407 4165 nullum,
432 4111 496 4153 non
520 4093 627 4155 mutat
650 4110 728 4154 rem.
765 4089 877 4154 Manet
901 4088 986 4153 enim
1010 4089 1191 4172 baptismus
1214 4089 1269 4155 ille
1293 4091 1478 4159 necessario

159 4177 420 4251 condicionatuS,
455 4178 518 4243 etsi
541 4178 701 4261 parochus
725 4178 946 4242 condicionem
977 4199 1038 4241 non
1073 4178 1233 4261 apposuit.
1281 4179 1370 4246 Nam
1396 4180 1479 4265 prior

159 4268 341 4351 baptismus
365 4288 399 4331 re
415 4265 487 4349 ipsa
503 4288 566 4330 non
583 4267 645 4330 fuit
669 4270 758 4332 certo
775 4267 883 4331 nullus
904 4267 963 4331 sed
980 4268 1094 4332 diablus
1111 4275 1244 4344 tontum,
1267 4268 1369 4336 immo
1388 4270 1478 4336 valde

160 4357 373 4440 probabiliter
396 4356 532 4420 validus.
581 4356 703 4419 Verum
728 4362 801 4438 post
826 4357 1022 4438 baptismum
1047 4357 1259 4440 probabiliter
1289 4359 1356 4425 iam
1382 4361 1476 4426 colla·

160 4452 228 4511 tum
253 4445 451 4529 impossibile
476 4451 527 4511 est
555 4444 651 4509 aliter
681 4465 720 4509 ac
751 4445 974 4510 condicionate
1006 4446 1171 4528 baptizare
1195 4450 1348 4516 secundo.
1398 4448 1476 4516 Hinc

159 4535 213 4599 ille
244 4535 425 4618 baptismus
455 4556 496 4599 ex
526 4555 562 4598 se
594 4534 663 4598 solo
694 4554 759 4598 non
789 4534 911 4599 sufficit
944 4540 980 4599 ut
1010 4534 1182 4600 inducatur
1212 4536 1474 4619 impedimentum

159 4624 314 4689 dirimens
338 4623 542 4706 cognationis
565 4623 756 4707 spiritualis.
1502 4632 1513 4759 Ι·
