3044 5174
162 469 381 550 exponerent,
405 470 441 532 et
463 486 506 531 ex
528 471 624 551 parte
647 466 806 533 lucrantis
830 466 926 532 valde
948 465 1104 530 indecens
1126 464 1171 530 sit
1193 465 1396 548 propositum
1417 487 1470 530 mu·
1509 508 1518 527 .

161 559 251 621 tare:
281 555 491 620 nihilominus
513 576 608 620 nemo
639 576 682 621 ex
710 555 838 622 iustitia
861 555 894 620 id
916 555 1098 638 postulavit
1127 574 1233 636 neque
1256 554 1415 637 promisit
1438 593 1471 602 —
1509 606 1518 639 ,

162 644 269 720 Quare
292 644 324 710 in
348 644 411 710 hac
434 643 657 728 suppositione
678 643 781 710 videri
806 645 904 711 debet
926 648 1036 710 utrum
1052 643 1135 708 alios
1157 643 1310 709 ludentes
1334 643 1374 708 de
1396 642 1495 708 modo'

163 293 228 357 442
662 288 868 346 Sacramentum
885 289 995 346 ordinis.

162 733 282 815 egendi
304 732 465 799 Amalarii
494 733 707 817 probabiliter
737 738 909 804 contentos
939 753 1010 798 esse
1033 732 1199 817 praesumi
1228 732 1351 817 possit,
1381 753 1420 798 an
1440 732 1471 806 bi,
1509 808 1518 822 .

162 821 191 888 si
222 821 363 898 scirent,
400 821 494 904 quasi
526 822 566 887 de
598 821 715 888 fraude
747 827 782 889 et
814 822 888 888 dolo
923 826 1039 888 centra
1070 842 1108 888 se
1142 820 1316 888 commisso
1351 842 1471 904 conque·
1499 830 1502 855 ⁵

162 910 246 978 sturi
269 915 390 977 essent.

240 1112 369 1179 ARTIS
392 1111 589 1179 Maureta
612 1112 887 1179 EXERCITIUM
909 1111 1100 1179 OLERIOIS
1124 1111 1412 1180 PROHIBI'PUM.
1498 1044 1518 1217 Ι

721 1282 832 1349 Casus.
851 1289 927 1359 (225)
1499 1246 1504 1377 l

251 1431 381 1491 Ervinus
402 1433 550 1508 parochus
570 1431 679 1490 ruralis
701 1436 795 1490 artem
817 1431 975 1503 medicam,
1003 1431 1051 1490 cui
1072 1435 1161 1490 antea
1182 1431 1356 1502 studuerat,
1379 1431 1410 1490 in
1427 1430 1477 1489 lata

162 1511 273 1572 vicinia
294 1518 430 1571 exercet:
458 1531 515 1588 quo
535 1512 570 1571 fit
590 1517 623 1571 ut
643 1511 791 1571 ruricolae
817 1510 848 1571 in
876 1511 981 1588 quavis
1010 1511 1197 1586 aegritudine
1217 1510 1363 1571 Errinum
1385 1511 1477 1570 adeant
1503 1548 1518 1579 „

161 1611 257 1668 neque
277 1592 408 1652 medicos
429 1592 586 1668 quidquam
608 1592 774 1652 consulant.
802 1592 843 1650 Hi
863 1591 955 1666 igitur
976 1596 1197 1651 commoventur
1218 1596 1324 1653 contra
1337 1591 1476 1660 Eruinun,
1503 1582 1518 1663 l,

163 1672 210 1731 cui
231 1672 388 1750 episcopus
408 1672 529 1730 nuntiat
549 1691 581 1731 se
602 1672 691 1748 plane
712 1691 820 1748 cupere
847 1691 886 1731 ne
913 1672 1071 1748 quidquam
1099 1670 1226 1748 amplius
1255 1670 1288 1731 in
1316 1690 1350 1730 re
1378 1671 1477 1730 medica
1516 1674 1518 1678 '

162 1752 262 1813 iaciat.
305 1752 362 1812 Sed
389 1751 581 1811 nihilominus
607 1751 672 1829 ipse
699 1752 782 1812 solus
802 1757 927 1811 vocatur
954 1751 990 1810 ad
1018 1756 1173 1827 aegrotos,
1202 1750 1309 1827 quibus
1338 1771 1405 1811 cum
1433 1769 1477 1827 ope

162 1832 309 1910 spirituali
330 1832 417 1892 simul
438 1833 621 1909 corporalem
641 1833 735 1902 ferat;
764 1837 943 1908 quapropter
963 1831 1110 1902 Eruimus,
1132 1832 1249 1908 quando
1270 1832 1386 1908 reperit
1405 1849 1477 1907 egen·
1515 1863 1518 1876 ·

160 1913 253 1972 tiores
274 1912 305 1971 in
331 1911 463 1990 periculo
484 1911 616 1987 positos,
642 1911 681 1971 iis
702 1911 897 1970 medicamina
916 1912 1121 1989 praescribere
1142 1911 1257 1988 pergit,
1287 1919 1378 1988 atque
1398 1931 1477 1988 nuper

161 1993 251 2052 etiam
272 2012 337 2051 cum
358 1992 503 2052 incisione
525 2012 543 2051 a
563 1991 729 2069 periculose
751 1992 851 2051 ulcere
870 1992 1018 2052 hominem
1041 1994 1072 2050 in
1093 2011 1207 2052 summe
1228 1991 1401 2052 discrimine
1421 2010 1474 2050 ceu·

161 2075 299 2132 stitutum
318 2073 465 2132 liberavit.

163 2187 341 2258 Quanarrnn
362 2189 391 2246 1⁰
412 2185 480 2263 quid
501 2187 568 2262 lege
589 2186 734 2246 canonica
755 2186 872 2246 clericis
892 2187 925 2246 in
946 2187 1114 2247 exercenda
1135 2192 1200 2247 arte
1221 2186 1338 2246 medica
1366 2187 1407 2246 sit
1425 2206 1475 2263 pro·

414 2267 548 2328 bibitum.

363 2367 394 2422 2⁰
416 2369 543 2503 lqectene
576 2364 734 2442 episcopus
760 2365 872 2424 Ervino
905 2384 991 2424 omne
1019 2364 1192 2425 exercitium
1220 2365 1369 2425 medicum
1396 2363 1478 2442 probi·

436 2445 522 2504 uerit.

363 2552 394 2610 3ο
415 2550 558 2627 quomodo
579 2551 709 2611 Ervinua
730 2551 909 2629 peccaverit.

759 2735 893 2803 Solutio.

101 2890 153 2945 772
251 2876 304 2941 Au
335 2896 526 2953 Qunasrrun
559 2880 596 2941 lm
626 2876 665 2943 R.
700 2880 728 2942 1.
777 2879 867 2943 Oocc.
892 2878 1002 2943 Later.
1034 2877 1086 2941 IV
1109 2875 1276 2960 prohibuit
1306 2877 1480 2960 chirurgiae

163 2966 371 3032 exercitium:
396 2965 436 3031 de
460 2986 523 3048 quo
541 2966 653 3031 valent
676 2986 760 3047 quae
783 2987 884 3049 supra
906 2965 1008 3030 babes
1031 2987 1063 3032 n.
1084 2968 1148 3030 742
1173 2965 1213 3030 de
1235 2965 1480 3049 irregularitati·

162 3058 232 3132 hus,
257 3056 376 3120 saltem
400 3056 427 3120 si
452 3056 581 3137 quando
605 3075 648 3119 ex
663 3054 724 3119 tali
740 3054 869 3120 actione
886 3063 999 3120 temere
1016 3054 1165 3121 exercita
1187 3059 1349 3137 sequatur
1365 3055 1481 3139 aegroti
1504 3074 1508 3115 r

162 3166 250 3210 mors
272 3146 325 3209 vel
350 3144 523 3210 mutilatio.
571 3143 750 3210 Prohibitio
774 3148 826 3209 est
847 3144 930 3208 haec
954 3165 980 3209 c.
1006 3147 1025 3208 9
1050 3144 1080 3208 Χ
1104 3146 1140 3222 3,
1173 3147 1233 3210 5οε
1270 3145 1362 3222 ,,Νο0
1392 3148 1482 3211 ullam

162 3234 346 3315 chirurgiae
370 3237 475 3299 artem
498 3232 733 3310 subdiaconus,
765 3233 920 3299 diaconus
943 3233 996 3297 vel
1022 3234 1176 3299 sacerdos
1200 3239 1376 3313 exerceat,
1410 3254 1483 3318 quae

162 3323 367 3388 adustionem
390 3322 443 3387 vel
468 3322 657 3387 incisionem
681 3321 834 3389 inducit.“

251 3428 290 3493 R.
316 3431 346 3493 2.
371 3427 446 3494 ibid.
468 3450 494 3495 e.
513 3431 532 3492 3
556 3432 591 3494 et
609 3431 649 3493 10
673 3428 864 3512 prohibetur
887 3427 1059 3510 religiosis,
1084 3449 1123 3495 ac
1147 3427 1220 3493 dein
1243 3427 1277 3493 id
1301 3431 1485 3498 extenditur

163 3518 203 3582 ad
234 3517 514 3594 ,archidiacou0s,
546 3516 703 3596 decanos,
728 3517 901 3600 plebanos,
926 3517 1148 3602 praepositoS,
1173 3521 1328 3583 cantores
1353 3525 1390 3586 et
1412 3521 1485 3586 alios

163 3606 299 3671 clericos
323 3610 519 3689 personatus
541 3606 701 3672 habentes
724 3627 848 3671 necnon
872 3608 1117 3690 presbyteros“,
1151 3628 1192 3672 ne
1216 3606 1341 3674 adeant
1364 3609 1485 3675 scholas
1509 3632 1514 3697 ς

168 3693 226 3772 ,ad
250 3695 445 3760 audiendum
469 3695 561 3777 leges
583 3698 629 3761 ccl
650 3695 855 3781 physiccm“.·
878 3717 944 3779 qua
967 3699 1159 3762 medicinam
1181 3696 1330 3780 intellegi
1356 3703 1427 3766 tum
1450 3719 1484 3764 ex
1511 3700 1514 3707 '

162 3784 325 3849 locutione
348 3787 426 3849 tunc
450 3784 607 3868 temporis
631 3789 804 3861 consueta,
835 3792 905 3851 tum
939 3808 981 3851 ex
1012 3790 1168 3851 contextu
1199 3790 1234 3851 et
1256 3787 1322 3851 line
1347 3787 1483 3856 indicato
1509 3822 1516 3901 1

162 3873 296 3938 evidens
320 3877 380 3940 est.
427 3872 524 3939 Cuius
547 3873 630 3956 legis
653 3873 881 3940 limitationem
905 3897 936 3940 v.
962 3896 987 3940 0.
1016 3878 1031 3938 1
1057 3875 1087 3939 X
1111 3877 1140 3951 3,
1167 3876 1209 3939 24
1233 3874 1265 3939 in
1291 3878 1333 3942 6⁰.
1511 3906 1516 3931 ε

250 3980 289 4046 R.
314 3983 344 4046 3.
391 3979 594 4062 Quamquam
617 3980 719 4062 igitur
741 3980 774 4046 iu
797 3982 934 4065 publicis
964 3980 1084 4046 scholis
1108 3984 1213 4047 artem
1237 3982 1401 4050 medicam
1424 3985 1485 4050 sive

161 4068 308 4152 profiteri
330 4068 401 4134 sive
425 4068 550 4135 discere
575 4069 702 4135 clericis
725 4091 891 4136 sacrorum
916 4070 1064 4135 ordinum
1088 4075 1147 4136 aut
1162 4071 1368 4140 beneficiatis
1391 4075 1484 4142 inter·

162 4157 296 4235 dicitur,
328 4158 474 4223 exerceri
505 4163 612 4223 artem
642 4158 706 4224 iam
739 4159 904 4241 cognitam
934 4159 1023 4224 nulla
1055 4159 1235 4226 universali
1264 4161 1341 4245 lege
1366 4162 1482 4230 clericis

161 4248 362 4331 prohibetur,
388 4247 449 4313 nisi
473 4252 594 4330 egetur
617 4248 657 4313 de
681 4247 846 4331 chirurgia
869 4255 906 4315 ut
929 4269 1039 4332 supra.

101 4391 152 4444 773
251 4372 304 4435 An
328 4392 520 4447 qunnsrrun
545 4374 584 4435 2¹²¹
607 4372 645 4437 R.
672 4377 699 4438 1.
747 4372 917 4456 Episcopis
948 4372 1017 4437 sine
1049 4373 1145 4439 dubio
1175 4374 1226 4439 ius
1256 4378 1433 4459 competit,
1461 4374 1482 4438 si

162 4482 221 4543 pro
244 4460 324 4526 locis
347 4461 415 4525 suis
437 4461 655 4526 iudicaverint
677 4463 847 4545 expedire,
878 4463 967 4527 ultra
996 4460 1216 4528 universalem
1238 4465 1482 4546 prohibitionem

162 4572 253 4613 suom
277 4549 526 4633 prohibitionem
551 4552 746 4628 extendere;
771 4551 818 4617 ita
841 4554 878 4618 ut
904 4550 936 4631 1)
952 4551 1151 4632 quibuslibet
1172 4553 1299 4619 clericis
1315 4554 1349 4620 id
1367 4556 1482 4625 vetent

162 4639 246 4718 quod
271 4638 354 4703 alias
377 4638 455 4703 solis
479 4640 605 4705 clericis
629 4640 830 4706 beneficiatis
860 4640 974 4706 autin
998 4639 1101 4705 sacris
1134 4642 1322 4708 constitutis
1347 4643 1482 4729 prohibi·
