<?xml version="1.0" encoding="UTF-8"?>
<!DOCTYPE html PUBLIC "-//W3C//DTD XHTML 1.0 Transitional//EN"
    "http://www.w3.org/TR/xhtml1/DTD/xhtml1-transitional.dtd">
<html xmlns="http://www.w3.org/1999/xhtml" xml:lang="en" lang="en">
 <head>
  <title>
</title>
<meta http-equiv="Content-Type" content="text/html;charset=utf-8" />
  <meta name='ocr-system' content='tesseract 3.04.00' />
  <meta name='ocr-capabilities' content='ocr_page ocr_carea ocr_par ocr_line ocrx_word'/>
</head>
<body>
  <div class='ocr_page' id='page_1' title='image "./casusconscienti00lehmgoog_0493.png"; bbox 0 0 3044 5174; ppageno 0'>
   <div class='ocr_carea' id='block_1_1' title="bbox 411 325 1398 398">
    <p class='ocr_par' dir='ltr' id='par_1_1' title="bbox 411 325 1398 398">
     <span class='ocr_line' id='line_1_1' title="bbox 411 325 1398 398; baseline 0.005 -18"><span class='ocrx_word' id='word_1_1' title='bbox 411 325 614 382; x_wconf 80' lang='lat' dir='ltr'><strong>Matrimonium</strong></span> <span class='ocrx_word' id='word_1_2' title='bbox 631 326 836 397; x_wconf 74' lang='lat' dir='ltr'>praecedentia:</span> <span class='ocrx_word' id='word_1_3' title='bbox 856 356 892 365; x_wconf 91' lang='lat'>-</span> <span class='ocrx_word' id='word_1_4' title='bbox 909 326 1059 398; x_wconf 85' lang='lat' dir='ltr'><strong>Sponsalia.</strong></span> <span class='ocrx_word' id='word_1_5' title='bbox 1334 330 1398 394; x_wconf 81' lang='grc'><strong>479</strong></span> 
     </span>
    </p>
   </div>
   <div class='ocr_carea' id='block_1_2' title="bbox 66 503 1401 1037">
    <p class='ocr_par' dir='ltr' id='par_1_2' title="bbox 66 503 1401 1037">
     <span class='ocr_line' id='line_1_2' title="bbox 66 503 1399 590; baseline -0.003 -18"><span class='ocrx_word' id='word_1_6' title='bbox 66 509 106 572; x_wconf 92' lang='lat' dir='ltr'><strong>ut</strong></span> <span class='ocrx_word' id='word_1_7' title='bbox 129 504 305 590; x_wconf 84' lang='lat' dir='ltr'>promissio</span> <span class='ocrx_word' id='word_1_8' title='bbox 327 504 528 573; x_wconf 79' lang='lat' dir='ltr'><strong>matrimonii</strong></span> <span class='ocrx_word' id='word_1_9' title='bbox 557 505 631 570; x_wconf 91' lang='lat' dir='ltr'><strong>huic</strong></span> <span class='ocrx_word' id='word_1_10' title='bbox 659 506 750 570; x_wconf 85' lang='lat' dir='ltr'><strong>lacta</strong></span> <span class='ocrx_word' id='word_1_11' title='bbox 780 526 843 569; x_wconf 91' lang='lat' dir='ltr'><strong>non</strong></span> <span class='ocrx_word' id='word_1_12' title='bbox 875 504 1053 586; x_wconf 80' lang='lat' dir='ltr'><strong>obligaret,</strong></span> <span class='ocrx_word' id='word_1_13' title='bbox 1084 503 1164 569; x_wconf 90' lang='lat' dir='ltr'><strong>nihil</strong></span> <span class='ocrx_word' id='word_1_14' title='bbox 1187 505 1299 570; x_wconf 84' lang='lat' dir='ltr'><strong>obstat</strong></span> <span class='ocrx_word' id='word_1_15' title='bbox 1322 504 1399 586; x_wconf 85' lang='lat' dir='ltr'><strong>quin</strong></span> 
     </span>
     <span class='ocr_line' id='line_1_3' title="bbox 67 593 1400 678; baseline -0.002 -18"><span class='ocrx_word' id='word_1_16' title='bbox 67 616 156 662; x_wconf 86' lang='lat' dir='ltr'><strong>nuno</strong></span> <span class='ocrx_word' id='word_1_17' title='bbox 186 597 263 674; x_wconf 89' lang='lat' dir='ltr'><strong>fiat,</strong></span> <span class='ocrx_word' id='word_1_18' title='bbox 294 595 391 678; x_wconf 82' lang='lat' dir='ltr'><strong>idque</strong></span> <span class='ocrx_word' id='word_1_19' title='bbox 421 595 546 671; x_wconf 89' lang='lat' dir='ltr'><strong>valide,</strong></span> <span class='ocrx_word' id='word_1_20' title='bbox 577 593 777 660; x_wconf 84' lang='lat' dir='ltr'><strong>matrimonii</strong></span> <span class='ocrx_word' id='word_1_21' title='bbox 805 593 978 677; x_wconf 84' lang='lat' dir='ltr'><strong>promissio</strong></span> <span class='ocrx_word' id='word_1_22' title='bbox 1009 615 1088 676; x_wconf 90' lang='lat' dir='ltr'><strong>erga</strong></span> <span class='ocrx_word' id='word_1_23' title='bbox 1110 593 1249 658; x_wconf 77' lang='lat' dir='ltr'><strong>Claram.</strong></span> <span class='ocrx_word' id='word_1_24' title='bbox 1297 594 1400 658; x_wconf 86' lang='lat' dir='ltr'><strong>immo</strong></span> 
     </span>
     <span class='ocr_line' id='line_1_4' title="bbox 68 682 1400 767; baseline -0.002 -17"><span class='ocrx_word' id='word_1_25' title='bbox 68 684 202 752; x_wconf 89' lang='lat' dir='ltr'><strong>etiamsi</strong></span> <span class='ocrx_word' id='word_1_26' title='bbox 230 685 302 751; x_wconf 90' lang='lat' dir='ltr'><strong>sola</strong></span> <span class='ocrx_word' id='word_1_27' title='bbox 333 683 475 750; x_wconf 86' lang='lat' dir='ltr'><strong>adfuerit</strong></span> <span class='ocrx_word' id='word_1_28' title='bbox 498 683 631 761; x_wconf 86' lang='lat' dir='ltr'><strong>Quirino</strong></span> <span class='ocrx_word' id='word_1_29' title='bbox 660 683 805 749; x_wconf 81' lang='lat' dir='ltr'><strong>facultas</strong></span> <span class='ocrx_word' id='word_1_30' title='bbox 835 683 1033 748; x_wconf 90' lang='lat' dir='ltr'><strong>dissolvendi</strong></span> <span class='ocrx_word' id='word_1_31' title='bbox 1063 682 1309 767; x_wconf 84' lang='lat' dir='ltr'><strong>promissionem</strong></span> <span class='ocrx_word' id='word_1_32' title='bbox 1333 683 1400 747; x_wconf 89' lang='lat' dir='ltr'><strong>Ro-</strong></span> 
     </span>
     <span class='ocr_line' id='line_1_5' title="bbox 68 771 1400 858; baseline -0.003 -17"><span class='ocrx_word' id='word_1_33' title='bbox 68 773 174 841; x_wconf 85' lang='lat' dir='ltr'><strong>saliae</strong></span> <span class='ocrx_word' id='word_1_34' title='bbox 198 774 321 851; x_wconf 89' lang='lat' dir='ltr'><strong>datam,</strong></span> <span class='ocrx_word' id='word_1_35' title='bbox 345 774 418 858; x_wconf 86' lang='lat' dir='ltr'><strong>ipsa</strong></span> <span class='ocrx_word' id='word_1_36' title='bbox 440 773 541 838; x_wconf 90' lang='lat' dir='ltr'><strong>etiam</strong></span> <span class='ocrx_word' id='word_1_37' title='bbox 565 773 686 848; x_wconf 91' lang='lat' dir='ltr'><strong>invita,</strong></span> <span class='ocrx_word' id='word_1_38' title='bbox 714 772 864 837; x_wconf 89' lang='lat' dir='ltr'><strong>similiter</strong></span> <span class='ocrx_word' id='word_1_39' title='bbox 887 776 996 855; x_wconf 89' lang='lat' dir='ltr'><strong>potest</strong></span> <span class='ocrx_word' id='word_1_40' title='bbox 1020 773 1135 838; x_wconf 80' lang='lat' dir='ltr'><strong>Clarae</strong></span> <span class='ocrx_word' id='word_1_41' title='bbox 1158 771 1400 837; x_wconf 87' lang='lat' dir='ltr'><strong>matrimonium</strong></span> 
     </span>
     <span class='ocr_line' id='line_1_6' title="bbox 69 861 1401 947; baseline -0.002 -18"><span class='ocrx_word' id='word_1_42' title='bbox 69 862 180 929; x_wconf 85' lang='lat' dir='ltr'><strong>valide</strong></span> <span class='ocrx_word' id='word_1_43' title='bbox 203 863 414 947; x_wconf 90' lang='lat' dir='ltr'><strong>promittere;</strong></span> <span class='ocrx_word' id='word_1_44' title='bbox 438 862 520 927; x_wconf 90' lang='lat' dir='ltr'><strong>haec</strong></span> <span class='ocrx_word' id='word_1_45' title='bbox 543 863 627 926; x_wconf 91' lang='lat' dir='ltr'><strong>enim</strong></span> <span class='ocrx_word' id='word_1_46' title='bbox 652 882 739 926; x_wconf 91' lang='lat' dir='ltr'><strong>nova</strong></span> <span class='ocrx_word' id='word_1_47' title='bbox 762 861 932 944; x_wconf 89' lang='lat' dir='ltr'><strong>promissio</strong></span> <span class='ocrx_word' id='word_1_48' title='bbox 957 861 1113 944; x_wconf 89' lang='lat' dir='ltr'><strong>implicite</strong></span> <span class='ocrx_word' id='word_1_49' title='bbox 1129 867 1164 928; x_wconf 87' lang='lat' dir='ltr'><strong>et</strong></span> <span class='ocrx_word' id='word_1_50' title='bbox 1180 861 1325 927; x_wconf 85' lang='lat' dir='ltr'><strong>exercite</strong></span> <span class='ocrx_word' id='word_1_51' title='bbox 1348 867 1401 927; x_wconf 89' lang='lat' dir='ltr'><strong>est</strong></span> 
     </span>
     <span class='ocr_line' id='line_1_7' title="bbox 68 951 394 1037; baseline -0.003 -20"><span class='ocrx_word' id='word_1_52' title='bbox 68 951 191 1037; x_wconf 86' lang='lat' dir='ltr'><strong>prioris</strong></span> <span class='ocrx_word' id='word_1_53' title='bbox 214 951 394 1018; x_wconf 89' lang='lat' dir='ltr'><strong>dissolutio.</strong></span> 
     </span>
    </p>
   </div>
   <div class='ocr_carea' id='block_1_3' title="bbox 267 1159 1210 1242">
    <p class='ocr_par' dir='ltr' id='par_1_3' title="bbox 267 1159 1210 1242">
     <span class='ocr_line' id='line_1_8' title="bbox 267 1159 1210 1242; baseline 0.001 -15"><span class='ocrx_word' id='word_1_54' title='bbox 267 1160 547 1227; x_wconf 79' lang='lat' dir='ltr'>SPONSALIUM</span> <span class='ocrx_word' id='word_1_55' title='bbox 571 1159 721 1226; x_wconf 83' lang='lat' dir='ltr'><strong>VALOR</strong></span> <span class='ocrx_word' id='word_1_56' title='bbox 743 1160 934 1238; x_wconf 82' lang='lat' dir='ltr'>EIUSQUE</span> <span class='ocrx_word' id='word_1_57' title='bbox 958 1159 1117 1226; x_wconf 85' lang='lat' dir='ltr'><strong>VlTlUM</strong></span> <span class='ocrx_word' id='word_1_58' title='bbox 1141 1159 1210 1242; x_wconf 88' lang='grc' dir='ltr'>(ΙΙ).</span> 
     </span>
    </p>
   </div>
   <div class='ocr_carea' id='block_1_4' title="bbox 636 1327 841 1404">
    <p class='ocr_par' dir='ltr' id='par_1_4' title="bbox 636 1327 841 1404">
     <span class='ocr_line' id='line_1_9' title="bbox 636 1327 841 1404; baseline -0.01 -12"><span class='ocrx_word' id='word_1_59' title='bbox 636 1327 746 1394; x_wconf 79' lang='lat' dir='ltr'><strong>casus.</strong></span> <span class='ocrx_word' id='word_1_60' title='bbox 766 1335 841 1404; x_wconf 75' lang='lat'>(243)</span> 
     </span>
    </p>
   </div>
   <div class='ocr_carea' id='block_1_5' title="bbox 70 1478 1403 2118">
    <p class='ocr_par' dir='ltr' id='par_1_5' title="bbox 70 1478 1403 2118">
     <span class='ocr_line' id='line_1_10' title="bbox 159 1478 1402 1554; baseline 0 -16"><span class='ocrx_word' id='word_1_61' title='bbox 159 1478 334 1549; x_wconf 84' lang='lat' dir='ltr'><strong>Hilarinua,</strong></span> <span class='ocrx_word' id='word_1_62' title='bbox 357 1482 476 1554; x_wconf 91' lang='lat' dir='ltr'><strong>propter</strong></span> <span class='ocrx_word' id='word_1_63' title='bbox 497 1478 630 1553; x_wconf 82' lang='lat' dir='ltr'><strong>insignes</strong></span> <span class='ocrx_word' id='word_1_64' title='bbox 651 1478 772 1536; x_wconf 81' lang='lat' dir='ltr'><strong>fraudes</strong></span> <span class='ocrx_word' id='word_1_65' title='bbox 794 1479 946 1537; x_wconf 88' lang='lat' dir='ltr'><strong>coniectus</strong></span> <span class='ocrx_word' id='word_1_66' title='bbox 967 1479 998 1537; x_wconf 93' lang='lat' dir='ltr'><strong>in</strong></span> <span class='ocrx_word' id='word_1_67' title='bbox 1020 1496 1179 1548; x_wconf 88' lang='lat' dir='ltr'><strong>carcarem,</strong></span> <span class='ocrx_word' id='word_1_68' title='bbox 1202 1480 1318 1539; x_wconf 88' lang='lat' dir='ltr'><strong>custodi</strong></span> <span class='ocrx_word' id='word_1_69' title='bbox 1339 1499 1402 1538; x_wconf 88' lang='lat' dir='ltr'><strong>oar·</strong></span> 
     </span>
     <span class='ocr_line' id='line_1_11' title="bbox 73 1558 1403 1635; baseline -0.001 -16"><span class='ocrx_word' id='word_1_70' title='bbox 73 1561 161 1629; x_wconf 84' lang='lat' dir='ltr'><strong>ceris,</strong></span> <span class='ocrx_word' id='word_1_71' title='bbox 184 1559 234 1635; x_wconf 84' lang='lat' dir='ltr'><strong>qui</strong></span> <span class='ocrx_word' id='word_1_72' title='bbox 255 1559 391 1617; x_wconf 87' lang='lat' dir='ltr'><strong>curiosus</strong></span> <span class='ocrx_word' id='word_1_73' title='bbox 413 1558 448 1617; x_wconf 92' lang='lat' dir='ltr'><strong>de</strong></span> <span class='ocrx_word' id='word_1_74' title='bbox 464 1559 528 1617; x_wconf 89' lang='lat' dir='ltr'><strong>aius</strong></span> <span class='ocrx_word' id='word_1_75' title='bbox 543 1558 606 1616; x_wconf 87' lang='lat' dir='ltr'><strong>vita</strong></span> <span class='ocrx_word' id='word_1_76' title='bbox 622 1559 723 1618; x_wconf 81' lang='lat' dir='ltr'><strong>studet</strong></span> <span class='ocrx_word' id='word_1_77' title='bbox 737 1559 889 1633; x_wconf 88' lang='lat' dir='ltr'><strong>indagare,</strong></span> <span class='ocrx_word' id='word_1_78' title='bbox 911 1560 997 1618; x_wconf 86' lang='lat' dir='ltr'><strong>fictas</strong></span> <span class='ocrx_word' id='word_1_79' title='bbox 1012 1559 1144 1618; x_wconf 86' lang='lat' dir='ltr'><strong>ostendit</strong></span> <span class='ocrx_word' id='word_1_80' title='bbox 1164 1561 1281 1619; x_wconf 84' lang='lat' dir='ltr'><strong>litteras</strong></span> <span class='ocrx_word' id='word_1_81' title='bbox 1296 1561 1403 1635; x_wconf 90' lang='lat' dir='ltr'><strong>quibus</strong></span> 
     </span>
     <span class='ocr_line' id='line_1_12' title="bbox 73 1638 1401 1717; baseline -0.001 -18"><span class='ocrx_word' id='word_1_82' title='bbox 73 1660 105 1699; x_wconf 85' lang='lat' dir='ltr'><strong>aa</strong></span> <span class='ocrx_word' id='word_1_83' title='bbox 127 1642 238 1716; x_wconf 87' lang='lat' dir='ltr'><strong>probat</strong></span> <span class='ocrx_word' id='word_1_84' title='bbox 257 1658 274 1698; x_wconf 85' lang='lat' dir='ltr'><strong>a</strong></span> <span class='ocrx_word' id='word_1_85' title='bbox 294 1638 408 1697; x_wconf 84' lang='lat' dir='ltr'><strong>familia</strong></span> <span class='ocrx_word' id='word_1_86' title='bbox 428 1639 594 1715; x_wconf 88' lang='lat' dir='ltr'><strong>praenobili</strong></span> <span class='ocrx_word' id='word_1_87' title='bbox 615 1644 727 1708; x_wconf 86' lang='lat' dir='ltr'><strong>ortum,</strong></span> <span class='ocrx_word' id='word_1_88' title='bbox 759 1659 791 1698; x_wconf 89' lang='lat' dir='ltr'><strong>se</strong></span> <span class='ocrx_word' id='word_1_89' title='bbox 813 1639 925 1698; x_wconf 85' lang='lat' dir='ltr'><strong>infelici</strong></span> <span class='ocrx_word' id='word_1_90' title='bbox 948 1658 1020 1697; x_wconf 86' lang='lat' dir='ltr'><strong>casu</strong></span> <span class='ocrx_word' id='word_1_91' title='bbox 1042 1639 1166 1699; x_wconf 86' lang='lat' dir='ltr'><strong>fortuito</strong></span> <span class='ocrx_word' id='word_1_92' title='bbox 1188 1642 1225 1699; x_wconf 89' lang='lat' dir='ltr'><strong>ad</strong></span> <span class='ocrx_word' id='word_1_93' title='bbox 1246 1641 1401 1717; x_wconf 88' lang='lat' dir='ltr'><strong>penuriam</strong></span> 
     </span>
     <span class='ocr_line' id='line_1_13' title="bbox 73 1719 1402 1796; baseline -0.001 -16"><span class='ocrx_word' id='word_1_94' title='bbox 73 1721 262 1780; x_wconf 85' lang='lat' dir='ltr'><strong>subitaneam</strong></span> <span class='ocrx_word' id='word_1_95' title='bbox 276 1719 428 1778; x_wconf 90' lang='lat' dir='ltr'><strong>redactum</strong></span> <span class='ocrx_word' id='word_1_96' title='bbox 444 1738 522 1777; x_wconf 90' lang='lat' dir='ltr'><strong>nunc</strong></span> <span class='ocrx_word' id='word_1_97' title='bbox 536 1738 648 1796; x_wconf 89' lang='lat' dir='ltr'><strong>poenas</strong></span> <span class='ocrx_word' id='word_1_98' title='bbox 663 1719 744 1778; x_wconf 89' lang='lat' dir='ltr'><strong>luere</strong></span> <span class='ocrx_word' id='word_1_99' title='bbox 759 1740 831 1779; x_wconf 87' lang='lat' dir='ltr'><strong>suae</strong></span> <span class='ocrx_word' id='word_1_100' title='bbox 845 1719 1077 1796; x_wconf 89' lang='lat' dir='ltr'><strong>imprudentiae;</strong></span> <span class='ocrx_word' id='word_1_101' title='bbox 1101 1721 1152 1778; x_wconf 86' lang='lat' dir='ltr'><strong>sed</strong></span> <span class='ocrx_word' id='word_1_102' title='bbox 1168 1721 1280 1780; x_wconf 86' lang='lat' dir='ltr'><strong>auxilio</strong></span> <span class='ocrx_word' id='word_1_103' title='bbox 1296 1740 1402 1796; x_wconf 90' lang='lat' dir='ltr'><strong>cogna-</strong></span> 
     </span>
     <span class='ocr_line' id='line_1_14' title="bbox 73 1799 1402 1874; baseline -0.002 -14"><span class='ocrx_word' id='word_1_104' title='bbox 73 1805 169 1860; x_wconf 90' lang='lat' dir='ltr'><strong>torum</strong></span> <span class='ocrx_word' id='word_1_105' title='bbox 192 1819 225 1858; x_wconf 87' lang='lat' dir='ltr'><strong>se</strong></span> <span class='ocrx_word' id='word_1_106' title='bbox 245 1799 330 1858; x_wconf 88' lang='lat' dir='ltr'><strong>bravi</strong></span> <span class='ocrx_word' id='word_1_107' title='bbox 346 1799 381 1856; x_wconf 87' lang='lat' dir='ltr'><strong>ad</strong></span> <span class='ocrx_word' id='word_1_108' title='bbox 404 1819 541 1874; x_wconf 85' lang='lat' dir='ltr'><strong>magnam</strong></span> <span class='ocrx_word' id='word_1_109' title='bbox 563 1801 711 1858; x_wconf 86' lang='lat' dir='ltr'><strong>fortunam</strong></span> <span class='ocrx_word' id='word_1_110' title='bbox 726 1800 888 1859; x_wconf 88' lang='lat' dir='ltr'><strong>rediturum</strong></span> <span class='ocrx_word' id='word_1_111' title='bbox 904 1820 986 1868; x_wconf 86' lang='lat' dir='ltr'><strong>asse;</strong></span> <span class='ocrx_word' id='word_1_112' title='bbox 1009 1801 1123 1858; x_wconf 84' lang='lat' dir='ltr'><strong>demum</strong></span> <span class='ocrx_word' id='word_1_113' title='bbox 1139 1820 1172 1859; x_wconf 88' lang='lat' dir='ltr'><strong>se</strong></span> <span class='ocrx_word' id='word_1_114' title='bbox 1194 1804 1280 1860; x_wconf 86' lang='lat' dir='ltr'><strong>offert</strong></span> <span class='ocrx_word' id='word_1_115' title='bbox 1294 1801 1331 1860; x_wconf 92' lang='lat' dir='ltr'><strong>ad</strong></span> <span class='ocrx_word' id='word_1_116' title='bbox 1353 1801 1402 1859; x_wconf 88' lang='lat' dir='ltr'><strong>du·</strong></span> 
     </span>
     <span class='ocr_line' id='line_1_15' title="bbox 72 1879 1403 1957; baseline -0.002 -17"><span class='ocrx_word' id='word_1_117' title='bbox 72 1881 198 1940; x_wconf 89' lang='lat' dir='ltr'><strong>cendam</strong></span> <span class='ocrx_word' id='word_1_118' title='bbox 220 1880 310 1938; x_wconf 88' lang='lat' dir='ltr'><strong>filiam</strong></span> <span class='ocrx_word' id='word_1_119' title='bbox 333 1879 474 1948; x_wconf 91' lang='lat' dir='ltr'><strong>custodis,</strong></span> <span class='ocrx_word' id='word_1_120' title='bbox 496 1879 522 1938; x_wconf 88' lang='lat' dir='ltr'><strong>si</strong></span> <span class='ocrx_word' id='word_1_121' title='bbox 544 1880 591 1937; x_wconf 91' lang='lat' dir='ltr'><strong>hio</strong></span> <span class='ocrx_word' id='word_1_122' title='bbox 607 1881 687 1938; x_wconf 90' lang='lat' dir='ltr'><strong>sinat</strong></span> <span class='ocrx_word' id='word_1_123' title='bbox 707 1880 803 1956; x_wconf 89' lang='lat' dir='ltr'><strong>ipsum</strong></span> <span class='ocrx_word' id='word_1_124' title='bbox 825 1881 911 1940; x_wconf 89' lang='lat' dir='ltr'><strong>elabi.</strong></span> <span class='ocrx_word' id='word_1_125' title='bbox 941 1881 994 1939; x_wconf 88' lang='lat' dir='ltr'><strong>Cui</strong></span> <span class='ocrx_word' id='word_1_126' title='bbox 1012 1887 1098 1957; x_wconf 89' lang='lat' dir='ltr'><strong>pater</strong></span> <span class='ocrx_word' id='word_1_127' title='bbox 1113 1885 1143 1938; x_wconf 88' lang='lat' dir='ltr'><strong>st</strong></span> <span class='ocrx_word' id='word_1_128' title='bbox 1163 1881 1224 1938; x_wconf 90' lang='lat' dir='ltr'><strong>filia</strong></span> <span class='ocrx_word' id='word_1_129' title='bbox 1239 1882 1403 1956; x_wconf 83' lang='lat' dir='ltr'><strong>gaudentes</strong></span> 
     </span>
     <span class='ocr_line' id='line_1_16' title="bbox 73 1959 1401 2036; baseline -0.001 -16"><span class='ocrx_word' id='word_1_130' title='bbox 73 1961 278 2030; x_wconf 88' lang='lat' dir='ltr'><strong>consentiunt,</strong></span> <span class='ocrx_word' id='word_1_131' title='bbox 299 1964 389 2035; x_wconf 87' lang='lat' dir='ltr'><strong>atqua</strong></span> <span class='ocrx_word' id='word_1_132' title='bbox 409 1965 512 2019; x_wconf 91' lang='lat' dir='ltr'><strong>mutua</strong></span> <span class='ocrx_word' id='word_1_133' title='bbox 533 1960 567 2018; x_wconf 91' lang='lat' dir='ltr'><strong>fit</strong></span> <span class='ocrx_word' id='word_1_134' title='bbox 588 1959 753 2036; x_wconf 89' lang='lat' dir='ltr'><strong>promissio.</strong></span> <span class='ocrx_word' id='word_1_135' title='bbox 782 1961 937 2020; x_wconf 83' lang='lat' dir='ltr'><strong>Hilarinua</strong></span> <span class='ocrx_word' id='word_1_136' title='bbox 953 1981 1017 2019; x_wconf 86' lang='lat' dir='ltr'><strong>curn</strong></span> <span class='ocrx_word' id='word_1_137' title='bbox 1033 1961 1094 2019; x_wconf 88' lang='lat' dir='ltr'><strong>filia</strong></span> <span class='ocrx_word' id='word_1_138' title='bbox 1116 1962 1247 2020; x_wconf 83' lang='lat' dir='ltr'><strong>custodis</strong></span> <span class='ocrx_word' id='word_1_139' title='bbox 1270 1963 1401 2036; x_wconf 84' lang='lat' dir='ltr'><strong>aufugit:</strong></span> 
     </span>
     <span class='ocr_line' id='line_1_17' title="bbox 70 2039 1266 2118; baseline 0 -17"><span class='ocrx_word' id='word_1_140' title='bbox 70 2061 148 2118; x_wconf 87' lang='lat' dir='ltr'><strong>quae</strong></span> <span class='ocrx_word' id='word_1_141' title='bbox 171 2039 310 2117; x_wconf 87' lang='lat' dir='ltr'><strong>sequenti</strong></span> <span class='ocrx_word' id='word_1_142' title='bbox 330 2041 377 2099; x_wconf 93' lang='lat' dir='ltr'><strong>die</strong></span> <span class='ocrx_word' id='word_1_143' title='bbox 398 2040 509 2098; x_wconf 88' lang='lat' dir='ltr'><strong>nullum</strong></span> <span class='ocrx_word' id='word_1_144' title='bbox 531 2041 657 2117; x_wconf 88' lang='lat' dir='ltr'><strong>amplius</strong></span> <span class='ocrx_word' id='word_1_145' title='bbox 679 2039 808 2099; x_wconf 88' lang='lat' dir='ltr'><strong>Hilarini</strong></span> <span class='ocrx_word' id='word_1_146' title='bbox 829 2041 986 2117; x_wconf 88' lang='lat' dir='ltr'><strong>vestigium</strong></span> <span class='ocrx_word' id='word_1_147' title='bbox 1009 2041 1138 2116; x_wconf 89' lang='lat' dir='ltr'><strong>reperire</strong></span> <span class='ocrx_word' id='word_1_148' title='bbox 1159 2048 1266 2117; x_wconf 90' lang='lat' dir='ltr'><strong>potest.</strong></span> 
     </span>
    </p>
   </div>
   <div class='ocr_carea' id='block_1_6' title="bbox 68 2162 1402 2322">
    <p class='ocr_par' dir='ltr' id='par_1_6' title="bbox 68 2162 1402 2322">
     <span class='ocr_line' id='line_1_18' title="bbox 68 2162 1402 2241; baseline -0.001 -16"><span class='ocrx_word' id='word_1_149' title='bbox 68 2165 255 2237; x_wconf 71' lang='lat' dir='ltr'><strong>Quanam</strong></span> <span class='ocrx_word' id='word_1_150' title='bbox 274 2182 344 2222; x_wconf 86' lang='lat' dir='ltr'><strong>num</strong></span> <span class='ocrx_word' id='word_1_151' title='bbox 358 2163 513 2222; x_wconf 89' lang='lat' dir='ltr'><strong>Hilarinua</strong></span> <span class='ocrx_word' id='word_1_152' title='bbox 535 2164 573 2221; x_wconf 88' lang='lat' dir='ltr'><strong>ad</strong></span> <span class='ocrx_word' id='word_1_153' title='bbox 594 2162 811 2222; x_wconf 88' lang='lat' dir='ltr'><strong>matrimonium</strong></span> <span class='ocrx_word' id='word_1_154' title='bbox 833 2165 1011 2241; x_wconf 90' lang='lat' dir='ltr'><strong>promissum</strong></span> <span class='ocrx_word' id='word_1_155' title='bbox 1033 2169 1180 2235; x_wconf 89' lang='lat' dir='ltr'><strong>tenentur,</strong></span> <span class='ocrx_word' id='word_1_156' title='bbox 1197 2177 1331 2239; x_wconf 81' lang='lat' dir='ltr'><strong>&#39;veraque</strong></span> <span class='ocrx_word' id='word_1_157' title='bbox 1353 2183 1402 2223; x_wconf 83' lang='lat' dir='ltr'><strong>ex-</strong></span> 
     </span>
     <span class='ocr_line' id='line_1_19' title="bbox 270 2243 560 2322; baseline 0 -19"><span class='ocrx_word' id='word_1_158' title='bbox 270 2243 379 2303; x_wconf 85' lang='lat' dir='ltr'><strong>sistant</strong></span> <span class='ocrx_word' id='word_1_159' title='bbox 401 2243 560 2322; x_wconf 88' lang='lat' dir='ltr'><strong>sponsalia.</strong></span> 
     </span>
    </p>
   </div>
   <div class='ocr_carea' id='block_1_7' title="bbox 674 2411 809 2477">
    <p class='ocr_par' dir='ltr' id='par_1_7' title="bbox 674 2411 809 2477">
     <span class='ocr_line' id='line_1_20' title="bbox 674 2411 809 2477; baseline 0 -1"><span class='ocrx_word' id='word_1_160' title='bbox 674 2411 809 2477; x_wconf 87' lang='lat' dir='ltr'><strong>Salutio.</strong></span> 
     </span>
    </p>
   </div>
   <div class='ocr_carea' id='block_1_8' title="bbox 64 2558 1463 2914">
    <p class='ocr_par' dir='ltr' id='par_1_8' title="bbox 64 2558 1463 2914">
     <span class='ocr_line' id='line_1_21' title="bbox 163 2558 1463 2646; baseline 0.007 -23"><span class='ocrx_word' id='word_1_161' title='bbox 163 2559 204 2624; x_wconf 89' lang='lat' dir='ltr'><strong>R.</strong></span> <span class='ocrx_word' id='word_1_162' title='bbox 232 2560 260 2626; x_wconf 92' lang='lat'><strong>1.</strong></span> <span class='ocrx_word' id='word_1_163' title='bbox 307 2558 360 2623; x_wconf 85' lang='lat' dir='ltr'><strong>Ex</strong></span> <span class='ocrx_word' id='word_1_164' title='bbox 383 2564 478 2644; x_wconf 88' lang='lat' dir='ltr'><strong>parta</strong></span> <span class='ocrx_word' id='word_1_165' title='bbox 501 2559 588 2626; x_wconf 89' lang='lat' dir='ltr'><strong>filiae</strong></span> <span class='ocrx_word' id='word_1_166' title='bbox 611 2561 755 2626; x_wconf 86' lang='lat' dir='ltr'><strong>custodis</strong></span> <span class='ocrx_word' id='word_1_167' title='bbox 772 2565 863 2626; x_wconf 89' lang='lat' dir='ltr'><strong>certo</strong></span> <span class='ocrx_word' id='word_1_168' title='bbox 879 2584 944 2626; x_wconf 91' lang='lat' dir='ltr'><strong>non</strong></span> <span class='ocrx_word' id='word_1_169' title='bbox 960 2562 1091 2629; x_wconf 84' lang='lat' dir='ltr'><strong>exsistit</strong></span> <span class='ocrx_word' id='word_1_170' title='bbox 1106 2562 1272 2646; x_wconf 87' lang='lat' dir='ltr'><strong>obligatio.</strong></span> <span class='ocrx_word' id='word_1_171' title='bbox 1313 2564 1404 2629; x_wconf 90' lang='lat' dir='ltr'><strong>Haeo</strong></span> <span class='ocrx_word' id='word_1_172' title='bbox 1413 2578 1463 2632; x_wconf 86' lang='lat'><strong>831</strong></span> 
     </span>
     <span class='ocr_line' id='line_1_22' title="bbox 65 2646 1403 2732; baseline 0.001 -16"><span class='ocrx_word' id='word_1_173' title='bbox 65 2649 158 2716; x_wconf 88' lang='lat' dir='ltr'><strong>enim</strong></span> <span class='ocrx_word' id='word_1_174' title='bbox 191 2646 365 2731; x_wconf 88' lang='lat' dir='ltr'><strong>insigniter</strong></span> <span class='ocrx_word' id='word_1_175' title='bbox 395 2650 533 2732; x_wconf 88' lang='lat' dir='ltr'><strong>decepta</strong></span> <span class='ocrx_word' id='word_1_176' title='bbox 563 2654 630 2726; x_wconf 88' lang='lat' dir='ltr'><strong>est;</strong></span> <span class='ocrx_word' id='word_1_177' title='bbox 661 2656 694 2716; x_wconf 90' lang='lat' dir='ltr'><strong>et</strong></span> <span class='ocrx_word' id='word_1_178' title='bbox 725 2651 875 2732; x_wconf 87' lang='lat' dir='ltr'><strong>quamvis</strong></span> <span class='ocrx_word' id='word_1_179' title='bbox 904 2651 960 2716; x_wconf 90' lang='lat' dir='ltr'><strong>illa</strong></span> <span class='ocrx_word' id='word_1_180' title='bbox 990 2673 1082 2717; x_wconf 90' lang='lat' dir='ltr'><strong>error</strong></span> <span class='ocrx_word' id='word_1_181' title='bbox 1112 2652 1308 2718; x_wconf 89' lang='lat' dir='ltr'><strong>condicionis</strong></span> <span class='ocrx_word' id='word_1_182' title='bbox 1338 2675 1403 2718; x_wconf 93' lang='lat' dir='ltr'><strong>non</strong></span> 
     </span>
     <span class='ocr_line' id='line_1_23' title="bbox 64 2736 1404 2824; baseline 0.003 -20"><span class='ocrx_word' id='word_1_183' title='bbox 64 2738 228 2804; x_wconf 87' lang='lat' dir='ltr'><strong>videatur</strong></span> <span class='ocrx_word' id='word_1_184' title='bbox 243 2736 510 2821; x_wconf 89' lang='lat' dir='ltr'><strong>impedimentum</strong></span> <span class='ocrx_word' id='word_1_185' title='bbox 527 2759 600 2803; x_wconf 89' lang='lat' dir='ltr'><strong>esse</strong></span> <span class='ocrx_word' id='word_1_186' title='bbox 617 2739 770 2804; x_wconf 85' lang='lat' dir='ltr'><strong>dirimens</strong></span> <span class='ocrx_word' id='word_1_187' title='bbox 793 2740 1001 2817; x_wconf 87' lang='lat' dir='ltr'><strong>matrimonii,</strong></span> <span class='ocrx_word' id='word_1_188' title='bbox 1026 2741 1192 2824; x_wconf 86' lang='lat' dir='ltr'><strong>sponsalia</strong></span> <span class='ocrx_word' id='word_1_189' title='bbox 1207 2747 1318 2807; x_wconf 89' lang='lat' dir='ltr'><strong>tamen</strong></span> <span class='ocrx_word' id='word_1_190' title='bbox 1333 2743 1404 2808; x_wconf 90' lang='lat' dir='ltr'><strong>sina</strong></span> 
     </span>
     <span class='ocr_line' id='line_1_24' title="bbox 66 2825 1266 2914; baseline 0.003 -21"><span class='ocrx_word' id='word_1_191' title='bbox 66 2826 173 2893; x_wconf 90' lang='lat' dir='ltr'><strong>dubio</strong></span> <span class='ocrx_word' id='word_1_192' title='bbox 197 2825 279 2893; x_wconf 84' lang='lat' dir='ltr'><strong>facit</strong></span> <span class='ocrx_word' id='word_1_193' title='bbox 301 2826 503 2893; x_wconf 86' lang='lat' dir='ltr'><strong>dissolubilia</strong></span> <span class='ocrx_word' id='word_1_194' title='bbox 526 2848 569 2893; x_wconf 84' lang='lat' dir='ltr'><strong>ex</strong></span> <span class='ocrx_word' id='word_1_195' title='bbox 591 2834 686 2912; x_wconf 87' lang='lat' dir='ltr'><strong>parte</strong></span> <span class='ocrx_word' id='word_1_196' title='bbox 710 2829 779 2894; x_wconf 88' lang='lat' dir='ltr'><strong>eius</strong></span> <span class='ocrx_word' id='word_1_197' title='bbox 803 2851 887 2912; x_wconf 92' lang='lat' dir='ltr'><strong>quae</strong></span> <span class='ocrx_word' id='word_1_198' title='bbox 910 2830 1058 2894; x_wconf 89' lang='lat' dir='ltr'><strong>fraudem</strong></span> <span class='ocrx_word' id='word_1_199' title='bbox 1081 2852 1181 2914; x_wconf 89' lang='lat' dir='ltr'><strong>passa</strong></span> <span class='ocrx_word' id='word_1_200' title='bbox 1204 2835 1266 2897; x_wconf 90' lang='lat' dir='ltr'><strong>est.</strong></span> 
     </span>
    </p>
   </div>
   <div class='ocr_carea' id='block_1_9' title="bbox 64 2931 1404 3375">
    <p class='ocr_par' dir='ltr' id='par_1_9' title="bbox 64 2931 1404 3375">
     <span class='ocr_line' id='line_1_25' title="bbox 164 2931 1404 3019; baseline 0.006 -23"><span class='ocrx_word' id='word_1_201' title='bbox 164 2931 205 2999; x_wconf 88' lang='lat' dir='ltr'><strong>R.</strong></span> <span class='ocrx_word' id='word_1_202' title='bbox 231 2934 261 3000; x_wconf 83' lang='lat'><strong>2.</strong></span> <span class='ocrx_word' id='word_1_203' title='bbox 308 2932 372 2999; x_wconf 90' lang='lat' dir='ltr'><strong>Sed</strong></span> <span class='ocrx_word' id='word_1_204' title='bbox 400 2934 429 2998; x_wconf 91' lang='lat' dir='ltr'><strong>si</strong></span> <span class='ocrx_word' id='word_1_205' title='bbox 451 2933 519 3000; x_wconf 89' lang='lat' dir='ltr'><strong>filia</strong></span> <span class='ocrx_word' id='word_1_206' title='bbox 542 2935 686 3000; x_wconf 86' lang='lat' dir='ltr'><strong>custodis</strong></span> <span class='ocrx_word' id='word_1_207' title='bbox 709 2935 809 3001; x_wconf 91' lang='lat' dir='ltr'><strong>etiam</strong></span> <span class='ocrx_word' id='word_1_208' title='bbox 839 2940 915 3019; x_wconf 91' lang='lat' dir='ltr'><strong>post</strong></span> <span class='ocrx_word' id='word_1_209' title='bbox 944 2936 1107 3002; x_wconf 89' lang='lat' dir='ltr'><strong>detectam</strong></span> <span class='ocrx_word' id='word_1_210' title='bbox 1137 2937 1286 3002; x_wconf 88' lang='lat' dir='ltr'><strong>fraudem</strong></span> <span class='ocrx_word' id='word_1_211' title='bbox 1310 2959 1404 3003; x_wconf 87' lang='lat' dir='ltr'><strong>suum</strong></span> 
     </span>
     <span class='ocr_line' id='line_1_26' title="bbox 65 3020 1404 3109; baseline 0.002 -21"><span class='ocrx_word' id='word_1_212' title='bbox 65 3020 323 3108; x_wconf 88' lang='lat' dir='ltr'><strong>promissionem</strong></span> <span class='ocrx_word' id='word_1_213' title='bbox 349 3024 491 3090; x_wconf 89' lang='lat' dir='ltr'><strong>sustinet</strong></span> <span class='ocrx_word' id='word_1_214' title='bbox 506 3028 606 3105; x_wconf 90' lang='lat' dir='ltr'><strong>atque</strong></span> <span class='ocrx_word' id='word_1_215' title='bbox 622 3029 729 3090; x_wconf 89' lang='lat' dir='ltr'><strong>ratam</strong></span> <span class='ocrx_word' id='word_1_216' title='bbox 746 3024 855 3100; x_wconf 86' lang='lat' dir='ltr'><strong>babet,</strong></span> <span class='ocrx_word' id='word_1_217' title='bbox 880 3025 993 3107; x_wconf 90' lang='lat' dir='ltr'><strong>quaeri</strong></span> <span class='ocrx_word' id='word_1_218' title='bbox 1016 3031 1127 3109; x_wconf 88' lang='lat' dir='ltr'><strong>potest</strong></span> <span class='ocrx_word' id='word_1_219' title='bbox 1143 3047 1220 3090; x_wconf 87' lang='lat' dir='ltr'><strong>num</strong></span> <span class='ocrx_word' id='word_1_220' title='bbox 1235 3026 1404 3091; x_wconf 81' lang='lat' dir='ltr'><strong>Hilarinua</strong></span> 
     </span>
     <span class='ocr_line' id='line_1_27' title="bbox 66 3114 1404 3195; baseline 0.002 -17"><span class='ocrx_word' id='word_1_221' title='bbox 66 3134 114 3178; x_wconf 86' lang='lat' dir='ltr'><strong>ex</strong></span> <span class='ocrx_word' id='word_1_222' title='bbox 139 3131 203 3177; x_wconf 90' lang='lat' dir='ltr'><strong>sua</strong></span> <span class='ocrx_word' id='word_1_223' title='bbox 225 3115 321 3195; x_wconf 90' lang='lat' dir='ltr'><strong>parts</strong></span> <span class='ocrx_word' id='word_1_224' title='bbox 344 3116 507 3189; x_wconf 91' lang='lat' dir='ltr'><strong>teneatur,</strong></span> <span class='ocrx_word' id='word_1_225' title='bbox 532 3134 605 3177; x_wconf 89' lang='lat' dir='ltr'><strong>oum</strong></span> <span class='ocrx_word' id='word_1_226' title='bbox 628 3114 719 3178; x_wconf 84' lang='lat' dir='ltr'><strong>fraus</strong></span> <span class='ocrx_word' id='word_1_227' title='bbox 743 3114 915 3179; x_wconf 88' lang='lat' dir='ltr'><strong>commissa</strong></span> <span class='ocrx_word' id='word_1_228' title='bbox 938 3135 1002 3179; x_wconf 91' lang='lat' dir='ltr'><strong>non</strong></span> <span class='ocrx_word' id='word_1_229' title='bbox 1019 3115 1171 3181; x_wconf 90' lang='lat' dir='ltr'><strong>videatur</strong></span> <span class='ocrx_word' id='word_1_230' title='bbox 1194 3136 1266 3180; x_wconf 92' lang='lat' dir='ltr'><strong>eum</strong></span> <span class='ocrx_word' id='word_1_231' title='bbox 1290 3136 1404 3181; x_wconf 89' lang='lat' dir='ltr'><strong>acon-</strong></span> 
     </span>
     <span class='ocr_line' id='line_1_28' title="bbox 64 3200 1403 3288; baseline 0.001 -19"><span class='ocrx_word' id='word_1_232' title='bbox 64 3203 185 3269; x_wconf 87' lang='lat' dir='ltr'><strong>traota</strong></span> <span class='ocrx_word' id='word_1_233' title='bbox 208 3200 408 3283; x_wconf 88' lang='lat' dir='ltr'><strong>obligatione</strong></span> <span class='ocrx_word' id='word_1_234' title='bbox 430 3202 580 3268; x_wconf 89' lang='lat' dir='ltr'><strong>liberare.</strong></span> <span class='ocrx_word' id='word_1_235' title='bbox 613 3202 658 3268; x_wconf 86' lang='lat' dir='ltr'><strong>Et</strong></span> <span class='ocrx_word' id='word_1_236' title='bbox 673 3224 708 3267; x_wconf 95' lang='lat' dir='ltr'><strong>re</strong></span> <span class='ocrx_word' id='word_1_237' title='bbox 725 3224 805 3268; x_wconf 89' lang='lat' dir='ltr'><strong>vera</strong></span> <span class='ocrx_word' id='word_1_238' title='bbox 823 3224 866 3268; x_wconf 83' lang='lat' dir='ltr'><strong>ex</strong></span> <span class='ocrx_word' id='word_1_239' title='bbox 881 3204 943 3268; x_wconf 87' lang='lat' dir='ltr'><strong>bac</strong></span> <span class='ocrx_word' id='word_1_240' title='bbox 958 3204 1096 3282; x_wconf 88' lang='lat' dir='ltr'><strong>ratione,</strong></span> <span class='ocrx_word' id='word_1_241' title='bbox 1120 3205 1205 3286; x_wconf 91' lang='lat' dir='ltr'><strong>quod</strong></span> <span class='ocrx_word' id='word_1_242' title='bbox 1221 3205 1331 3288; x_wconf 90' lang='lat' dir='ltr'><strong>puella</strong></span> <span class='ocrx_word' id='word_1_243' title='bbox 1347 3206 1403 3270; x_wconf 86' lang='lat' dir='ltr'><strong>da-</strong></span> 
     </span>
     <span class='ocr_line' id='line_1_29' title="bbox 68 3288 1007 3375; baseline 0.001 -18"><span class='ocrx_word' id='word_1_244' title='bbox 68 3294 175 3375; x_wconf 87' lang='lat' dir='ltr'><strong>cepta</strong></span> <span class='ocrx_word' id='word_1_245' title='bbox 198 3288 252 3367; x_wconf 91' lang='lat' dir='ltr'><strong>sit,</strong></span> <span class='ocrx_word' id='word_1_246' title='bbox 276 3289 463 3357; x_wconf 91' lang='lat' dir='ltr'><strong>nullitatem</strong></span> <span class='ocrx_word' id='word_1_247' title='bbox 486 3291 686 3374; x_wconf 86' lang='lat' dir='ltr'><strong>sponsalium</strong></span> <span class='ocrx_word' id='word_1_248' title='bbox 711 3297 860 3375; x_wconf 89' lang='lat' dir='ltr'><strong>repetere</strong></span> <span class='ocrx_word' id='word_1_249' title='bbox 884 3293 1007 3375; x_wconf 90' lang='lat' dir='ltr'><strong>nequit.</strong></span> 
     </span>
    </p>
   </div>
   <div class='ocr_carea' id='block_1_10' title="bbox 66 3394 1405 3662">
    <p class='ocr_par' dir='ltr' id='par_1_10' title="bbox 66 3394 1405 3662">
     <span class='ocr_line' id='line_1_30' title="bbox 165 3394 1403 3483; baseline 0.005 -23"><span class='ocrx_word' id='word_1_250' title='bbox 165 3394 205 3463; x_wconf 79' lang='lat' dir='ltr'><strong>R.</strong></span> <span class='ocrx_word' id='word_1_251' title='bbox 231 3399 261 3463; x_wconf 93' lang='lat'><strong>3.</strong></span> <span class='ocrx_word' id='word_1_252' title='bbox 308 3396 431 3463; x_wconf 87' lang='lat' dir='ltr'><strong>Verum</strong></span> <span class='ocrx_word' id='word_1_253' title='bbox 455 3399 610 3464; x_wconf 81' lang='lat' dir='ltr'><strong>exsarto</strong></span> <span class='ocrx_word' id='word_1_254' title='bbox 638 3402 771 3463; x_wconf 92' lang='lat' dir='ltr'><strong>narrato</strong></span> <span class='ocrx_word' id='word_1_255' title='bbox 797 3399 893 3464; x_wconf 83' lang='lat' dir='ltr'><strong>valde</strong></span> <span class='ocrx_word' id='word_1_256' title='bbox 922 3399 1100 3483; x_wconf 91' lang='lat' dir='ltr'><strong>probabilis</strong></span> <span class='ocrx_word' id='word_1_257' title='bbox 1131 3400 1297 3466; x_wconf 82' lang='lat' dir='ltr'><strong>enascitur</strong></span> <span class='ocrx_word' id='word_1_258' title='bbox 1326 3422 1403 3467; x_wconf 91' lang='lat' dir='ltr'><strong>con-</strong></span> 
     </span>
     <span class='ocr_line' id='line_1_31' title="bbox 66 3485 1405 3572; baseline 0.001 -18"><span class='ocrx_word' id='word_1_259' title='bbox 66 3486 204 3554; x_wconf 89' lang='lat' dir='ltr'><strong>iectura</strong></span> <span class='ocrx_word' id='word_1_260' title='bbox 226 3485 410 3552; x_wconf 88' lang='lat' dir='ltr'><strong>Hilarinum</strong></span> <span class='ocrx_word' id='word_1_261' title='bbox 435 3486 519 3552; x_wconf 91' lang='lat' dir='ltr'><strong>serio</strong></span> <span class='ocrx_word' id='word_1_262' title='bbox 543 3508 608 3552; x_wconf 92' lang='lat' dir='ltr'><strong>non</strong></span> <span class='ocrx_word' id='word_1_263' title='bbox 632 3487 836 3572; x_wconf 89' lang='lat' dir='ltr'><strong>promisisse;</strong></span> <span class='ocrx_word' id='word_1_264' title='bbox 870 3489 955 3569; x_wconf 92' lang='lat' dir='ltr'><strong>quod</strong></span> <span class='ocrx_word' id='word_1_265' title='bbox 987 3488 1015 3553; x_wconf 92' lang='lat' dir='ltr'><strong>si</strong></span> <span class='ocrx_word' id='word_1_266' title='bbox 1045 3488 1093 3554; x_wconf 92' lang='lat' dir='ltr'><strong>ita</strong></span> <span class='ocrx_word' id='word_1_267' title='bbox 1123 3494 1190 3565; x_wconf 89' lang='lat' dir='ltr'><strong>est,</strong></span> <span class='ocrx_word' id='word_1_268' title='bbox 1222 3511 1301 3556; x_wconf 89' lang='lat' dir='ltr'><strong>sane</strong></span> <span class='ocrx_word' id='word_1_269' title='bbox 1325 3512 1405 3556; x_wconf 91' lang='lat' dir='ltr'><strong>vera</strong></span> 
     </span>
     <span class='ocr_line' id='line_1_32' title="bbox 67 3575 1403 3662; baseline 0.001 -19"><span class='ocrx_word' id='word_1_270' title='bbox 67 3598 141 3643; x_wconf 90' lang='lat' dir='ltr'><strong>non</strong></span> <span class='ocrx_word' id='word_1_271' title='bbox 175 3579 252 3641; x_wconf 88' lang='lat' dir='ltr'><strong>sunt</strong></span> <span class='ocrx_word' id='word_1_272' title='bbox 282 3575 464 3660; x_wconf 86' lang='lat' dir='ltr'><strong>sponsalia,</strong></span> <span class='ocrx_word' id='word_1_273' title='bbox 497 3597 602 3659; x_wconf 89' lang='lat' dir='ltr'><strong>nequa</strong></span> <span class='ocrx_word' id='word_1_274' title='bbox 632 3577 780 3661; x_wconf 87' lang='lat' dir='ltr'><strong>deceptio</strong></span> <span class='ocrx_word' id='word_1_275' title='bbox 812 3577 940 3662; x_wconf 90' lang='lat' dir='ltr'><strong>puellae</strong></span> <span class='ocrx_word' id='word_1_276' title='bbox 972 3581 1068 3643; x_wconf 91' lang='lat' dir='ltr'><strong>tanta</strong></span> <span class='ocrx_word' id='word_1_277' title='bbox 1098 3584 1150 3644; x_wconf 91' lang='lat' dir='ltr'><strong>est</strong></span> <span class='ocrx_word' id='word_1_278' title='bbox 1182 3583 1218 3644; x_wconf 92' lang='lat' dir='ltr'><strong>ut</strong></span> <span class='ocrx_word' id='word_1_279' title='bbox 1250 3601 1292 3644; x_wconf 86' lang='lat' dir='ltr'><strong>ex</strong></span> <span class='ocrx_word' id='word_1_280' title='bbox 1323 3581 1403 3644; x_wconf 92' lang='lat' dir='ltr'><strong>obli·</strong></span> 
     </span>
    </p>
   </div>
   <div class='ocr_carea' id='block_1_11' title="bbox 68 3665 1403 3821">
    <p class='ocr_par' dir='ltr' id='par_1_11' title="bbox 68 3665 1403 3821">
     <span class='ocr_line' id='line_1_33' title="bbox 68 3665 1403 3820; baseline 0.001 -88"><span class='ocrx_word' id='word_1_281' title='bbox 68 3665 212 3820; x_wconf 57' lang='lat' dir='ltr'><strong>ffirtigne</strong></span> <span class='ocrx_word' id='word_1_282' title='bbox 248 3665 454 3749; x_wconf 88' lang='lat' dir='ltr'><strong>reparandae</strong></span> <span class='ocrx_word' id='word_1_283' title='bbox 491 3665 630 3731; x_wconf 88' lang='lat' dir='ltr'><strong>iniuriae</strong></span> <span class='ocrx_word' id='word_1_284' title='bbox 668 3667 793 3732; x_wconf 89' lang='lat' dir='ltr'><strong>oriatur</strong></span> <span class='ocrx_word' id='word_1_285' title='bbox 831 3666 1012 3733; x_wconf 87' lang='lat' dir='ltr'><strong>necessitas</strong></span> <span class='ocrx_word' id='word_1_286' title='bbox 1050 3667 1160 3734; x_wconf 90' lang='lat' dir='ltr'><strong>standi</strong></span> <span class='ocrx_word' id='word_1_287' title='bbox 1197 3668 1403 3751; x_wconf 88' lang='lat' dir='ltr'><strong>promissioni</strong></span> 
     </span>
     <span class='ocr_line' id='line_1_34' title="bbox 70 3752 253 3821; baseline -0.016 0"><span class='ocrx_word' id='word_1_288' title='bbox 70 3755 79 3768; x_wconf 83' lang='lat'><strong><em>‘</em></strong></span> <span class='ocrx_word' id='word_1_289' title='bbox 109 3752 122 3821; x_wconf 91' lang='lat' dir='ltr'><strong>i</strong></span> <span class='ocrx_word' id='word_1_290' title='bbox 170 3757 253 3820; x_wconf 87' lang='lat' dir='ltr'><strong>ctae.</strong></span> 
     </span>
    </p>
   </div>
   <div class='ocr_carea' id='block_1_12' title="bbox 70 3859 1465 4214">
    <p class='ocr_par' dir='ltr' id='par_1_12' title="bbox 70 3859 1465 4214">
     <span class='ocr_line' id='line_1_35' title="bbox 167 3859 1465 3946; baseline 0.006 -22"><span class='ocrx_word' id='word_1_291' title='bbox 167 3859 207 3928; x_wconf 79' lang='lat' dir='ltr'><strong>R.</strong></span> <span class='ocrx_word' id='word_1_292' title='bbox 237 3863 268 3927; x_wconf 84' lang='lat'><strong>4.</strong></span> <span class='ocrx_word' id='word_1_293' title='bbox 321 3860 461 3926; x_wconf 89' lang='lat' dir='ltr'><strong>Demum</strong></span> <span class='ocrx_word' id='word_1_294' title='bbox 493 3882 621 3926; x_wconf 87' lang='lat' dir='ltr'><strong>sumere</strong></span> <span class='ocrx_word' id='word_1_295' title='bbox 653 3883 826 3944; x_wconf 88' lang='lat' dir='ltr'><strong>possumus</strong></span> <span class='ocrx_word' id='word_1_296' title='bbox 858 3862 1043 3928; x_wconf 87' lang='lat' dir='ltr'><strong>Hilarinum</strong></span> <span class='ocrx_word' id='word_1_297' title='bbox 1076 3885 1112 3927; x_wconf 90' lang='lat' dir='ltr'><strong>re</strong></span> <span class='ocrx_word' id='word_1_298' title='bbox 1144 3863 1217 3946; x_wconf 90' lang='lat' dir='ltr'><strong>ipsa</strong></span> <span class='ocrx_word' id='word_1_299' title='bbox 1249 3864 1334 3928; x_wconf 88' lang='lat' dir='ltr'><strong>serio</strong></span> <span class='ocrx_word' id='word_1_300' title='bbox 1366 3879 1465 3934; x_wconf 72' lang='grc'>86832</span> 
     </span>
     <span class='ocr_line' id='line_1_36' title="bbox 70 3949 1402 4036; baseline 0 -20"><span class='ocrx_word' id='word_1_301' title='bbox 70 3949 221 4036; x_wconf 88' lang='lat' dir='ltr'><strong>puellam</strong></span> <span class='ocrx_word' id='word_1_302' title='bbox 244 3950 417 4016; x_wconf 86' lang='lat' dir='ltr'><strong>ducturum</strong></span> <span class='ocrx_word' id='word_1_303' title='bbox 441 3972 512 4016; x_wconf 90' lang='lat' dir='ltr'><strong>esse</strong></span> <span class='ocrx_word' id='word_1_304' title='bbox 535 3950 738 4034; x_wconf 89' lang='lat' dir='ltr'><strong>promisisse,</strong></span> <span class='ocrx_word' id='word_1_305' title='bbox 770 3952 829 4017; x_wconf 90' lang='lat' dir='ltr'><strong>sed</strong></span> <span class='ocrx_word' id='word_1_306' title='bbox 856 3973 928 4016; x_wconf 90' lang='lat' dir='ltr'><strong>eum</strong></span> <span class='ocrx_word' id='word_1_307' title='bbox 952 3957 1069 4036; x_wconf 87' lang='lat' dir='ltr'><strong>postea</strong></span> <span class='ocrx_word' id='word_1_308' title='bbox 1091 3954 1240 4028; x_wconf 87' lang='lat' dir='ltr'><strong>tandem,</strong></span> <span class='ocrx_word' id='word_1_309' title='bbox 1272 3958 1402 4018; x_wconf 86' lang='lat' dir='ltr'><strong>nactum</strong></span> 
     </span>
     <span class='ocr_line' id='line_1_37' title="bbox 71 4038 1402 4124; baseline -0.001 -18"><span class='ocrx_word' id='word_1_310' title='bbox 71 4038 210 4106; x_wconf 89' lang='lat' dir='ltr'><strong>maioris</strong></span> <span class='ocrx_word' id='word_1_311' title='bbox 224 4038 308 4104; x_wconf 87' lang='lat' dir='ltr'><strong>lueri</strong></span> <span class='ocrx_word' id='word_1_312' title='bbox 322 4039 535 4117; x_wconf 84' lang='lat' dir='ltr'><strong>occasionem,</strong></span> <span class='ocrx_word' id='word_1_313' title='bbox 551 4039 703 4124; x_wconf 89' lang='lat' dir='ltr'><strong>promissi</strong></span> <span class='ocrx_word' id='word_1_314' title='bbox 719 4041 929 4124; x_wconf 89' lang='lat' dir='ltr'><strong>paenituisse.</strong></span> <span class='ocrx_word' id='word_1_315' title='bbox 957 4041 1048 4118; x_wconf 87' lang='lat' dir='ltr'><strong>Quod</strong></span> <span class='ocrx_word' id='word_1_316' title='bbox 1064 4041 1092 4105; x_wconf 89' lang='lat' dir='ltr'><strong>si</strong></span> <span class='ocrx_word' id='word_1_317' title='bbox 1108 4041 1273 4116; x_wconf 88' lang='lat' dir='ltr'><strong>sumimus,</strong></span> <span class='ocrx_word' id='word_1_318' title='bbox 1290 4041 1402 4122; x_wconf 88' lang='lat' dir='ltr'><strong>quaeri</strong></span> 
     </span>
     <span class='ocr_line' id='line_1_38' title="bbox 71 4129 1292 4214; baseline 0.002 -19"><span class='ocrx_word' id='word_1_319' title='bbox 71 4131 189 4214; x_wconf 87' lang='lat' dir='ltr'><strong>potest</strong></span> <span class='ocrx_word' id='word_1_320' title='bbox 212 4149 288 4193; x_wconf 87' lang='lat' dir='ltr'><strong>num</strong></span> <span class='ocrx_word' id='word_1_321' title='bbox 309 4137 440 4213; x_wconf 76' lang='lat' dir='ltr'><strong>propter</strong></span> <span class='ocrx_word' id='word_1_322' title='bbox 462 4138 576 4194; x_wconf 79' lang='lat' dir='ltr'><strong>metum</strong></span> <span class='ocrx_word' id='word_1_323' title='bbox 600 4129 770 4213; x_wconf 89' lang='lat' dir='ltr'><strong>promissio</strong></span> <span class='ocrx_word' id='word_1_324' title='bbox 795 4130 993 4196; x_wconf 87' lang='lat' dir='ltr'><strong>matrimonii</strong></span> <span class='ocrx_word' id='word_1_325' title='bbox 1016 4130 1115 4196; x_wconf 89' lang='lat' dir='ltr'><strong>fuerit</strong></span> <span class='ocrx_word' id='word_1_326' title='bbox 1139 4130 1292 4198; x_wconf 86' lang='lat' dir='ltr'><strong>invalida.</strong></span> 
     </span>
    </p>
   </div>
   <div class='ocr_carea' id='block_1_13' title="bbox 72 4235 1403 4752">
    <p class='ocr_par' dir='ltr' id='par_1_13' title="bbox 72 4235 1403 4752">
     <span class='ocr_line' id='line_1_39' title="bbox 168 4235 1403 4320; baseline 0.002 -21"><span class='ocrx_word' id='word_1_327' title='bbox 168 4235 276 4302; x_wconf 87' lang='lat' dir='ltr'><strong>Metus</strong></span> <span class='ocrx_word' id='word_1_328' title='bbox 299 4240 389 4302; x_wconf 90' lang='lat' dir='ltr'><strong>certe</strong></span> <span class='ocrx_word' id='word_1_329' title='bbox 412 4236 490 4301; x_wconf 89' lang='lat' dir='ltr'><strong>talis</strong></span> <span class='ocrx_word' id='word_1_330' title='bbox 513 4257 577 4301; x_wconf 92' lang='lat' dir='ltr'><strong>non</strong></span> <span class='ocrx_word' id='word_1_331' title='bbox 594 4241 666 4302; x_wconf 89' lang='lat' dir='ltr'><strong>erat</strong></span> <span class='ocrx_word' id='word_1_332' title='bbox 683 4237 736 4317; x_wconf 90' lang='lat' dir='ltr'><strong>qui</strong></span> <span class='ocrx_word' id='word_1_333' title='bbox 752 4236 950 4302; x_wconf 88' lang='lat' dir='ltr'><strong>matrimonii</strong></span> <span class='ocrx_word' id='word_1_334' title='bbox 966 4237 1232 4320; x_wconf 89' lang='lat' dir='ltr'><strong>impedimentum</strong></span> <span class='ocrx_word' id='word_1_335' title='bbox 1249 4236 1403 4302; x_wconf 86' lang='lat' dir='ltr'><strong>dirimens</strong></span> 
     </span>
     <span class='ocr_line' id='line_1_40' title="bbox 72 4323 1403 4410; baseline -0.001 -17"><span class='ocrx_word' id='word_1_336' title='bbox 72 4323 304 4393; x_wconf 86' lang='lat' dir='ltr'><strong>constitueret.</strong></span> <span class='ocrx_word' id='word_1_337' title='bbox 350 4325 556 4409; x_wconf 85' lang='lat' dir='ltr'><strong>Quapropter</strong></span> <span class='ocrx_word' id='word_1_338' title='bbox 579 4325 607 4388; x_wconf 89' lang='lat' dir='ltr'><strong>si</strong></span> <span class='ocrx_word' id='word_1_339' title='bbox 630 4325 747 4392; x_wconf 85' lang='lat' dir='ltr'><strong>fuisset</strong></span> <span class='ocrx_word' id='word_1_340' title='bbox 776 4326 946 4409; x_wconf 87' lang='lat' dir='ltr'><strong>promissio</strong></span> <span class='ocrx_word' id='word_1_341' title='bbox 975 4329 1013 4390; x_wconf 81' lang='lat' dir='ltr'><strong>de</strong></span> <span class='ocrx_word' id='word_1_342' title='bbox 1031 4329 1212 4410; x_wconf 81' lang='lat' dir='ltr'><strong>praesenti,</strong></span> <span class='ocrx_word' id='word_1_343' title='bbox 1243 4325 1340 4408; x_wconf 90' lang='lat' dir='ltr'><strong>idque</strong></span> <span class='ocrx_word' id='word_1_344' title='bbox 1369 4328 1403 4392; x_wconf 91' lang='lat' dir='ltr'><strong>in</strong></span> 
     </span>
     <span class='ocr_line' id='line_1_41' title="bbox 73 4414 1402 4496; baseline -0.001 -15"><span class='ocrx_word' id='word_1_345' title='bbox 73 4416 149 4481; x_wconf 92' lang='lat' dir='ltr'><strong>loco</strong></span> <span class='ocrx_word' id='word_1_346' title='bbox 173 4435 194 4479; x_wconf 89' lang='lat' dir='ltr'><strong>a</strong></span> <span class='ocrx_word' id='word_1_347' title='bbox 216 4414 494 4480; x_wconf 89' lang='lat' dir='ltr'><strong>clandestinitatis</strong></span> <span class='ocrx_word' id='word_1_348' title='bbox 516 4414 589 4496; x_wconf 86' lang='lat' dir='ltr'><strong>lege</strong></span> <span class='ocrx_word' id='word_1_349' title='bbox 605 4415 717 4492; x_wconf 89' lang='lat' dir='ltr'><strong>libero,</strong></span> <span class='ocrx_word' id='word_1_350' title='bbox 742 4414 982 4481; x_wconf 88' lang='lat' dir='ltr'><strong>matrimonium</strong></span> <span class='ocrx_word' id='word_1_351' title='bbox 998 4416 1134 4480; x_wconf 88' lang='lat' dir='ltr'><strong>valeret.</strong></span> <span class='ocrx_word' id='word_1_352' title='bbox 1174 4414 1261 4478; x_wconf 90' lang='lat' dir='ltr'><strong>Nam</strong></span> <span class='ocrx_word' id='word_1_353' title='bbox 1285 4420 1402 4495; x_wconf 89' lang='lat' dir='ltr'><strong>metus,</strong></span> 
     </span>
     <span class='ocr_line' id='line_1_42' title="bbox 72 4503 1403 4585; baseline -0.001 -15"><span class='ocrx_word' id='word_1_354' title='bbox 72 4505 156 4570; x_wconf 88' lang='lat' dir='ltr'><strong>licet</strong></span> <span class='ocrx_word' id='word_1_355' title='bbox 179 4503 278 4570; x_wconf 85' lang='lat' dir='ltr'><strong>fuerit</strong></span> <span class='ocrx_word' id='word_1_356' title='bbox 301 4503 430 4585; x_wconf 87' lang='lat' dir='ltr'><strong>gravis,</strong></span> <span class='ocrx_word' id='word_1_357' title='bbox 462 4525 526 4568; x_wconf 92' lang='lat' dir='ltr'><strong>non</strong></span> <span class='ocrx_word' id='word_1_358' title='bbox 550 4506 624 4570; x_wconf 89' lang='lat' dir='ltr'><strong>erat</strong></span> <span class='ocrx_word' id='word_1_359' title='bbox 646 4505 795 4569; x_wconf 91' lang='lat' dir='ltr'><strong>incussus</strong></span> <span class='ocrx_word' id='word_1_360' title='bbox 824 4505 857 4568; x_wconf 92' lang='lat' dir='ltr'><strong>in</strong></span> <span class='ocrx_word' id='word_1_361' title='bbox 887 4503 999 4568; x_wconf 88' lang='lat' dir='ltr'><strong>ordina</strong></span> <span class='ocrx_word' id='word_1_362' title='bbox 1022 4505 1064 4568; x_wconf 89' lang='lat' dir='ltr'><strong>ad</strong></span> <span class='ocrx_word' id='word_1_363' title='bbox 1087 4503 1329 4569; x_wconf 89' lang='lat' dir='ltr'><strong>matrimonium</strong></span> <span class='ocrx_word' id='word_1_364' title='bbox 1353 4505 1403 4570; x_wconf 90' lang='lat' dir='ltr'><strong>in·</strong></span> 
     </span>
     <span class='ocr_line' id='line_1_43' title="bbox 73 4592 1403 4674; baseline -0.001 -13"><span class='ocrx_word' id='word_1_365' title='bbox 73 4593 228 4671; x_wconf 86' lang='lat' dir='ltr'><strong>eundum,</strong></span> <span class='ocrx_word' id='word_1_366' title='bbox 245 4613 351 4674; x_wconf 89' lang='lat' dir='ltr'><strong>neque</strong></span> <span class='ocrx_word' id='word_1_367' title='bbox 366 4597 440 4659; x_wconf 90' lang='lat' dir='ltr'><strong>erat</strong></span> <span class='ocrx_word' id='word_1_368' title='bbox 454 4592 574 4658; x_wconf 87' lang='lat' dir='ltr'><strong>iniuste</strong></span> <span class='ocrx_word' id='word_1_369' title='bbox 589 4593 750 4668; x_wconf 85' lang='lat' dir='ltr'><strong>incussus;</strong></span> <span class='ocrx_word' id='word_1_370' title='bbox 768 4592 1010 4658; x_wconf 87' lang='lat' dir='ltr'><strong>matrimonium</strong></span> <span class='ocrx_word' id='word_1_371' title='bbox 1022 4593 1123 4658; x_wconf 90' lang='lat' dir='ltr'><strong>libere</strong></span> <span class='ocrx_word' id='word_1_372' title='bbox 1135 4594 1274 4658; x_wconf 88' lang='lat' dir='ltr'><strong>electum</strong></span> <span class='ocrx_word' id='word_1_373' title='bbox 1286 4594 1403 4660; x_wconf 90' lang='lat' dir='ltr'><strong>fuisset</strong></span> 
     </span>
     <span class='ocr_line' id='line_1_44' title="bbox 72 4681 817 4752; baseline -0.005 0"><span class='ocrx_word' id='word_1_374' title='bbox 72 4685 118 4752; x_wconf 87' lang='lat' dir='ltr'><strong>ad</strong></span> <span class='ocrx_word' id='word_1_375' title='bbox 141 4681 374 4750; x_wconf 88' lang='lat' dir='ltr'><strong>excutiendum</strong></span> <span class='ocrx_word' id='word_1_376' title='bbox 397 4685 520 4749; x_wconf 88' lang='lat' dir='ltr'><strong>metum</strong></span> <span class='ocrx_word' id='word_1_377' title='bbox 544 4686 624 4748; x_wconf 85' lang='lat' dir='ltr'><strong>iuste</strong></span> <span class='ocrx_word' id='word_1_378' title='bbox 646 4685 817 4748; x_wconf 81' lang='lat' dir='ltr'><strong>incassum.</strong></span> 
     </span>
    </p>
   </div>
   <div class='ocr_carea' id='block_1_14' title="bbox 0 0 1541 5174">
    <p class='ocr_par' dir='ltr' id='par_1_14' title="bbox 0 0 1541 5174">
     <span class='ocr_line' id='line_1_45' title="bbox 0 0 1541 5174; baseline 0 0"><span class='ocrx_word' id='word_1_379' title='bbox 0 0 1541 5174; x_wconf 95' lang='lat' dir='ltr'><strong> </strong></span> 
     </span>
    </p>
   </div>
  </div>
 </body>
</html>
