3044 5174
328 269 444 324 Materia
463 269 631 338 integritatis
649 287 697 325 seu
716 270 869 326 satisfactio
887 271 1103 326 sacramentalis.
1313 277 1377 341 237

70 445 266 526 paenitentia.
314 446 377 512 Sed
408 447 458 513 cui
488 447 569 513 haeo
600 447 708 530 opinio
738 469 803 513 non
826 448 1053 532 probatur-
1077 451 1111 513 et
1141 469 1177 513 re
1201 469 1281 513 vera
1305 470 1377 513 eam

69 535 192 617 probare
215 555 342 618 nequeo
366 575 409 584 -
432 536 640 602 nihilominus
665 558 723 621 pro
747 542 859 603 nostro
884 558 962 602 casu
986 537 1087 603 habet
1109 537 1206 602 aliam
1232 538 1378 621 explica·

69 621 177 690 tionem
200 644 244 690 ex
267 625 363 691 modo
388 625 493 705 dictis,
518 647 602 707 quae
625 626 865 703 difficultatem,
890 626 984 708 quasi
1000 648 1065 690 nen
1081 626 1180 693 liceat
1202 627 1250 694 ita
1266 647 1376 708 agere,

66 711 150 795 plane
171 719 332 781 removet.
380 715 583 781 Conveniens
607 719 688 792 erat,
713 720 749 782 ut
772 715 954 798 paenitenti
977 716 1112 780 verbulo
1136 716 1377 782 declararetur:

66 798 162 886 Opera
176 801 244 868 iam
260 803 413 888 imposita
433 803 500 871 sint
515 804 575 871 tibi
590 826 649 889 pro
665 804 869 888 paenitentia
885 805 1116 870 sacramentali
1139 804 1245 887 quoad
1270 805 1378 870 omnia

138 1007 180 1074 lt.
198 1011 230 1074 3.
262 1009 395 1086 Verum,
420 1008 447 1074 si
472 1009 692 1076 condicionem
708 1009 907 1094 paenitentis
930 1013 1021 1075 reete
1037 1007 1257 1074 consideravit
1273 1007 1377 1087 Titus,

63 1095 183 1162 ridetur
206 1118 280 1163 eum
304 1097 450 1182 potuisse
473 1099 641 1165 remittere
664 1099 734 1164 sine
758 1099 825 1165 ulla
848 1099 1053 1165 absolutione
1069 1101 1103 1163 et
1119 1097 1274 1164 ulteriore
1297 1097 1379 1162 obli·

62 1185 204 1266 godone:
234 1208 310 1252 nam
334 1187 391 1253 vix
415 1188 583 1272 probabile
606 1192 657 1254 est
678 1188 851 1254 Tersillam
881 1208 999 1254 revera
1021 1187 1081 1253 tali
1105 1186 1297 1270 cogitationi
1320 1207 1379 1252 vo·

62 1273 196 1342 luntario
218 1275 409 1342 inhaesisse.
456 1276 547 1354 Quod
578 1299 621 1343 ex
651 1282 730 1344 nota
760 1278 830 1343 eius
854 1277 1054 1344 conscientia
1077 1276 1172 1343 Titus
1202 1275 1379 1341 diiudicare

62 1363 181 1443 debuit,
214 1365 324 1449 petius
348 1387 446 1448 quam
469 1387 512 1431 ex
534 1366 652 1433 timore
675 1366 887 1434 meticulosae
910 1367 1062 1432 feminae.
1109 1364 1143 1430 Si
1166 1365 1268 1448 igitur
1291 1385 1379 1430 com·

61 1453 187 1520 nissum
209 1458 383 1539 peccatum
396 1455 563 1540 probabile
587 1456 787 1521 nullomodo
811 1460 893 1533 erat,
918 1455 1155 1522 absolutionem
1178 1475 1243 1519 non
1268 1453 1380 1520 debuit

60 1542 184 1611 iterare.
240 1543 343 1610 Immo
379 1544 534 1628 quamdiu
565 1544 760 1612 rationabile
794 1547 925 1610 dubium
958 1546 998 1611 de
1037 1543 1209 1610 commisso
1241 1548 1378 1628 peccato

60 1633 190 1710 mansit,
216 1654 388 1717 perperam
412 1633 480 1716 egit
503 1634 597 1700 'litus
620 1635 770 1700 absolute
794 1634 983 1708 absolvens;
1016 1654 1091 1698 nam
1116 1633 1244 1710 debuit,
1269 1632 1297 1697 si
1320 1653 1379 1696 vo-

61 1721 111 1789 luit
134 1722 375 1789 absolutionem
402 1724 488 1800 dare,
514 1724 568 1787 vel
592 1724 817 1789 condicionate
840 1724 1031 1800 absolvere,
1057 1723 1110 1787 vel
1133 1721 1307 1787 Tersillam
1330 1722 1378 1786 iu·

61 1810 139 1889 bere,
164 1815 204 1878 ut
227 1812 332 1877 denuo
355 1811 501 1879 includat
524 1817 661 1895 peccata
684 1813 750 1878 alia
773 1818 863 1880 certa
887 1833 964 1878 mox
987 1815 1153 1878 accusata.

139 1926 181 1993 R.
206 1930 237 1993 4.
285 1927 322 1992 ln
347 1930 483 1994 secundo
506 1949 585 1994 casu
608 1929 702 1994 'litus
725 1934 815 1996 recte
839 1928 968 2011 quidem
993 1927 1077 2010 egit,
1102 1926 1296 2009 imponendo
1320 1947 1440 2004 no·409

60 2035 126 2081 ram
143 2016 399 2101 paenitentiam;
424 2017 482 2082 sed
498 2038 669 2101 perperam
687 2018 826 2095 omnine,
845 2039 909 2082 non
925 2016 1125 2083 absolvendo
1142 2017 1257 2082 denuo.
1292 2014 1378 2080 Nam

61 2105 206 2186 quoniam
231 2110 322 2172 certa
345 2109 440 2172 erant
462 2111 599 2191 peccata
623 2108 764 2173 nondum
788 2112 953 2184 accusata,
978 2106 1086 2189 potuit
1101 2109 1136 2170 et
1159 2104 1270 2170 debuit
1293 2125 1379 2170 nova

61 2193 123 2260 dari
146 2195 311 2261 absolutio
335 2195 596 2274 sacramentalis,
620 2196 718 2279 idque
741 2197 810 2262 sine
834 2196 1031 2262 condicione.

142 2310 182 2376 n.
208 2312 238 2377 5.
285 2309 322 2375 In
346 2314 437 2376 tertio
467 2332 544 2377 casu
575 2311 608 2377 in
641 2312 789 2377 omnibus
813 2315 902 2377 recte
932 2311 1055 2393 egisset
1078 2311 1189 2387 Titus,
1222 2309 1250 2374 si
1275 2308 1379 2376 Guido

60 2404 152 2466 antea
177 2399 265 2482 apud
287 2400 394 2483 ipsum
422 2404 509 2466 esset
540 2401 717 2468 confessus.
766 2402 827 2466 Sed
860 2422 933 2465 curn
964 2401 1050 2484 apud
1080 2401 1179 2466 alium
1210 2398 1380 2464 confessus

60 2488 112 2567 sit,
145 2487 241 2556 'l'itus
264 2489 486 2573 paenitentiae
515 2489 688 2574 impositae
711 2490 845 2572 ignarus
868 2511 933 2555 non
957 2489 1065 2572 potuit
1086 2489 1135 2555 ita
1158 2509 1274 2570 agere:
1304 2509 1379 2553 nam

60 2575 223 2661 incognita
245 2598 355 2656 causa,
380 2578 479 2643 iudex
501 2601 673 2663 perperam
698 2581 768 2662 agit
784 2583 893 2644 actum
910 2578 1104 2645 iudicialem.
1137 2578 1258 2645 Debuit
1280 2577 1381 2660 igitur

59 2665 260 2751 interrogare
277 2667 466 2745 Gnidonem,
483 2688 658 2750 quamnam
675 2669 839 2752 acceperit
854 2668 1106 2752 paenitentiam
1124 2667 1208 2745 dein,
1225 2667 1252 2732 si
1269 2667 1381 2751 paeni·

59 2756 160 2823 tentia
184 2755 339 2839 imposita
361 2778 426 2822 non
449 2761 521 2823 erat
544 2759 639 2823 nimis
663 2757 763 2835 levis,
794 2761 893 2841 atque
923 2758 993 2842 ipse
1023 2757 1178 2842 expedire
1201 2755 1379 2840 putaverit,

58 2845 162 2928 potuit
186 2866 295 2928 agere,
320 2845 405 2912 sicut
428 2846 507 2929 egit.

32 3099 34 3101 ·
55 3056 164 3123 MODI
187 3054 456 3122 INCONSUETI
471 3055 722 3122 IMPONENDI
738 3057 793 3122 ΕΤ
810 3056 1025 3123 IMPLENDI
1041 3056 1378 3124 PAENITENTIAS.

612 3232 723 3298 Casus.
742 3240 818 3308 (118)

144 3381 307 3440 Cassianus
329 3381 545 3450 confessarius,
574 3386 606 3440 ut
628 3381 782 3442 devotulas
805 3405 823 3442 a
844 3403 876 3442 se
898 3390 1064 3455 removeat,
1093 3383 1152 3442 illis
1182 3382 1306 3460 imponit
1327 3401 1379 3458 pro

52 3462 256 3540 paenitentia,
285 3468 317 3521 ut
338 3482 391 3539 per
411 3462 622 3520 hebdomadam
645 3483 663 3522 a
684 3465 887 3522 communione
915 3465 1086 3524 abstineant
1112 3470 1142 3523 et
1162 3484 1216 3540 per
1236 3464 1380 3539 quadran·

51 3553 112 3603 tem
135 3543 172 3601 de
193 3562 248 3602 sua
269 3542 444 3618 indignitate
466 3542 606 3617 cogitent.

145 3640 323 3701 cunibertus
345 3641 514 3715 theologiae
535 3640 686 3699 studiosus
708 3643 840 3713 miratur,
863 3660 928 3700 cum
944 3642 1024 3718 legat
1038 3643 1067 3700 in
1083 3643 1241 3718 theologia,
1264 3642 1380 3701 modum

52 3721 223 3799 implendae
244 3720 470 3779 sacramentalis
492 3720 692 3797 paenitentiae
714 3741 778 3780 eum
800 3742 880 3792 esse,
910 3724 958 3797 qui
980 3725 1010 3780 in
1039 3725 1127 3782 rebus
1154 3724 1220 3798 lege
1241 3723 1379 3782 ecclesia·

53 3803 133 3862 stica
154 3801 359 3879 praescriptis,
381 3820 417 3860 ac
437 3801 522 3877 proin
544 3820 648 3876 preces
670 3802 813 3861 vocaliter
833 3803 954 3861 recitari
975 3804 1088 3863 debere.
1118 3801 1202 3872 Quod
1223 3822 1381 3879 numquam

52 3884 135 3954 iecit,
158 3882 217 3941 nisi
239 3883 315 3940 forte
336 3882 367 3940 in
387 3882 564 3940 recitatione
585 3882 707 3952 rosarii;
729 3902 807 3954 nam,
829 3883 856 3942 si
869 3884 990 3942 litanias
1005 3884 1118 3942 aliasve
1140 3903 1244 3961 preces
1258 3884 1380 3942 fundere

52 3964 101 4022 vel
123 3963 204 4021 viam
227 3962 323 4021 crucis
344 3981 488 4038 peragere
508 3962 609 4021 iussus
630 3962 733 4034 fuerit,
762 3982 795 4022 se
821 3983 858 4022 ex
886 3963 985 4023 libello
1012 3984 1131 4041 precum
1160 3984 1265 4041 preces
1287 3963 1380 4022 oculis

52 4044 202 4103 lustrasse
224 4050 255 4101 et
275 4051 373 4101 niente
393 4042 585 4119 percurrisse.

55 4170 237 4242 Quanmrun
259 4169 287 4224 1⁰
308 4166 463 4243 possintne
483 4166 593 4242 imponi
616 4186 668 4242 pro
690 4167 873 4242 paenitentia
895 4167 1070 4226 omissiones
1085 4187 1206 4244 operum
1227 4169 1379 4237 bonorum,

310 4253 340 4304 et
361 4252 446 4305 actus
468 4266 547 4305 mere
568 4246 686 4306 interni.

257 4345 287 4402 2⁰
308 4344 476 4403 sufficiatne
490 4364 593 4421 preces
608 4345 762 4421 impositas
778 4345 841 4403 sola
856 4352 954 4404 mente
969 4365 1151 4422 percurrere,
1174 4365 1212 4403 an
1227 4363 1301 4403 voce
1315 4364 1380 4420 pro·

309 4425 380 4483 ferri
402 4426 536 4485 debeant.

256 4525 287 4582 3⁰
308 4523 376 4662 effici
398 4522 616 4661 dedprepositis
639 4523 757 4582 casibus
779 4524 933 4583 dicendum
953 4524 1001 4595 sit,
1024 4529 1054 4583 et
1068 4523 1106 4582 ad
1119 4524 1187 4600 quid
1203 4523 1380 4583 cunibertus

311 4623 328 4662 o
361 4623 431 4678 rgan
454 4623 496 4663 us.
