3044 5174
399 290 595 360 Impedimenta
614 290 777 344 matrimonii
795 291 963 346 dirimentis:
983 321 1016 329 -
1035 291 1127 347 Aetas.
1361 298 1426 364 549

93 465 125 524 in
158 464 258 525 animo
281 485 348 525 ease
369 467 458 526 ullam
480 468 741 545 proclamationem
770 467 922 540 omittere;
954 488 1019 527 cum
1042 467 1127 529 Odilo
1148 469 1257 542 instet,
1287 469 1359 530 dicit
1391 490 1425 529 se

93 547 259 623 procedere
281 565 340 605 non
360 566 449 623 posse
470 548 529 607 nisi
550 548 684 607 consulto
706 547 864 607 ordinario.

94 660 277 731 Quanarrun
299 662 328 719 1⁰
349 680 417 719 num
441 661 526 722 Odilo
547 682 566 722 a
586 663 772 722 matrimonio
793 663 921 722 ineundo
943 664 1132 740 repellendus
1153 664 1201 724 ait.

299 759 331 817 2⁰
350 758 419 836 quid
440 760 476 819 de
496 760 619 839 parochi
639 761 725 820 modo
746 760 854 836 agendi
875 761 915 820 sit
936 761 1098 822 dicendum.

693 942 830 1009 Solutio.

188 1083 242 1149 An
265 1104 457 1160 ouausrruu
483 1086 520 1148 lm
544 1083 583 1150 R.
604 1085 631 1149 1.
670 1084 810 1166 Propter
832 1084 967 1150 senilem
991 1088 1137 1150 aetatem
1158 1085 1425 1169 impedimentum
1434 1093 1456 1149 91

96 1173 297 1238 matrimonii
321 1172 476 1239 dirimens
500 1171 655 1250 habetur,
687 1173 833 1254 quand0,
858 1173 957 1239 etiam
981 1173 1134 1252 remedio,
1159 1174 1186 1240 si
1211 1196 1291 1258 opus
1315 1174 1424 1253 fuerit,

97 1261 247 1327 adhibito
271 1283 336 1327 non
357 1261 520 1338 obstante,
545 1261 661 1344 copula
677 1261 873 1344 seminisque
889 1263 1003 1328 effusio
1019 1263 1132 1328 haberi
1148 1269 1306 1346 nequeat3
1331 1264 1423 1342 alias,

97 1350 162 1416 etsi
195 1351 305 1434 proles
337 1351 444 1417 soleat
475 1371 540 1414 non
573 1350 711 1433 amplius
744 1352 911 1434 generari,
943 1373 1008 1417 non
1038 1353 1132 1419 adest
1158 1353 1425 1436 impedimentum

97 1439 267 1505 dirimens.

190 1546 229 1612 R.
247 1549 277 1613 2.
317 1545 436 1623 Quodsi
460 1547 500 1611 da
523 1546 753 1629 impedimento
777 1568 841 1611 non
866 1550 1009 1625 constet,
1035 1548 1092 1613 sed
1115 1569 1218 1613 senex
1241 1548 1311 1631 ipse
1334 1570 1427 1632 spem

98 1635 341 1702 rationabiliter
356 1634 486 1712 retinet,
504 1656 569 1700 non
585 1639 695 1719 potest
711 1636 740 1700 ei
753 1635 995 1701 matrimonium
1007 1636 1165 1704 interdici.
1192 1637 1307 1719 Neque
1320 1639 1428 1703 solent

98 1743 196 1790 senes
219 1726 261 1788 ab
277 1723 425 1789 Ecclesia
448 1745 468 1790 a
492 1725 713 1790 contrahendo
735 1724 942 1791 matrimonio
958 1726 1116 1809 impediri.
1136 1764 1176 1773 —
1193 1727 1310 1808 Neque
1326 1727 1427 1792 etiam

98 1814 162 1879 hac
192 1813 225 1878 in
257 1834 292 1878 re
322 1833 473 1897 compars
504 1814 680 1897 decipitur,
711 1815 773 1879 nisi
803 1814 938 1880 nullitas
968 1815 1166 1880 matrimonii
1197 1821 1287 1881 certa
1315 1815 1426 1881 fuerit.

97 1903 193 1968 Alias
217 1901 303 1968 enim
326 1902 410 1967 scire
433 1903 531 1969 debet
554 1904 596 1968 ad
620 1903 702 1968 filios
725 1903 930 1985 generandos
954 1925 1018 1968 non
1042 1904 1181 1987 amplius
1203 1905 1310 1969 solere
1331 1924 1428 1970 senes

99 2013 174 2058 esse
207 1995 319 2076 aptos,
356 1995 390 2057 et
424 1992 560 2057 coeundi
595 1991 787 2057 facultatem
820 2013 892 2057 esse
927 1992 1068 2058 labilem.
1120 1995 1175 2059 Tb.
1205 2016 1245 2058 m.
1270 1993 1317 2071 ΙΙ,
1350 1994 1428 2058 748.

100 2080 323 2165 Gasparri,
349 2103 379 2147 n.
405 2083 627 2146 26291512.

136 2228 142 2247 ·
191 2203 244 2269 An
268 2224 459 2280 quansmou
476 2206 514 2267 2¹²¹
538 2204 576 2269 R.
598 2208 625 2270 1.
664 2204 862 2269 Dissuadere
878 2203 1119 2269 matrimonium
1142 2205 1304 2288 parochus
1319 2202 1456 2289 potuita

99 2316 167 2360 non
197 2295 303 2358 solum
328 2292 457 2359 Odiloni
487 2293 545 2358 sed
575 2293 674 2359 etiarn
699 2292 818 2357 viduae
848 2293 973 2370 iuveni,
1005 2315 1077 2358 cum
1108 2293 1189 2360 haec
1219 2294 1362 2379 periculo
1391 2314 1428 2359 se

100 2387 263 2467 exponat,
299 2404 340 2447 ne
373 2382 442 2447 vita
475 2382 637 2464 coniugali
670 2382 901 2459 defraudetur,
936 2381 1033 2447 immo
1067 2403 1144 2447 mox
1178 2383 1297 2449 iterum
1328 2382 1428 2449 vidua

100 2473 254 2539 exsistat.
301 2472 439 2555 Insuper
468 2492 650 2554 proponere
681 2470 788 2555 potuit
818 2471 1061 2537 matrimonium
1092 2472 1253 2538 intentum
1285 2471 1428 2538 admira·

100 2561 224 2629 tionem
249 2564 284 2626 et
308 2560 444 2626 dicteria
467 2560 564 2625 facile
589 2560 810 2626 excitaturum
834 2581 916 2626 esse.

193 2667 231 2732 R.
257 2670 288 2733 2.
331 2666 423 2742 Quod
453 2666 544 2731 addit
577 2687 612 2730 se
641 2667 932 2751 proclamationem
962 2668 1084 2732 nullam
1113 2667 1305 2733 omissurum
1336 2688 1428 2734 esse:

101 2757 132 2823 si
165 2757 246 2821 haec
269 2754 467 2834 declaravit,
500 2755 741 2839 dispensatione
772 2757 813 2821 ab
841 2756 1004 2822 ordinario
1038 2778 1102 2822 non
1126 2757 1319 2836 exsistente,
1350 2757 1430 2824 fecit

101 2844 190 2929 quod
222 2845 332 2910 iacere
366 2843 582 2927 obligabatur.
628 2845 716 2910 Nam
739 2867 812 2910 cum
836 2867 941 2928 neque
964 2847 1150 2913 necessaria
1180 2868 1284 2929 neque
1308 2867 1428 2926 urgens

101 2934 189 3000 ratio
219 2934 351 2999 adesset
380 2933 655 3017 proclamationes
681 2934 862 3007 minuendi,
893 2934 973 2998 nihil
997 2935 1148 3002 omittere
1170 2934 1278 3018 potuit
1302 2934 1361 2998 nisi
1387 2955 1429 2998 ex

102 3023 348 3106 dispensatione
378 3022 542 3089 ordinarii.
587 3023 689 3100 Quam
720 3022 996 3106 dispensationem
1019 3029 1132 3107 petere
1156 3045 1220 3088 non
1243 3024 1427 3102 tenebatur,

102 3112 162 3178 aed
186 3112 265 3195 ipsis
289 3111 553 3195 nupturientibus
576 3112 608 3177 id
632 3112 817 3193 relinquere
840 3112 956 3196 potuit.

195 3200 315 3277 Quodsi
339 3200 401 3285 ipsi
425 3201 653 3284 nupturientes
677 3202 806 3266 demum
831 3200 1028 3266 ordinarium
1052 3200 1192 3267 adierint
1210 3204 1310 3282 atque
1326 3199 1430 3266 iacul-

102 3295 208 3357 tatam
234 3290 442 3366 obtinuerint,
468 3296 504 3354 ut
528 3290 741 3373 proclamatio
766 3290 862 3355 unica
883 3313 943 3376 pro
962 3292 1063 3356 trihus
1079 3291 1182 3368 fieret,
1208 3289 1341 3373 parochi
1365 3310 1429 3355 non

102 3385 177 3447 erat
196 3379 335 3463 amplius
351 3378 515 3458 resistere,
536 3380 603 3457 sed,
621 3381 706 3463 quod
723 3379 893 3463 episcopus
910 3380 1110 3456 decreverat,
1127 3379 1267 3444 debebat
1284 3379 1429 3462 exsequi.

194 3487 232 3553 R.
256 3491 286 3553 3.
329 3485 482 3568 Alioquin
506 3492 626 3565 autem,
652 3487 737 3569 quod
761 3486 849 3551 nullo
872 3486 968 3551 modo
992 3485 1133 3551 voluerit
1155 3486 1430 3570 proclamationes

102 3575 248 3659 incipere
271 3596 376 3658 neque
400 3576 442 3640 ad
465 3576 707 3641 matrimonium
731 3576 907 3659 procedere
927 3575 990 3641 nisi
1005 3579 1080 3659 post
1095 3597 1261 3641 recursum
1278 3576 1319 3640 ad
1344 3575 1430 3641 ordi·

101 3666 248 3743 narium,
282 3665 378 3729 nimis
402 3665 531 3731 obstitit
553 3664 833 3750 nupturientibus,
867 3664 921 3746 qui
954 3664 1174 3749 persistebant
1201 3665 1235 3730 in
1258 3665 1431 3730 voluntate

102 3753 302 3820 matrimonii
326 3753 468 3819 ineundi.
508 3754 595 3821 Nam
619 3755 755 3821 absente
779 3753 999 3820 ecclesiastico
1023 3754 1263 3838 impedimento
1288 3753 1430 3837 parocho

102 3865 170 3999 pon
193 3842 271 3908 licet
295 3841 534 3995 matrinponium
559 3844 716 3928 impedire
739 3843 794 3909 vel
817 3864 890 3908 cum
913 3843 1065 3910 molestia
1080 3865 1270 3927 sponsorum
1288 3843 1430 3910 differre.

129 3934 152 4000 f.
180 3931 384 4015 Gasparri
429 3953 487 3997 .c.

539 4120 797 4187 DISPARITAS
820 4122 996 4188 CULTUS.

663 4270 772 4337 Casus.
792 4278 868 4347 (274)

195 4412 337 4471 Felicitas
359 4411 458 4488 puella
479 4411 642 4481 catholica,
671 4429 769 4469 amore
792 4409 872 4469 Galli
892 4409 948 4468 viri
970 4409 1177 4485 protestantici
1198 4415 1301 4486 capta,
1330 4407 1431 4467 matri·

104 4493 204 4556 monio
225 4492 353 4551 ineundo
376 4492 542 4560 consentit3
566 4492 643 4550 datis
665 4490 853 4549 cautionibus
875 4495 905 4549 et
926 4490 1069 4548 facultate
1091 4492 1227 4560 obtenta,
1250 4490 1432 4549 contrahunt

103 4575 254 4642 civiliter,
285 4573 455 4649 religiosam
486 4572 693 4630 caerimoniam
724 4569 898 4647 suppleturi.
947 4570 1021 4629 Post
1049 4570 1165 4628 civilem
1196 4575 1292 4629 actum
1324 4570 1431 4629 Gallus

104 4653 257 4716 Felicitati
285 4653 389 4730 pandit
416 4673 448 4713 ae
477 4671 544 4712 esse
573 4671 611 4711 ex
631 4651 741 4710 ludaeo
770 4655 984 4727 protestantem
1012 4651 1138 4722 factum,
1169 4669 1207 4709 ex
1227 4649 1364 4710 humanis
1384 4669 1431 4709 ra·
