3044 5174
161 251 203 315 50
630 245 670 300 Dc
688 250 858 300 sacramento
877 247 1013 318 baptismi.

162 414 214 479 die
238 417 258 479 3
282 413 362 479 Maii
387 416 472 480 1893
502 413 687 499 respondit:
728 413 927 497 ,Negative,
960 418 996 482 et
1018 418 1190 499 praestare
1220 419 1259 482 ut
1284 416 1485 501 baptismum

162 504 352 570 conferatur
375 504 445 569 sine
468 503 609 587 patrino,
633 503 662 569 si
684 503 783 569 aliter
805 503 876 569 fieri
899 525 964 569 nen
987 505 1121 588 possit.“

250 594 303 657 Ex
327 613 391 674 quo
415 613 571 677 responso
586 613 652 658 666
668 592 756 658 clare
779 591 909 675 quidem
925 593 1073 676 sequitur
1094 593 1128 658 in
1146 596 1260 659 nostro
1276 614 1355 660 casu
1372 593 1484 660 (laium

161 682 247 747 male
271 682 395 764 egisse,
419 681 578 764 siquidem
602 702 793 764 responsum
817 682 897 747 illud
920 702 1019 764 agere
1041 682 1172 748 videtur
1195 682 1236 748 de
1257 681 1299 747 iis
1322 682 1486 750 adiunctis

161 771 195 836 in
219 771 335 854 quibus
358 772 446 836 mala
469 771 526 837 illa
550 791 633 854 quae
657 770 815 837 timentur
837 771 999 836 removeri
1023 771 1192 855 potuerint
1211 791 1271 856 per
1285 771 1485 856 baptismum

162 860 231 925 sine
271 860 336 925 ullo
371 861 501 944 patrino
541 860 771 925 conferendum
803 896 843 905 —
875 861 961 942 quod
999 860 1030 925 in
1071 882 1148 926 casu
1185 859 1254 926 0611
1288 865 1380 928 certo
1415 863 1485 929 fieri

162 971 226 1014 non
248 948 366 1032 potuit.

251 1038 342 1115 Quod
365 1037 451 1103 idem
467 1037 597 1105 videtur
613 1037 780 1103 observari
797 1058 894 1121 posse
915 1037 955 1103 de
975 1037 1159 1103 recentiore
1175 1037 1307 1105 decreto
1322 1040 1358 1106 S.
1377 1039 1485 1124 Officii

162 1128 192 1193 d.
218 1127 248 1192 d.
274 1130 314 1192 27
339 1126 423 1192 16611
448 1129 532 1193 1900
555 1126 700 1192 aLeone
715 1126 794 1192 XIII
818 1127 999 1210 approbato
1023 1127 1075 1192 die
1099 1128 1141 1192 28
1166 1126 1321 1205 eiusdem,
1346 1148 1420 1193 cum
1444 1150 1484 1195 ne

161 1215 1484 1389 11611111111116111661111116161611ῗ111111161111

161 1355 324 1478 baptisnlo
354 1326 515 1460 6661161166
545 1394 742 1459 6661666616
766 1393 896 1459 cuidam
926 1393 1012 1460 filiae
1042 1394 1216 1477 coniugum
1248 1393 1345 1462 mixti
1368 1395 1483 1462 matri·

160 1483 276 1560 monii,
308 1481 363 1565 qui
386 1504 495 1548 coram
519 1503 584 1549 uno
614 1483 764 1548 ministro
793 1483 961 1549 haeretico
985 1487 1251 1551 contraxerunt“.
1298 1483 1357 1550 cui
1380 1504 1483 1569 resp:

164 1573 331 1654 ,Permitti
354 1594 417 1637 uon
440 1570 562 1658 66666.α
610 1571 657 1639 Of.
682 1574 765 1638 Acta
789 1575 822 1640 S.
847 1573 942 1638 Sedis
965 1571 1115 1648 XXXIII,
1140 1575 1216 1640 372.

117 1675 151 1730 85
251 1663 281 1727 2.
314 1661 437 1726 Verum
467 1660 630 1727 difficilius
661 1665 713 1727 est
742 1661 791 1727 ita
818 1661 984 1745 explicare
1012 1682 1203 1745 responsum
1228 1661 1259 1727 S.
1285 1660 1395 1729 Officii
1417 1661 1483 1729 iam

161 1750 216 1815 diu
240 1754 339 1816 antea
362 1750 486 1828 datum,
512 1771 554 1815 ex
577 1771 641 1832 quo
664 1754 759 1834 patet
782 1750 813 1816 S.
832 1749 983 1815 Officium
999 1749 1032 1814 in
1056 1749 1128 1835 ipsa
1146 1750 1344 1816 admissione
1359 1752 1483 1836 patrini

161 1838 318 1905 haeretici
347 1844 463 1905 notare
493 1838 615 1921 aliquid
645 1860 687 1904 ex
710 1860 746 1904 66
769 1839 966 1905 Intrinsecus
988 1839 1083 1918 mali,
1115 1839 1232 1905 saltem
1266 1842 1484 1907 communiter

160 1929 331 2011 loquendo.
378 1929 465 1994 Nam
489 1948 574 1994 anno
600 1931 685 1994 1763
708 1928 880 1994 instructio
911 1929 990 1994 data
1019 1932 1071 1994 est
1094 1928 1136 1993 ad
1159 1928 1262 2012 praef.
1286 1929 1366 1995 Min.
1392 1930 1481 2015 Trip.

161 2017 206 2100 (v.
231 2017 364 2083 Collect.
389 2018 421 2083 S.
446 2017 478 2083 G.
504 2018 544 2082 de
567 2017 664 2101 Prop,
688 2017 777 2094 Fide,
802 2039 832 2083 n.
859 2019 947 2100 606),
971 2017 1004 2082 16
1028 2038 1093 2100 qua
1115 2017 1197 2083 hacc
1220 2023 1415 2085 occurrunt:

255 2107 368 2183 „Alter
391 2104 606 2190 [haereticus]
632 2106 738 2172 aderit
760 2111 798 2171 ut
821 2106 927 2184 testie,
951 2129 1014 2171 uon
1038 2114 1073 2171 ut
1091 2110 1254 2192 patrinus.
1274 2159 1280 2173 .
1299 2159 1332 2174 ..
1366 2108 1432 2174 Sed
1455 2109 1480 2174 si

160 2194 345 2261 haereticus
368 2195 576 2260 nihilominus
599 2216 636 2259 66
664 2195 839 2277 ingesserit
863 2200 896 2261 66
927 2216 1082 2278 expresse
1115 2216 1232 2260 munus
1255 2196 1379 2279 patrini
1403 2198 1482 2263 velit

161 2305 331 2350 exercere:
364 2285 461 2351 debet
492 2281 676 2368 [sacerdos]
708 2284 874 2349 abstinere
903 2285 944 2349 ab
975 2284 1232 2350 administrando
1262 2291 1480 2365 sacramento,

160 2394 265 2455 nequa
289 2378 465 2458 propterca
495 2374 570 2456 angi
600 2373 686 2455 quod
708 2374 853 2456 potuerit
875 2373 946 2438 fieri
969 2373 1155 2457 profanatio
1178 2374 1378 2441 sacramenti
1402 2377 1481 2460 bap·

160 2463 250 2528 tismi
280 2484 376 2545 quern
406 2463 493 2529 forte
523 2463 677 2528 sacerdos
704 2462 931 2530 schismaticus
961 2463 1013 2528 vel
1044 2462 1095 2527 vir
1124 2466 1313 2546 protestans
1342 2464 1481 2530 admini-

161 2557 326 2618 straturus
341 2551 395 2618 sit.
427 2551 513 2617 Nam
530 2552 679 2618 minister
694 2551 873 2618 catholicus
889 2551 964 2617 huic
979 2551 1027 2618 rei
1042 2573 1108 2616 non
1120 2556 1332 2636 cooperatum
1348 2555 1410 2620 sed
1424 2576 1482 2638 per

161 2641 390 2706 admissionem
422 2641 578 2706 haeretici
610 2640 731 2725 patrini
763 2662 805 2706 ne
836 2641 982 2708 evitatur
1014 2640 1141 2724 quidem
1174 2643 1375 2710 sacramenti
1407 2665 1481 2728 pro-

161 2730 287 2796 fanatio
301 2734 335 2796 et
350 2730 565 2796 committitur
580 2729 767 2814 cooperatio
787 2730 828 2795 ad
841 2733 1010 2813 peccatum
1024 2731 1165 2795 alienum
1178 2731 1263 2813 quod
1276 2732 1482 2800 committere

160 2841 225 2885 uon
247 2819 353 2886 116661

249 2910 339 2990 Ergo
353 2908 384 2973 S.
399 2907 550 2973 Officium
566 2912 658 2973 tenet
673 2907 706 2972 16
720 2907 877 2973 haeretici
893 2905 1015 2990 patrini
1032 2906 1228 2972 admissione
1244 2929 1318 2973 esse
1332 2909 1481 2977 illicitam

161 2998 323 3081 quandam
348 2996 672 3063 communicationem
688 2997 719 3061 in
737 2996 840 3062 sacris
864 3000 962 3079 atquc
983 2995 1184 3061 sacramenti
1206 2997 1479 3081 profanationem.

250 3087 340 3164 Quod
358 3086 559 3153 enucleatius
578 3086 696 3152 dicitur
717 3085 751 3151 in
775 3085 841 3151 alia
855 3085 1070 3152 instructione
1086 3086 1118 3152 S.
1136 3085 1244 3151 Officii
1260 3087 1290 3154 d.
1309 3088 1340 3154 d.
1359 3091 1381 3154 8
1399 3089 1479 3155 Iunii

161 3176 196 3258 (l.
222 3197 248 3244 c.
279 3198 311 3242 n.
338 3177 438 3258 1843)
468 3175 502 3239 in
532 3196 597 3257 qua
625 3175 712 3241 inter
744 3175 809 3241 alia
839 3174 921 3240 haec
951 3175 1130 3240 hahentur:
1165 3175 1337 3252 ,Illicitum
1369 3182 1423 3246 est
1449 3179 1480 3244 in

162 3265 264 3330 sacris
294 3263 516 3330 functionibus
546 3264 729 3330 haereticos
757 3265 790 3329 in
814 3264 946 3328 chorum
969 3265 1128 3341 invitare,
1160 3265 1296 3330 alternis
1327 3268 1479 3350 psallere,

161 3354 239 3418 dare
263 3353 303 3418 iis
326 3374 450 3437 pacem,
474 3374 586 3419 sacros
602 3354 736 3431 cineres,
762 3353 915 3419 candelas
939 3358 972 3419 66
988 3353 1115 3436 palmas
1137 3353 1328 3421 benedictas
1351 3356 1480 3440 aliaque

161 3443 194 3507 id
217 3464 321 3523 genus
345 3441 473 3509 externi
490 3444 607 3520 cultus,
632 3464 715 3525 quae
730 3442 895 3508 interioris
919 3442 1041 3507 vinculi
1061 3463 1101 3507 66
1116 3444 1340 3510 consensionis
1363 3445 1480 3512 indicia

160 3532 230 3597 iure
254 3531 434 3614 meritoque
459 3532 699 3610 existimantur,
725 3532 842 3597 tamin
863 3553 960 3597 sensu
980 3531 1099 3609 activo,
1124 3532 1275 3596 nimirum
1298 3533 1422 3601 similia
1443 3536 1479 3600 iis

161 3621 277 3698 dando,
303 3643 399 3705 quam
426 3621 556 3703 passivo
580 3622 621 3686 ab
644 3621 685 3685 iis
707 3620 740 3684 in
765 3641 875 3685 eorum
900 3621 1001 3686 sacris
1026 3620 1242 3703 accipiendos

250 3711 345 3776 Unde
367 3714 461 3793 66666
476 3711 510 3792 6)
526 3731 584 3794 666
601 3731 637 3774 66
653 3710 849 3775 intrinsecus
864 3711 953 3775 mala
967 3710 1020 3775 hic
1036 3710 1144 3775 notari
1167 3710 1336 3792 quodlibet
1351 3711 1477 3796 signum

162 3820 226 3882 quo
256 3799 458 3881 significetur
488 3820 664 3864 consensus
696 3799 835 3862 hominis
865 3799 1016 3864 catholici
1050 3821 1121 3864 cum
1153 3800 1337 3866 acatholico
1369 3802 1405 3868 in
1431 3823 1478 3868 re·

161 3888 290 3971 hgicnis
314 3889 517 3972 professione
533 3889 585 3953 vel
602 3889 691 3953 cultu
711 3888 874 3970 religioso,
899 3909 937 3952 ac
954 3888 982 3952 si
997 3889 1084 3953 iuter
1102 3892 1275 3971 utramque
1291 3889 1478 3958 denomina-

161 3978 293 4055 tionem,
318 3978 512 4043 catholicam
529 3982 563 4043 et
585 3977 811 4054 acatholicam,
837 3978 1012 4042 essentiale
1036 3977 1207 4042 discrimen
1231 4000 1296 4044 non
1321 3980 1477 4051 adfuerit:
1513 4016 1521 4042 -·

161 4067 294 4150 insuper
317 4071 409 4150 patet
426 4067 457 4134 S.
476 4066 625 4133 Officium
642 4068 676 4148 h)
691 4066 919 4132 admissionem
936 4066 1093 4134 haeretici
1117 4066 1236 4151 patrini
1255 4091 1314 4153 per
1336 4091 1376 4136 se
1401 4071 1479 4139 inter

161 4156 219 4221 1116
241 4156 338 4237 signa
361 4177 536 4221 consensus
560 4157 720 4222 collocare
743 4176 779 4220 re
802 4157 883 4238 ipsa.

119 4270 152 4322 86
252 4245 439 4311 1161666616
469 4246 634 4327 quaelibet
669 4245 826 4309 eiusmodi
861 4245 956 4326 signa
988 4244 1142 4310 exhibere
1177 4265 1250 4310 esse
1283 4245 1478 4314 intrinsecus

163 4335 283 4399 malum
315 4335 443 4398 omnino
478 4334 648 4399 fatendum
683 4338 743 4399 est.
798 4334 844 4399 At
874 4335 1023 4400 dubitare
1057 4335 1134 4398 licet
1168 4355 1246 4398 num
1280 4335 1477 4405 haereticum

162 4424 326 4505 patrinum
351 4424 526 4489 admittere
549 4424 582 4487 in
606 4425 794 4509 quibuslibet
824 4427 986 4490 adiunctis
1016 4428 1050 4488 et
1074 4423 1263 4508 quibuslibet
1291 4428 1478 4514 temporibus

163 4533 221 4594 pro
244 4514 303 4577 tali
328 4512 421 4595 signo
437 4513 551 4578 haberi
568 4513 695 4578 debeat.
728 4512 847 4588 Quodsi
873 4514 920 4578 ita
936 4535 1008 4577 esse
1032 4512 1162 4587 (1166616,
1188 4513 1220 4577 id
1245 4535 1364 4582 eruere
1388 4518 1478 4584 debes

164 4603 215 4666 vel
241 4623 282 4666 ex
307 4608 427 4669 666666
449 4603 496 4666 661
521 4603 573 4666 661
598 4623 639 4667 cx
664 4601 891 4668 aestimatione
915 4602 1089 4666 hominum.
1127 4602 1178 4665 Ex
1202 4607 1324 4671 natura
1349 4607 1398 4673 rei
1420 4627 1476 4673 non
1510 4627 1518 4642 ⁴
