3044 5174
379 288 505 344 Minister
523 290 625 361 poenit.
644 318 680 327 -
698 305 810 343 casuum
828 290 986 344 reservatio.
1279 292 1344 356 283

612 466 748 534 Salutio.

105 607 159 672 An
182 628 374 683 cunnsrrun
401 610 437 672 1¹¹¹
461 607 499 672 u.
526 610 554 673 1.
602 607 743 672 Dubium
773 608 897 673 nullum
927 608 1078 692 est'quin
1107 613 1214 674 cesset
1236 617 1405 672 roser-497

76 695 107 761 io
131 717 190 780 per
214 695 451 761 confessionem
475 696 538 761 rite
562 700 596 762 et
619 698 727 762 valide
750 696 874 762 factam
898 698 985 780 apud
1008 696 1207 782 superiorem
1231 697 1343 762 eiusve

76 793 222 867 matum,
256 786 308 850 vel
332 786 419 869 apud
442 784 620 868 quemlibet
650 786 884 852 confessarium
916 787 1023 868 quoad
1046 791 1218 853 reservata
1240 786 1343 870 privi-

76 875 185 940 iatum.
232 875 319 940 Nam
343 876 376 939 in
406 875 555 940 omnibns
584 874 649 939 illis
679 876 809 940 casibus
831 880 1002 959 peccatum
1026 875 1107 940 illud
1139 876 1262 942 directe
1286 875 1344 940 ab·

76 968 160 1029 atum
184 968 235 1028 est
258 985 363 1046 neque
387 964 526 1047 amplius
550 963 613 1030 erit
636 965 794 1046 obligatio
811 965 891 1029 illud
907 969 1082 1047 utcumque
1098 963 1215 1030 iudicio
1232 985 1344 1030 sacra-

76 1053 152 1118 utali
176 1053 332 1119 subicere.
365 1052 571 1138 Quapropter
593 1053 620 1118 si
644 1053 717 1135 quis
740 1054 844 1119 denuo
868 1075 926 1137 pro
949 1054 1103 1121 libertate
1120 1058 1154 1120 at
1169 1053 1345 1120 devotione

75 1142 163 1206 illins
187 1142 314 1225 peccati
337 1146 489 1219 accusat,
515 1163 535 1208 a
558 1142 703 1225 quolibet
727 1143 926 1208 confessario
950 1143 1204 1220 absolutionem,
1228 1145 1345 1225 utpote

80 1233 221 1296 materia
243 1230 365 1308 libera,
396 1231 541 1315 recipere
564 1234 690 1314 potest:
721 1231 783 1296 nisi
807 1232 953 1316 excipias
982 1237 1154 1316 peccatum
1178 1230 1345 1315 complicis

76 1321 214 1385 materia
236 1320 334 1404 turpi,
360 1321 445 1402 quod
468 1319 501 1384 in
525 1320 729 1386 confessione
753 1321 839 1406 apud
862 1321 1067 1388 sacerdotem
1091 1320 1280 1405 complicem
1304 1341 1345 1386 ne

76 1409 157 1474 teria
180 1409 283 1476 libera
306 1408 436 1491 quidem
461 1429 533 1474 esse
556 1413 677 1493 potest.

106 1515 145 1582 R.
171 1518 201 1582 2.
233 1515 285 1580 Ex
309 1515 508 1581 auctoritate
531 1515 758 1597 theologorum
783 1516 950 1599 probabile
973 1521 1025 1582 est
1048 1516 1195 1598 qualibet
1217 1515 1345 1581 sincera

76 1605 180 1669 valida
204 1605 409 1670 confessione
432 1605 518 1688 apud
542 1605 744 1689 superiorem
759 1606 813 1670 vel
830 1605 1063 1671 confessarium
1089 1605 1344 1690 privilegiatum,

76 1693 148 1759 rmsi
170 1694 297 1777 peccati
321 1694 408 1759 illius
430 1695 593 1760 reservati
616 1694 787 1777 paenitens
810 1695 1052 1779 inculpabiliter
1075 1694 1195 1759 oblitus
1218 1695 1272 1770 sit,
1295 1717 1345 1760 rc·

76 1786 225 1848 rationem
254 1783 341 1848 illius
365 1783 492 1867 peccati
516 1783 648 1849 auferri.
675 1783 805 1866 *Atque
827 1784 876 1850 ita
905 1783 1052 1849 accusem
1076 1783 1206 1867 quidem
1229 1788 1346 1867 postea

76 1877 188 1937 ¹catum
219 1872 299 1937 illud
330 1872 446 1948 debet,
480 1872 602 1938 sufficit
631 1875 741 1938 autern
773 1878 810 1939 ut
839 1878 1012 1939 accusetur
1044 1876 1078 1939 et
1111 1872 1302 1938 absolvatur
1325 1894 1346 1937 a

76 1962 163 2027 »libet
187 1961 397 2028 confessario,
430 1961 501 2026 Hoc
516 1961 564 2027 ita
587 1961 795 2026 nihilominus
811 1962 967 2044 restringi
989 1962 1096 2041 debet,
1119 1966 1157 2027 ut
1172 1967 1346 2027 censeatur

76 2049 200 2116 ervatio
225 2072 289 2115 non
313 2050 460 2128 sublata,
484 2050 512 2114 si
536 2050 679 2135 positiva
702 2051 788 2116 ratio
811 2051 925 2116 subest
947 2051 1110 2116 iudicandi
1133 2050 1343 2134 superiorem,

75 2139 258 2205 audivisset
288 2138 369 2204 illud
401 2143 588 2222 peccatum,
620 2139 796 2205 dilaturum
826 2140 928 2206 fuisse
958 2139 1205 2206 absolutionem,
1252 2139 1346 2204 Alias

76 2250 129 2293 em
154 2232 306 2294 censetur
329 2228 478 2310 superior
501 2229 553 2292 vel
577 2228 797 2294 confessarius
826 2229 1056 2313 privilegiatus
1086 2228 1266 2294 absolvisse
1295 2227 1346 2306 ¹‚iu

76 2323 176 2383 tntum
199 2339 333 2401 possum
357 2321 390 2382 θῖ
413 2322 449 2383 tu
473 2317 639 2398 indiges“:
670 2319 779 2402 potuit
801 2324 911 2385 autem
944 2318 1062 2384 saltem
1086 2317 1345 2384 reservationem

76 2410 159 2473 erre.
207 2408 239 2474 S.
263 2407 381 2490 Alpb.
407 2406 463 2485 Vl,
489 2409 562 2473 597.

106 2505 146 2570 It.
172 2507 202 2571 3.
236 2504 337 2569 Immo
360 2504 543 2570 reservatio
567 2504 780 2587 probabiliter
803 2510 921 2582 cessat,
946 2506 1075 2587 quando
1098 2509 1268 2588 peccatum
1292 2525 1346 2570 re·

76 2598 189 2659 vatum
213 2598 402 2659 accusatum
433 2598 485 2658 est
507 2593 594 2676 apud
624 2593 824 2676 superiorem
849 2594 902 2658 vel
926 2594 1160 2659 confessarium
1184 2593 1345 2660 facultate

76 2688 186 2758 ratum,
211 2682 341 2749 etiarnsi
364 2682 465 2748 fuerit
480 2681 641 2747 confessio
657 2683 812 2761 invalida,
837 2683 899 2760 vel,
917 2704 981 2748 non
997 2688 1110 2749 tamen
1125 2682 1252 2749 ratione
1268 2704 1345 2766 pec-

75 2773 85 2836 i
106 2772 278 2848 reservati,
303 2771 474 2853 sacrilega,
522 2771 554 2836 S.
578 2771 686 2854 Alph.
711 2772 732 2838 l.
757 2793 784 2838 c.
809 2792 840 2837 n.
866 2772 940 2837 598.

109 2862 146 2926 ln
171 2882 233 2943 quo
258 2882 336 2925 casu
366 2860 516 2925 similiter
544 2866 715 2944 paccatum
747 2864 784 2925 ut
814 2864 913 2926 antea
937 2861 1041 2925 denuo
1065 2859 1213 2925 accusari
1238 2860 1343 2936 debet,

75 2972 117 3015 no
141 2950 251 3015 omnia
279 2953 433 3034 peccata,
467 2953 603 3034 possunt
633 2954 744 3015 autem
774 2950 861 3033 apud
891 2949 1126 3014 confessarium
1156 2948 1343 3031 quemlibet.

76 3040 118 3105 tio
157 3044 267 3104 autom
303 3046 373 3115 est,
409 3039 494 3120 quod
530 3038 679 3121 superior
715 3038 755 3102 de
793 3040 850 3103 lroc
887 3042 1023 3122 peccato
1058 3042 1148 3104 reete
1186 3037 1345 3104 iudicavit

79 3129 165 3210 dque
195 3127 397 3212 paenitentia
427 3127 580 3211 imposita
604 3127 741 3209 punivit.
774 3164 815 3172 —
848 3127 976 3192 Dicitur
1000 3131 1111 3193 autem
1140 3126 1219 3204 „nisi
1242 3126 1345 3192 sacri·

76 3240 95 3282 a
128 3218 190 3282 fuit
221 3216 382 3282 confessio
412 3217 540 3282 ratione
571 3216 673 3299 ipsius
704 3217 830 3299 peccati
861 3216 1054 3293 reservati“‚
1088 3237 1127 3281 ec
1157 3215 1243 3298 quod
1274 3215 1344 3282 scil.

76 3307 190 3372 mitens
214 3306 318 3389 ipsum
343 3305 422 3370 illud
446 3308 547 3371 notarit
569 3306 602 3369 in
625 3310 792 3389 posterum
815 3305 933 3383 vitare,
958 3307 1011 3370 vel
1027 3304 1213 3387 impositam
1232 3305 1345 3389 paeni-

78 3398 156 3462 tiam
182 3399 282 3460 noluit
305 3398 444 3480 inplere.
476 3395 562 3459 Nam
580 3394 605 3459 si
623 3393 670 3459 ita
686 3398 746 3473 θεῖ,
771 3394 919 3478 superior
935 3416 998 3459 uon
1018 3399 1129 3478 potest
1145 3395 1271 3459 censeri
1286 3415 1346 3460 vc-

76 3507 118 3550 rse
142 3485 242 3549 ullum
265 3485 391 3568 peccati
408 3484 572 3549 vinculum
588 3484 727 3562 solvere,
751 3484 843 3567 proin
867 3505 908 3548 ne
929 3483 1188 3550 reservationem
1204 3483 1344 3566 quidem.

109 3583 148 3648 R.
169 3585 200 3648 4.
240 3582 330 3659 Quod
354 3582 477 3646 dictum
500 3585 551 3646 est
574 3581 612 3646 R.
638 3584 657 3646 2
682 3585 716 3646 et
739 3583 769 3657 3,
794 3581 891 3647 aliter
913 3581 1060 3664 intellegi
1084 3581 1191 3658 debet,
1216 3582 1243 3646 si
1268 3590 1407 3647 con-498

76 3672 119 3737 sio
150 3671 240 3737 facta
270 3676 320 3736 est
351 3671 519 3736 occasione
550 3676 584 3736 θῖ
614 3669 646 3734 vi
676 3669 812 3734 alicuius
842 3670 990 3749 iubilasi‚
1020 3671 1053 3734 in
1082 3691 1145 3752 quo
1170 3670 1249 3737 data
1273 3676 1346 3737 erat

76 3762 169 3826 nibus
192 3760 400 3825 confessariis
423 3760 566 3824 facultas
590 3758 779 3824 absolvendi
803 3780 823 3823 a
846 3759 1034 3826 reservatis.

110 3851 192 3914 Tum
216 3851 302 3915 enim
327 3871 367 3914 ex
391 3870 457 3913 una
479 3852 573 3931 purte
597 3856 712 3913 certam
737 3852 788 3912 est
812 3869 885 3912 eum
910 3849 964 3930 qui
985 3849 1094 3914 valide
1110 3848 1278 3913 confessus
1295 3851 1346 3913 est

77 3960 178 4023 opera
195 3940 233 4003 ad
257 3939 446 4003 lucrandum
463 3938 636 4002 iubilaeum
653 3937 857 4020 praescripta
872 3938 1048 4020 praestitit,
1074 3937 1202 4003 etiamsi
1218 3936 1346 4021 peccati

76 4028 182 4094 ervati
206 4027 305 4093 fuerit
322 4027 451 4102 oblitus,
476 4048 572 4110 posse
589 4026 714 4090 absolvi
731 4032 847 4110 postea
863 4049 883 4091 a
900 4027 1053 4108 quolibet.
1093 4027 1156 4092 Per
1171 4027 1346 4091 iubilaeum

76 4141 104 4183 m
129 4118 180 4182 ius
201 4117 375 4199 acquisivit
391 4117 490 4180 semel
508 4116 715 4199 accipiendae
732 4116 944 4180 absolutionis
962 4138 981 4181 a
998 4115 1140 4199 peccatis
1156 4115 1345 4183 reservatis.

110 4208 233 4271 Verum
257 4228 298 4271 ex
322 4200 428 4271 altera
451 4212 546 4289 parte
569 4204 667 4271 etiam
692 4210 823 4271 constat
846 4226 919 4270 eum
945 4206 1006 4270 hoc
1029 4206 1143 4269 favore
1166 4204 1215 4270 uti
1238 4204 1346 4269 valide

76 4320 82 4362 r
116 4296 261 4380 potuisse
285 4295 345 4359 nisi
370 4295 496 4360 ratione
526 4294 656 4359 iubilaei
679 4316 737 4358 seu
760 4294 983 4377 indulgentiae
1006 4294 1137 4358 iubilaei
1160 4293 1345 4360 lucrandae.

76 4387 93 4452 ri
127 4385 229 4468 igitur
257 4385 415 4449 sinceram
442 4385 645 4449 voluntatem
676 4383 790 4449 habuit
820 4405 878 4466 per
902 4405 1002 4467 opera
1031 4382 1235 4465 praescripta
1257 4383 1346 4448 illam

77 4475 259 4557 uigentiam
282 4473 439 4551 lucrandi,
464 4495 484 4538 a
499 4473 678 4538 reservatis
698 4494 757 4555 per
773 4472 949 4554 quemlibet
965 4471 1199 4536 confessarium
1215 4470 1348 4536 liberari

76 4589 83 4629 r
109 4563 229 4648 potuit.
273 4566 317 4629 At
341 4562 427 4626 inter
450 4584 551 4645 opera
574 4561 777 4645 praescripta
799 4562 943 4626 refertur
966 4558 1126 4625 confessio
1151 4580 1254 4641 eaque
1277 4560 1347 4624 sine

76 4655 118 4720 ›io
142 4652 263 4717 valida.
303 4652 409 4729 Quare
433 4652 487 4733 qui
511 4651 617 4716 sciens
639 4650 782 4715 invalide
806 4671 863 4714 seu
887 4650 1046 4731 sacrilege
1062 4650 1246 4723 confitetur,
1271 4669 1347 4712 con·
