3044 5174
362 287 489 342 Minister
506 287 608 358 poenit.
626 317 662 325 —
681 286 780 354 agendi
798 286 868 340 ratio
886 304 948 341 cum
966 286 1143 342 moribundis.
1351 293 1417 358 357

175 467 216 533 R.
242 469 273 534 2.
321 466 382 543 Qui
412 466 545 549 longam
577 465 679 532 vitam
710 467 744 531 in
773 465 919 550 peccatis
949 465 1060 544 duxit,
1094 466 1275 534 contractis
1304 467 1417 552 pravis

81 555 264 634 habitibus,
288 555 322 621 in
346 555 469 621 maiore
492 555 638 640 periculo
654 558 707 620 est
721 560 798 639 poet
813 555 1111 622 reconciliationem
1136 577 1208 621 cum
1223 556 1294 622 Deo
1310 556 1417 623 denuo

82 645 228 711 labendi.
282 647 328 712 Et
358 665 555 727 quamquam
586 649 796 713 sacramenta
825 644 1034 710 morientium
1064 644 1229 729 peculiare
1259 646 1418 712 auxilium

82 734 280 799 moribundo
304 733 492 811 conferunt,
522 738 635 800 tamen
665 733 812 818 pericula
840 735 953 818 lapsus
982 756 1047 799 non
1077 735 1175 818 plane
1205 739 1418 803 evanescunt.

83 824 139 888 Ex
163 845 227 906 quo
250 844 338 889 nova
361 824 466 890 oritur
488 823 588 900 ratio,
613 845 671 888 cur
692 823 855 907 parochus
878 823 1087 889 Cunibertnm
1113 824 1317 906 frequentius
1339 825 1418 890 visi-

83 918 161 978 tare
190 913 319 979 debeat.
351 952 394 960 -
423 912 499 996 lpse
522 932 601 977 vero
625 912 835 988 Cunibertns‚
866 918 1017 996 respectu
1049 911 1190 979 hnmano
1222 914 1416 997 postposito,

84 1000 200 1068 debuit
223 1002 401 1086 parochum
417 1001 560 1067 aliumve
574 1002 779 1068 sacerdotem
799 1022 976 1082 accersere,
1000 1022 1106 1083 neque
1121 1003 1238 1069 timere
1254 1024 1295 1068 ne
1311 1002 1419 1088 euspi-

85 1091 215 1156 cionem
246 1094 362 1157 contra
391 1111 427 1155 ee
460 1090 631 1156 excitaret.
678 1091 765 1156 Nam
796 1090 967 1174 spirituale
998 1091 1155 1157 auxilium
1178 1093 1362 1158 sacerdotis
1384 1092 1418 1157 in

85 1180 232 1264 periculo
255 1179 371 1245 mortis
393 1179 571 1245 identidem
596 1179 783 1246 desiderare
805 1180 993 1246 nullatenus
1016 1180 1146 1262 signum
1175 1187 1227 1246 est
1250 1180 1419 1247 couscien-

84 1269 155 1335 tiae
172 1273 330 1335 oneratae
341 1269 399 1334 sed
417 1268 638 1334 conscientiae
650 1272 785 1335 tenerae
797 1273 832 1335 et
844 1268 1002 1353 providae
1013 1269 1166 1354 propriae
1179 1270 1296 1336 salutis
1308 1292 1417 1338 curae.

178 1376 218 1442 It.
236 1380 266 1445 3.
290 1375 458 1441 Perochus
473 1375 607 1441 studere
623 1376 752 1459 quidem
769 1376 867 1441 debet
883 1380 929 1453 ut,
947 1381 1105 1458 quantum
1121 1375 1191 1442 fieri
1207 1397 1267 1461 per
1282 1376 1480 1443 circum-629

87 1465 233 1532 stantiae
256 1464 371 1549 possit,
396 1469 528 1549 praesto
552 1465 596 1531 eit
619 1465 651 1529 in
676 1465 747 1548 ipsa
763 1468 880 1543 morte,
906 1470 939 1532 et
955 1465 1084 1543 saltem,
1108 1465 1136 1531 si
1151 1487 1272 1531 novum
1289 1467 1420 1549 signum

86 1554 211 1620 doloris
233 1554 445 1619 moribundus
469 1553 597 1620 dederit
620 1553 922 1637 absolutionemque
946 1554 1194 1632 desideraverit,
1218 1556 1303 1621 hanc
1326 1555 1419 1622 iden·

86 1643 190 1710 tidem
214 1642 261 1708 illi
285 1644 473 1709 concedere.
505 1642 608 1708 Immo
633 1644 665 1709 S.
682 1642 840 1727 Alphone.
864 1644 898 1707 in
921 1643 993 1727 ipsa
1017 1664 1170 1708 sensuum
1195 1644 1418 1724 destitutione,

88 1734 219 1814 quando
242 1733 421 1817 periculum
445 1731 561 1798 mortis
584 1738 660 1798 actu
685 1736 799 1815 instet,
831 1732 859 1797 si
889 1733 1100 1798 moribundus
1124 1732 1246 1798 diutius
1269 1735 1419 1800 sensibus
1458 1792 1461 1797 .

87 1821 268 1889 destitutus
291 1821 445 1889 videatur
466 1821 585 1899 iacere,
609 1828 662 1888 ter
685 1826 845 1904 quaterve
868 1821 902 1887 in
926 1822 978 1887 die
995 1822 1232 1888 absolutionem
1258 1823 1420 1888 condicio·

88 1915 168 1978 nate
199 1910 303 1995 repeti
334 1932 432 1995 posse
461 1911 557 1977 dicit:
588 1912 610 1979 l.
635 1932 661 1977 c.
694 1932 724 1977 n.
750 1913 815 1976 482
847 1914 881 1976 et
904 1913 998 1977 Hom.
1024 1920 1122 1997 oport.
1147 1915 1189 1977 tr.
1217 1915 1274 1990 16,
1305 1935 1336 1979 n.
1363 1915 1416 1987 37,

87 2001 256 2083 suggestis
279 2003 379 2066 antea
395 2000 522 2066 actibus
538 2000 697 2065 virtutum
715 1999 973 2082 theologicarum
990 2005 1024 2066 et
1040 2000 1256 2079 contritionis,
1281 2000 1309 2066 ei
1332 2001 1419 2068 forte

88 2089 221 2174 reipsa
245 2091 294 2155 sni
318 2111 450 2173 compos
474 2089 518 2155 sit
541 2090 793 2172 loquentemque
816 2089 986 2173 percipiat.

179 2195 219 2260 it.
244 2201 274 2261 4.
307 2194 465 2271 Quoniam
482 2216 561 2260 vero
577 2195 739 2278 parochus
755 2195 930 2276 aliquando
954 2215 1060 2277 neque
1082 2195 1154 2279 ipso
1171 2215 1328 2279 praesens
1346 2216 1419 2261 esse

88 2304 196 2366 neque
219 2284 359 2350 alterum
383 2285 588 2350 sacerdotem
603 2285 736 2351 mittere
760 2288 879 2367 potest,
904 2287 939 2349 et
962 2283 1115 2366 quoniam
1131 2305 1308 2366 numquam
1324 2284 1419 2351 abest

88 2373 271 2457 periculum
295 2395 346 2451 ne,
372 2373 448 2438 dum
473 2375 653 2440 advocetur
675 2374 838 2451 sacerdos,
863 2373 1074 2439 moribundus
1098 2373 1261 2457 exspiret:
1285 2373 1420 2458 parochi

88 2462 234 2528 officium
257 2467 310 2528 est
332 2462 497 2528 instruere
521 2463 663 2546 aliquam
689 2484 861 2546 personam
885 2464 973 2548 piam
997 2484 1039 2527 ex
1056 2462 1206 2545 cognatis
1222 2463 1350 2546 aegroti
1366 2463 1419 2529 vel

88 2573 174 2634 quae
198 2556 335 2634 aegroto
359 2552 494 2629 serviat,
518 2557 556 2618 ut
579 2552 720 2636 saepius,
744 2552 902 2636 imprimis
926 2556 1031 2618 morte
1051 2552 1208 2630 instante,
1231 2553 1419 2636 praeeundo

88 2662 163 2706 oum
187 2641 244 2707 illo
268 2640 379 2706 eliciat
402 2641 549 2708 breviter
571 2646 666 2708 actus
688 2641 782 2719 fidei,
806 2642 874 2725 spei
900 2647 933 2707 et
956 2641 1101 2707 maxime
1124 2641 1274 2708 caritatis
1297 2641 1420 2709 contri·
1479 2670 1481 2674 ⁴

86 2730 254 2813 tionisque
277 2730 454 2815 perfectae.
503 2730 555 2796 Sic
579 2731 663 2796 enim
688 2732 741 2796 vel
765 2731 918 2797 meritum
941 2731 1071 2813 aegroti
1099 2730 1234 2813 augebit
1257 2731 1310 2796 vel
1334 2752 1419 2810 eum,

87 2819 118 2885 ei
141 2821 228 2886 forte
252 2820 362 2901 aliqua
385 2820 569 2886 tentatione
593 2820 701 2886 victus
730 2821 843 2904 lapsus
866 2819 983 2895 fuerit,
1013 2819 1047 2885 in
1071 2823 1195 2886 etatum
1226 2820 1355 2901 gratiae
1385 2826 1420 2887 et

90 2909 204 2975 meriti
227 2909 382 2976 restituet
405 2913 505 2992 atque
528 2930 587 2992 pro
612 2915 748 2976 aeterna
770 2909 842 2976 vita
865 2909 1018 2976 salvabit.
1070 2910 1126 2976 Th.
1150 2931 1192 2975 m.
1216 2908 1258 2987 II,
1283 2911 1358 2975 647.

343 3099 668 3166 ocurnseamns
692 3099 1057 3167 Moereunnouun
1081 3098 1167 3181 (111).

656 3265 766 3331 Casus.
788 3273 865 3340 (184)

180 3404 333 3475 Getulius,
364 3405 413 3480 qui
441 3405 694 3481 aquinquaginta
725 3406 812 3464 annis
839 3405 1012 3480 religionem
1039 3424 1098 3464 non
1127 3404 1253 3481 amplius
1275 3406 1418 3479 exercuit,

86 3485 236 3545 catholice
257 3491 373 3544 tautum
394 3486 579 3562 baptizatae,
601 3486 734 3561 graviter
753 3506 833 3544 nunc
855 3491 998 3560 aegrotat.
1040 3485 1127 3553 Puer,
1150 3487 1271 3544 orbatus
1291 3486 1420 3562 parenti·

84 3568 161 3637 bue,
190 3565 336 3624 incideret
357 3565 388 3624 in
410 3566 593 3625 seductorem
623 3586 658 3624 ac
687 3566 770 3624 brevi
792 3567 918 3643 ipsemet
939 3566 1074 3624 omnibus
1095 3565 1178 3624 vitiis
1198 3567 1304 3642 plenus
1325 3566 1419 3642 pessi·

84 3665 165 3705 marn
186 3645 279 3705 vitam
301 3646 394 3717 duxit,
417 3648 494 3705 bone
515 3653 615 3706 tamen
636 3647 756 3705 fortuna
776 3666 849 3706 usus
871 3652 917 3705 est
938 3665 976 3704 ex
990 3646 1174 3706 matrimonio
1190 3665 1255 3705 oum
1270 3645 1418 3707 ditissime

84 3727 187 3802 puelle
208 3732 378 3797 contracto;
402 3727 449 3785 cui
471 3732 569 3785 tamen
591 3747 650 3786 non
665 3727 715 3785 diu
735 3727 821 3786 fidem
843 3727 977 3786 servavit
993 3733 1082 3803 etque
1096 3727 1185 3786 etiarn
1206 3746 1284 3786 nunc
1299 3734 1419 3804 praeter

84 3825 210 3866 uxorem
231 3807 366 3883 pellicem
389 3807 465 3865 domi
486 3807 603 3867 retinet.
637 3807 782 3866 Sacerdos
803 3827 868 3866 eum
891 3807 1018 3867 visitans
1039 3808 1133 3885 primo
1155 3809 1281 3884 superbe
1302 3807 1417 3885 repelli-

83 3892 151 3958 tur;
172 3887 282 3946 iterata
303 3887 484 3957 visitatione,
507 3888 668 3964 suscipitur
688 3888 855 3965 placatius,
877 3889 930 3947 sed
951 3891 1068 3965 quando
1091 3889 1126 3947 do
1148 3889 1336 3947 confeeeione
1357 3907 1417 3947 ser·

83 3987 202 4026 monem
224 3967 364 4037 instituit,
389 3968 472 4026 audit
493 3970 530 4025 ab
552 3974 675 4042 aegroto
697 3969 775 4028 hauc
797 3988 863 4027 esee
884 3988 963 4028 nunc
984 3968 1206 4045 impossibilem,
1228 3973 1359 4027 ceterum
1382 3969 1416 4026 de

83 4047 228 4123 religione
251 4048 414 4106 christiana
435 4055 558 4122 aegroto
573 4049 624 4106 vix
647 4049 802 4125 quidquam
825 4054 927 4108 notum
942 4048 1068 4126 amplius
1084 4069 1150 4107 esse
1166 4048 1316 4124 comperit.
1346 4047 1417 4107 (lum

84 4148 158 4188 vero
180 4148 248 4187 mox
268 4147 318 4186 res
340 4147 375 4187 eo
397 4128 557 4200 devenerit,
581 4134 614 4187 ut
635 4130 767 4189 medicus
788 4129 900 4188 iudicet
920 4148 979 4188 non
1001 4130 1080 4188 ultra
1102 4129 1176 4187 diem
1199 4128 1316 4187 Getulio
1337 4128 1418 4186 vitae

84 4228 244 4286 superesse
266 4227 361 4284 neque
390 4208 419 4266 id
447 4213 512 4267 tuto
541 4215 664 4284 aegroto
693 4210 749 4268 dici
778 4229 881 4286 posse,
911 4210 1050 4268 sacerdos
1079 4210 1195 4268 modum
1224 4208 1340 4284 quaerit
1361 4229 1417 4285 quo

83 4309 173 4365 quam
195 4289 372 4348 suavissime
393 4308 455 4347 rem
477 4290 513 4347 ad
535 4292 643 4348 bonum
665 4291 776 4349 exitum
798 4290 950 4366 perducat.

84 4395 265 4465 Quannrrun
289 4397 319 4453 1⁰
340 4415 397 4471 quo
419 4395 504 4454 modo
527 4396 676 4455 confessio
699 4396 774 4457 satie
794 4396 912 4470 integra
935 4415 951 4452 a
972 4395 1145 4454 moribundo
1167 4394 1294 4454 obtineri
1315 4395 1419 4471 possit.

288 4488 318 4543 2ο
339 4484 407 4560 quid
428 4484 539 4561 imponi
561 4486 668 4544 debeat
689 4484 861 4543 moribundo
884 4484 963 4543 circa
983 4483 1180 4561 reparandum
1195 4484 1367 4542 scandalum
1389 4490 1419 4543 et

342 4566 530 4624 occasionem
551 4567 668 4642 peccati
688 4565 905 4626 removendam.

287 4657 317 4714 3⁰
339 4654 483 4730 quomodo
506 4655 707 4714 confessarius
736 4654 768 4713 in
796 4653 1029 4713 circumstantiis
1053 4652 1164 4712 Getulii
1192 4672 1281 4727 agere
1303 4653 1417 4714 debeat.
