3044 5174
480 274 646 329 Matrimonii
664 275 736 329 ritus
754 274 825 328 sacri
844 276 872 327 et
890 273 1050 327 benedictio.
1361 276 1425 341 509

94 457 148 518 est
171 451 376 536 perpendere
398 473 475 516 num
498 453 586 518 forte
609 473 686 535 pars
710 451 871 517 catholica
887 451 919 515 in
936 450 1100 516 bonafide
1116 449 1266 525 exsistat,
1292 449 1426 516 monitio

95 546 211 608 autem
241 541 322 606 nihil
351 541 505 607 videatur
533 541 723 625 profectura
753 561 836 606 esso.
883 538 1002 615 Quodsi
1033 539 1082 605 ita
1107 538 1302 604 iudicaverit
1325 577 1369 586 -
1393 544 1428 604 et

95 651 132 696 re
155 631 231 714 ipsa
254 629 481 696 difficillimum
505 631 569 696 erit
591 631 624 694 in
648 651 726 695 casu
750 631 921 706 enarrate,
952 629 979 693 si
1010 649 1064 693 res
1090 628 1155 692 iam
1180 628 1266 711 apud
1290 649 1426 711 sponsos

94 719 198 786 fuerit
230 720 401 798 conclusa,
435 740 509 786 eam
539 722 724 785 retractare
755 719 810 784 vel
842 718 999 801 impedire
1030 754 1076 764 -
1104 737 1210 799 neque
1237 717 1426 782 scandalum

95 809 142 875 sit
165 812 371 884 secuturum3
402 809 512 894 potius
542 813 647 875 totam
671 828 739 873 rem
771 807 953 872 dissimulet
976 811 1076 889 atque
1100 807 1235 872 assistat
1258 805 1427 871 matrimo-

95 897 219 964 nialem
242 918 436 964 consensum
460 897 587 964 daturis
610 896 710 963 etiam
734 917 807 961 cum
832 897 918 961 omni
942 896 1007 961 ritu
1031 916 1143 972 sacro,
1177 898 1214 961 ut
1237 916 1336 979 supra
1359 894 1427 960 dic-

95 992 168 1055 tum
192 991 256 1054 est.

187 1084 241 1152 Ita
271 1085 356 1150 enim
386 1084 527 1150 habetur
555 1089 625 1151 tum
655 1082 689 1148 in
712 1085 809 1149 Iastr.
834 1085 867 1149 8.
894 1083 954 1165 Off.
980 1082 1010 1148 d.
1039 1085 1078 1147 17
1102 1082 1196 1149 Febr.
1224 1083 1325 1158 1864,
1357 1086 1426 1147 tum

95 1173 129 1239 in
154 1174 255 1241 inat-r.
280 1177 313 1242 8.
341 1174 402 1257 Off.
427 1173 457 1240 d.
486 1176 526 1239 12
551 1173 622 1240 Oct.
650 1174 734 1238 1888
760 1174 821 1252 (ad
843 1195 910 1257 epp.
935 1176 989 1237 rit.
1012 1171 1141 1252 orient.)
1165 1170 1268 1237 datis:
1298 1170 1428 1248 „Sciant

95 1263 234 1346 insuper
256 1264 438 1328 animarum
464 1266 623 1346 pastores,
648 1261 675 1327 si
698 1265 939 1343 interropantnr
962 1282 982 1326 a
1006 1260 1291 1337 contrahentibus,
1323 1259 1376 1324 vel
1399 1260 1428 1324 si

96 1360 180 1419 certe
202 1355 347 1418 noverint
370 1371 427 1417 eos
450 1351 597 1418 adituros
620 1351 692 1416 fore
710 1350 896 1416 ministrum
911 1350 1113 1416 haereticum
1136 1349 1239 1415 sacris
1263 1349 1428 1415 addictum

96 1442 139 1507 ad
163 1441 345 1526 nuptialem
362 1461 555 1507 consensum
571 1440 814 1525 praestandum,
838 1439 935 1504 silere
951 1460 987 1504 se
1002 1460 1066 1504 non
1082 1459 1189 1523 posse,
1214 1439 1272 1503 sed
1296 1459 1429 1504 monere

97 1531 230 1596 eosdem
255 1531 374 1596 debere
397 1551 536 1614 sponsos
559 1531 599 1595 de
622 1529 818 1612 gravissimo
841 1533 977 1612 peccato
1001 1528 1086 1610 quod
1109 1531 1254 1611 patrant.
1288 1527 1428 1592 Verum-

96 1624 212 1685 tamen
235 1619 278 1684 ad
300 1618 417 1702 gravia
439 1620 667 1703 praecavenda
690 1619 787 1694 mala,
812 1619 840 1683 si
858 1617 891 1681 in
912 1617 1020 1699 alique
1036 1616 1192 1700 peculiari
1216 1637 1294 1681 casu
1318 1637 1429 1681 sacer-

96 1709 157 1775 dos
179 1729 239 1782 sau
262 1708 426 1793 parochus
449 1730 513 1773 non
537 1708 638 1774 fuerit
660 1706 890 1790 interpellatus
913 1728 934 1771 a
957 1707 1101 1790 sponsis,
1132 1727 1175 1770 an
1199 1705 1296 1771 liceat
1325 1727 1428 1770 necne

97 1798 190 1863 adire
214 1796 398 1865 ministrum
422 1798 623 1864 haereticum
640 1797 693 1861 vel
716 1796 969 1871 schismaticum,
995 1800 1029 1861 et
1052 1795 1142 1860 nulla
1164 1796 1224 1860 fiat
1247 1795 1289 1859 ab
1312 1794 1427 1859 iisdem

97 1887 229 1970 sponsis
252 1887 409 1970 explicita
432 1886 612 1953 declaratio
636 1886 676 1951 de
700 1886 813 1950 eodem
838 1885 997 1961 adeundo,
1021 1884 1215 1968 praevideat
1237 1887 1348 1949 tamen
1372 1904 1429 1948 eos

97 1976 212 2042 forsan
247 1977 394 2042 adituros
424 1976 466 2041 ad
494 1975 726 2060 praestandum
751 1975 804 2038 vel
834 1975 1058 2039 renovandum
1088 1993 1297 2050 consensum,
1329 1977 1428 2054 atque

97 2065 232 2149 insuper
255 2085 298 2130 ex
324 2064 486 2131 adiunctis
515 2064 549 2129 in
582 2085 660 2129 casu
691 2063 958 2129 concurrentibus
988 2062 1182 2146 praevideat
1218 2061 1428 2127 monitionem

97 2158 189 2220 corto
213 2154 300 2220 baud
324 2174 396 2219 esse
420 2154 635 2236 profuturam,
659 2153 758 2218 immo
781 2152 974 2229 nocituram,
1001 2152 1140 2233 indeque
1164 2153 1334 2234 peccatum
1357 2172 1428 2216 rna·

97 2243 215 2310 teriale
247 2242 281 2308 in
312 2242 484 2309 formalem
517 2244 646 2326 culpam
671 2242 882 2308 vertendum:
915 2249 991 2306 tunc
1019 2244 1126 2323 sileat,
1159 2245 1285 2306 remoto
1316 2245 1428 2305 tamen

96 2332 271 2408 scandalo,
302 2336 337 2399 et
367 2332 540 2397 dummodo
570 2332 654 2396 aliae
685 2332 726 2397 ab
757 2329 906 2396 Ecclesia
935 2330 1113 2411 requisitae
1148 2329 1353 2394 condiciones
1389 2350 1428 2394 ac

98 2421 270 2488 cautiones
299 2421 363 2487 rite
393 2421 520 2505 positae
550 2421 632 2495 sint,
663 2419 857 2503 praesertim
888 2420 929 2485 de
956 2421 1058 2484 libero
1081 2418 1248 2501 religionis
1272 2418 1429 2484 exercitio

98 2510 186 2595 parti
219 2509 401 2576 catholicae
431 2510 650 2585 concedendo,
682 2530 808 2575 necnon
840 2509 879 2574 de
909 2509 1063 2574 universa
1092 2510 1184 2592 prole
1213 2508 1246 2572 in
1271 2507 1428 2590 religione

98 2598 264 2666 catholica
294 2600 472 2665 educanda.
496 2639 541 2647 —
566 2598 686 2676 Quodsi
716 2598 827 2683 sponsi
857 2598 899 2664 ad
929 2598 1106 2682 parochum
1137 2618 1194 2662 seu
1225 2597 1429 2663 sacerdotem

98 2688 297 2755 catholicum
327 2710 387 2772 pro
418 2688 646 2754 benedicendis
676 2688 799 2772 nuptiis
829 2688 1005 2765 accedant,
1032 2695 1201 2774 postquam
1232 2708 1288 2752 eas
1318 2708 1429 2752 coram

98 2777 250 2844 ministro
273 2776 440 2843 haeretico
464 2779 517 2843 vel
540 2777 749 2843 schismatico
774 2777 1029 2853 celebraverint,
1058 2776 1155 2858 idque
1176 2778 1299 2860 publice
1323 2783 1429 2840 aratum

98 2867 213 2933 situel
238 2869 278 2933 ab
302 2870 382 2952 ipsis
405 2870 529 2954 sponsis
552 2869 737 2950 notificetur,
762 2865 942 2932 catholicus
963 2865 1116 2931 sacerdos
1132 2865 1206 2930 huic
1222 2864 1429 2929 matrimonio

99 2979 162 3023 non
186 2959 342 3037 intererit,
366 2956 438 3033 nisi,
463 2956 615 3034 servatis,
641 2961 677 3022 ut
700 2955 902 3039 supponitur,
928 2953 1116 3035 ceteroquin
1140 2953 1327 3029 servandis,
1353 2974 1429 3036 pars

99 3044 263 3112 catholica
286 3045 366 3111 facti
389 3045 560 3129 paenitens
583 3045 726 3129 praeviis
742 3044 942 3110 salutaribus
957 3042 1168 3127 paenitentiis
1192 3042 1429 3107 absolutionem

99 3157 119 3201 a
142 3139 280 3220 patrata
303 3135 399 3218 culpa
422 3133 457 3215 (a
481 3133 659 3201 contractis
683 3134 842 3214 censuris)
867 3133 930 3198 rite
953 3132 1043 3216 prius
1066 3131 1272 3197 obtinuerit.“

189 3240 228 3306 R.
253 3244 283 3307 4.
331 3239 444 3317 Quoad
467 3241 709 3306 matrimonium
734 3240 913 3305 Capelianus
936 3240 1107 3323 parochus,
1132 3238 1159 3302 si
1183 3260 1248 3320 qua
1271 3260 1347 3320 spes
1371 3238 1467 3309 ad-8fi

99 3330 162 3396 huc
193 3333 263 3408 est,
294 3329 424 3394 omnine
455 3330 650 3395 adlaborare
681 3329 778 3394 debet
808 3334 845 3395 ut
875 3350 947 3394 earn
972 3331 1014 3394 ab
1044 3328 1108 3394 isto
1139 3328 1346 3393 matrimonio
1376 3348 1429 3392 re·

98 3419 230 3496 trahat;
262 3419 421 3501 alioquin,
451 3419 477 3484 si
502 3426 632 3502 tempus
655 3423 773 3484 est-
797 3423 834 3485 ut
863 3439 936 3483 esse
966 3439 1045 3483 sane
1069 3418 1182 3494 debet,
1215 3417 1291 3499 quia
1321 3418 1429 3482 banna

99 3509 265 3574 debebant
298 3509 494 3592 praecedere
524 3547 577 3586 —,
609 3508 650 3574 ad
686 3507 884 3573 ordinarium
922 3511 1072 3573 recurrat
1106 3507 1240 3588 eiusque
1274 3506 1429 3572 iudicium

98 3602 270 3680 sequatur.

190 3703 230 3768 R.
255 3706 285 3769 5.
332 3703 366 3768 81
397 3706 507 3768 autern
537 3706 700 3786 fingamus
731 3725 898 3768 recursum
932 3724 1003 3768 csse
1033 3702 1281 3786 impossibilem,
1315 3702 1369 3766 vel
1400 3701 1429 3766 si

99 3792 272 3876 quaeritur
293 3792 371 3876 quid
395 3792 524 3858 demum
548 3793 731 3858 ordinarius
753 3797 900 3858 statuere
923 3814 1049 3858 summo
1073 3793 1143 3857 iure
1166 3792 1287 3875 possit,
1319 3791 1428 3855 dicen·

100 3885 179 3949 dum
203 3887 272 3948 cst:

193 3989 226 4069 1)
249 3987 413 4064 Quantum
436 3987 507 4053 fieri
530 3991 651 4072 potest,
676 3987 863 4071 cooperatio
883 3987 1015 4072 parochi
1032 3987 1183 4053 catholici
1200 3985 1429 4068 restringenda

100 4082 153 4144 est
183 4078 225 4142 ad
254 4080 416 4162 passivam
447 4077 686 4153 assistentiam
719 4077 760 4142 cf.
792 4079 889 4143 Instr.
922 4081 955 4144 S.
989 4077 1050 4159 Off.
1083 4079 1128 4140 ad
1158 4078 1240 4162 Epp.
1266 4077 1429 4141 Brasiliac

99 4170 132 4323 pl.
157 4166 278 4321 569Iplip
301 4168 385 4319 11878
416 4166 449 4230 in
475 4167 593 4232 Collect.
619 4170 652 4234 8.
679 4168 791 4252 Conpr.
817 4169 857 4231 dc
882 4169 977 4252 Prop.
1004 4167 1084 4230 atde
1109 4188 1140 4234 n.
1170 4169 1271 4240 18633
1308 4166 1363 4230 ln.
1387 4188 1427 4230 m.

192 4363 226 4444 2)
251 4365 420 4429 Generalis
450 4366 560 4428 autem
592 4363 707 4444 regula
736 4362 902 4443 hucusque
932 4383 952 4426 a
984 4361 1014 4425 8.
1044 4359 1127 4425 Sede
1158 4383 1222 4425 non
1252 4365 1303 4426 est
1333 4382 1428 4444 prae-

99 4452 235 4537 scripta,
259 4453 317 4518 sed
341 4454 371 4519 d.
397 4454 437 4516 21
455 4451 550 4516 Febr.
571 4453 655 4516 1883
679 4454 712 4518 S.
733 4452 793 4534 Off.
819 4450 902 4516 dixit
926 4448 1112 4534 pastoribus
1135 4449 1168 4513 id
1192 4470 1264 4514 esse
1287 4450 1320 4513 in
1345 4450 1428 4514 casi-

99 4546 161 4609 bus
185 4541 437 4625 particularibus
461 4540 688 4619 statuendum,
713 4540 799 4622 quod
822 4540 928 4622 magis
952 4537 1106 4621 expedire
1129 4538 1163 4601 in
1186 4538 1325 4603 Domino
1348 4538 1428 4602 iudi-

100 4632 268 4710 caverint3
293 4631 334 4698 cf.
363 4632 420 4696 Th.
444 4653 484 4696 m.
510 4629 550 4706 ΙΙ,
577 4632 641 4694 714
664 4634 753 4696 nota.
