3044 5174
598 276 805 332 Sacramentum
823 277 1014 347 paenitentiae.

743 477 878 545 Salutio.

84 619 138 674 630
236 617 289 682 Au
312 637 504 693 quassrruu
534 620 572 682 1¹¹²
594 618 633 685 R.
661 621 689 685 1.
722 618 812 696 Quae
834 621 1012 685 materialis
1034 618 1210 702 integritas
1232 619 1266 685 in
1281 620 1477 687 moribundo
1503 660 1512 682 .

146 706 354 791 procuranda
376 710 412 772 et
434 707 595 790 quomodo
618 708 652 772 in
676 728 716 774 ea
738 707 954 774 insistendum
976 709 1031 786 sit,
1055 709 1194 775 multum
1214 709 1338 793 pendet
1361 731 1383 776 a
1397 710 1476 775 viri·

146 797 208 862 bus
230 795 423 864 moribundi.
470 796 557 862 Nam
580 818 646 862 non
668 817 709 863 ea
731 797 908 881 integritas
934 797 1112 880 requiritur
1142 819 1226 882 quae
1250 799 1340 864 vires
1363 799 1476 884 paeni·

146 885 248 952 tentis
264 885 442 950 secundum
459 889 593 964 statum,
616 886 650 950 iu
666 907 730 970 quo
746 908 832 952 nunc
847 891 909 963 est,
933 886 1104 953 moraliter
1118 892 1262 971 superet,
1278 887 1338 953 sed
1354 888 1477 955 suflicit

146 996 187 1041 aa
210 995 307 1057 quarn
332 973 502 1040 moraliter
524 979 696 1059 praestaro
718 979 838 1059 potest.
877 976 1013 1054 Quando
1036 976 1138 1059 igitur
1153 977 1251 1042 valde
1273 976 1392 1042 debilis
1415 983 1475 1058 est,

146 1085 212 1130 uon
235 1064 333 1129 debet
355 1063 509 1145 fatigari,
539 1064 597 1129 sed
620 1065 744 1130 sufficit
767 1064 968 1131 confessario
991 1066 1147 1149 graviora
1169 1065 1392 1145 intellexisse,
1416 1067 1477 1133 im·

146 1152 255 1238 posita
279 1151 479 1235 obligatione
509 1155 546 1218 ut
575 1175 634 1237 pro
665 1175 743 1220 casu
766 1154 1091 1220 reconvalescentiao
1121 1154 1287 1221 defectum
1310 1156 1474 1241 suppleat,

145 1243 199 1308 vel
223 1262 308 1324 quae
329 1246 447 1326 postea
462 1245 580 1326 sponte
595 1243 770 1309 memoriae
786 1244 995 1323 recurrerint,
1020 1244 1100 1310 data
1121 1244 1294 1310 occasione
1314 1245 1474 1329 proferat.

234 1340 274 1405 R.
299 1343 330 1407 2.
376 1339 512 1417 Quando
543 1340 654 1423 agitur
682 1341 723 1406 de
752 1341 962 1420 moribundo,
996 1341 1050 1424 qui
1081 1340 1222 1407 habetur
1252 1363 1315 1426 pro
1346 1343 1475 1408 bomine

145 1429 199 1513 pie
222 1428 384 1495 catholico
408 1449 429 1494 a
451 1433 600 1512 tempore
623 1429 715 1495 brevi
738 1430 904 1509 confesso,
936 1430 994 1496 sed
1017 1451 1114 1513 quem
1137 1451 1223 1496 nunc
1252 1430 1475 1498 confessarius

144 1517 270 1604 reperit
291 1517 404 1585 multis
432 1518 603 1600 sacrilegis
626 1519 884 1586 confessionibus
914 1519 1133 1603 implicatum:
1166 1519 1194 1585 si
1225 1520 1391 1586 confessio
1422 1521 1475 1588 diu

143 1611 317 1693 protracta
332 1607 551 1691 suspicionem
567 1607 738 1685 excitaret,
762 1608 875 1674 licebit
890 1608 1041 1675 similiter
1056 1608 1253 1675 abbreviata
1268 1609 1475 1677 confessione

146 1697 204 1776 uti,
227 1697 455 1782 supplemento
479 1697 601 1763 reiecto
624 1696 659 1762 in
680 1700 811 1781 tempus
834 1702 1012 1782 posterum.
1060 1698 1091 1764 S.
1115 1697 1230 1782 Alph.
1256 1699 1313 1776 VI,
1340 1702 1416 1768 260.

234 1795 273 1862 R.
299 1798 329 1862 3.
361 1793 421 1871 Qui
444 1793 559 1860 horret
582 1795 819 1861 confessionem
835 1799 869 1861 et
885 1817 905 1861 a
921 1794 1088 1878 religionis
1104 1795 1262 1862 exercitio
1278 1795 1335 1862 diu
1351 1797 1474 1862 aliena·

144 1890 200 1953 tus
223 1890 283 1964 est,
308 1906 329 1951 a
353 1883 554 1950 confessario
577 1883 731 1968 prudenti
755 1884 930 1966 aliquando
953 1884 1060 1950 iuvari
1083 1888 1195 1968 potest
1218 1885 1282 1951 alio
1306 1885 1416 1964 modo,
1441 1890 1476 1951 ut

144 1974 271 2041 scilicet
299 1979 456 2056 aegrotus
487 1974 604 2039 dextre
632 1973 806 2040 inducatur
835 1973 877 2039 ad
906 1974 1102 2040 narrandam
1133 1972 1251 2038 seriem
1273 1974 1367 2041 vitae
1397 1996 1475 2041 suae

145 2063 266 2129 amice:
296 2063 411 2146 paucis
434 2062 572 2129 adiectis
595 2063 907 2146 interrogationibus
938 2063 1036 2128 facile
1065 2063 1230 2146 supplebit
1253 2063 1475 2129 confessarius

145 2151 367 2218 narrationem
397 2173 436 2217 eo
465 2173 570 2234 usque
600 2157 637 2219 ut
665 2174 725 2236 pro
756 2156 848 2219 statu
877 2152 999 2217 actuali
1029 2151 1212 2217 moribundi
1244 2152 1288 2218 sit
1312 2153 1475 2219 confessio

146 2241 322 2308 sufficiens.
369 2240 490 2318 Quodsi
520 2241 689 2306 declarare
719 2241 843 2325 poterit
872 2245 1009 2324 aegroto
1040 2239 1278 2306 confessionem
1311 2241 1378 2308 iam
1403 2264 1475 2308 esse

145 2328 286 2408 factam,
318 2349 489 2413 superesse
511 2333 642 2396 tantum
674 2335 711 2396 ut
740 2330 852 2397 doleat
873 2330 1044 2413 Deumque
1074 2331 1284 2414 deprecetur:
1318 2336 1475 2414 aegrotus

146 2439 211 2483 non
235 2439 309 2483 raro
334 2417 516 2497 mirabitur,
541 2420 600 2484 sed
622 2418 768 2485 fortasse
791 2441 855 2485 nou
879 2420 927 2485 ita
950 2419 1127 2485 difficulter
1149 2419 1349 2498 adducetur,
1374 2427 1413 2488 ut
1436 2421 1475 2486 de

145 2507 292 2592 peccatis
315 2507 425 2573 doleat
448 2510 548 2590 atque
571 2507 749 2575 instantem
774 2509 1005 2575 aeternitatem
1028 2507 1089 2574 sibi
1112 2508 1230 2575 reddat
1252 2529 1415 2576 securam.

84 2634 134 2689 631
236 2623 288 2687 An
312 2641 504 2697 quaasrrun
528 2624 567 2686 2m
591 2622 629 2688 R.
658 2625 685 2688 1.
734 2621 768 2688 si
797 2623 988 2688 scandalum
1017 2621 1168 2690 consistit
1197 2622 1231 2687 iu
1261 2624 1334 2689 sola
1356 2645 1378 2690 a
1401 2624 1477 2690 reli·

146 2709 243 2793 gione
266 2709 522 2789 abalienatione,
554 2731 659 2793 neque
689 2715 800 2777 certae
830 2715 908 2776 sunt
937 2711 1163 2778 restitutiones
1193 2716 1227 2778 et
1249 2714 1477 2797 reparationes

147 2799 280 2864 honoris
302 2798 384 2864 laesi
408 2802 470 2865 etc.
495 2799 682 2865 faciendae:
706 2801 779 2866 sola
800 2801 931 2884 publica
949 2804 1230 2866 sacramentorum
1246 2802 1289 2867 ad
1312 2801 1476 2868 infirmum

147 2888 268 2954 delatio
292 2888 325 2954 in
348 2888 404 2953 illo
427 2894 593 2955 momento
616 2889 757 2956 habetur
779 2911 838 2972 pro
862 2890 1008 2955 scandali
1032 2889 1251 2974 reparatione.

236 2986 275 3052 R.
300 2989 331 3052 2.
378 2986 413 3052 Si
442 2987 538 3053 adest
568 2987 695 3054 occasio
725 2988 881 3071 peccandi
912 2987 1061 3071 proxima
1091 2988 1219 3071 publice
1249 2991 1348 3066 nota,
1381 3010 1413 3057 v.
1445 3010 1476 3072 g.

148 3075 329 3141 concubina
352 3079 482 3142 retenta
505 3076 608 3154 domi,
641 3098 759 3160 perse
783 3077 883 3143 etiam
908 3099 928 3142 a
951 3077 1142 3142 moribundo
1174 3076 1263 3159 exigi
1294 3077 1410 3156 debet,
1441 3084 1478 3145 ut

146 3164 231 3230 hanc
255 3165 401 3231 dimittat
424 3168 459 3230 et
489 3165 604 3244 eiciat,
634 3169 810 3248 antequam
843 3167 1051 3243 absolvatur3
1086 3168 1171 3248 quod
1202 3166 1229 3231 si
1261 3167 1302 3231 ob
1333 3167 1477 3250 aliquam

148 3275 280 3319 causam
304 3253 504 3337 impossibile
527 3254 644 3332 fuerit,
676 3276 787 3320 coram
810 3255 952 3321 testibus
976 3255 1145 3320 declarare
1176 3256 1274 3321 debet
1297 3276 1346 3333 se,
1379 3278 1477 3339 quam

147 3343 243 3408 citius
266 3343 337 3407 fieri
361 3343 480 3426 possit,
513 3365 586 3409 eam
617 3344 783 3410 dimittere
806 3345 909 3423 velle,
941 3365 1046 3427 neque
1077 3365 1162 3409 nunc
1193 3344 1282 3410 sinat
1312 3366 1385 3411 eam
1417 3346 1479 3412 sibi

146 3431 333 3497 ministrare
358 3432 410 3497 vel
434 3454 544 3498 secum
570 3433 769 3500 conversari.

236 3530 275 3595 R.
301 3533 331 3596 3.
379 3530 413 3595 Si
436 3531 564 3596 occasio
587 3531 743 3614 peccandi
767 3532 863 3597 adest
886 3531 1031 3608 occulta,
1063 3535 1162 3614 atque
1192 3530 1406 3598 instantanea
1430 3532 1477 3597 di·

147 3618 301 3685 missione
325 3618 504 3685 diffamatio
529 3619 655 3685 oriatur
678 3657 721 3665 -
744 3620 777 3685 id
806 3621 892 3702 quod
915 3625 984 3686 tum
1016 3621 1113 3685 facile
1142 3621 1213 3686 fieri
1236 3625 1366 3707 potest:
1396 3623 1477 3687 haec

148 3708 278 3791 quidem
302 3707 446 3774 dimissio
471 3730 535 3773 non
566 3713 618 3774 est
640 3709 819 3791 exigenda,
851 3709 909 3774 sed
940 3730 978 3773 eo
1009 3709 1198 3792 diligentius
1230 3710 1413 3776 cavendum
1437 3731 1477 3775 ne

147 3797 276 3864 occasio
299 3797 492 3863 moribundo
523 3803 656 3864 maneat
686 3799 813 3864 occasio
845 3798 1002 3864 formalis.
1049 3799 1256 3882 Quapropter
1279 3798 1478 3865 interdicen-

147 3887 224 3952 dum
249 3890 300 3952 est
323 3887 492 3968 quodlibet
516 3909 588 3952 cum
613 3887 770 3952 eiusmodi
794 3909 935 3971 persona
964 3890 1210 3966 commercium,
1241 3887 1337 3970 eique
1367 3888 1478 3973 prohi-

147 3977 272 4042 bendus
296 3997 448 4041 accessus
477 3977 519 4041 ad
550 3980 739 4059 aegrotum,
771 3977 832 4042 nisi
864 3977 950 4042 forte
981 3977 1202 4043 contrahendo
1232 3978 1477 4044 matrimonium

147 4066 274 4132 occasio
298 4066 403 4150 possit
426 4065 558 4132 auferri.
591 4066 666 4150 Ipse
690 4066 910 4131 confessarius
934 4070 1045 4131 autem
1069 4090 1089 4132 a
1112 4067 1265 4132 violando
1289 4067 1399 4150 sigillo
1424 4089 1478 4134 ca·

147 4177 225 4220 vere
256 4155 355 4221 debet
389 4160 489 4237 atque
519 4161 695 4240 propterea
718 4156 901 4237 generatim
924 4155 1120 4239 impedietur
1150 4156 1323 4238 quominus
1345 4158 1478 4242 proprio

148 4250 254 4310 marte
278 4245 454 4327 quidquam
478 4245 590 4311 faciat.
637 4245 685 4311 Cf.
710 4244 882 4321 Router,
906 4245 1073 4328 Neo-conf.
1099 4267 1128 4310 n.
1155 4247 1230 4322 211,
1256 4249 1286 4312 6.

86 4371 137 4425 632
237 4363 290 4426 Au
314 4381 506 4437 qusssrruu
531 4363 570 4424 3¹¹²
592 4360 632 4426 R.
658 4363 686 4425 1.
719 4360 831 4435 Quoad
856 4359 1060 4425 occasionem
1084 4360 1240 4444 peccandi
1265 4361 1478 4429 auferendam

149 4472 202 4516 res
226 4451 432 4516 diiudicanda
456 4452 507 4514 est
530 4448 707 4513 secundum
731 4450 827 4514 modo
852 4449 950 4515 dicta.

237 4549 277 4614 R.
303 4551 332 4613 2.
380 4547 493 4623 Quoad
523 4545 759 4611 confessionem
790 4547 960 4624 sacerdos,
993 4547 1020 4611 si
1050 4568 1087 4612 se
1117 4547 1150 4613 in
1180 4547 1331 4614 fiduciam
1358 4549 1480 4616 Getulii

150 4636 375 4714 insinuaverit,
400 4657 474 4702 eum
493 4637 634 4701 fortasse
650 4635 804 4701 iuducere
820 4640 930 4719 potest
946 4641 983 4702 ut
998 4636 1117 4701 seriem
1134 4658 1245 4703 eorum
1262 4658 1348 4719 quae
1364 4639 1479 4722 gessit,
