3044 5174
292 272 490 343 Impedimenta
508 275 588 326 matr.
607 270 779 342 prohibentia
800 300 832 306 -
852 286 905 338 quo
924 286 1006 323 sensu
1025 267 1101 338 leges
1120 268 1224 323 civiles.
1357 272 1422 337 533

93 451 238 515 humano
262 452 296 514 et
319 447 472 525 naturali,
498 468 571 513 cum
594 447 878 530 supernaturalem
901 448 997 513 finem
1021 451 1150 531 spectet
1173 452 1273 531 atque
1289 449 1322 514 in
1337 450 1423 517 hunc

92 541 193 605 finem
216 536 405 604 immediate
428 535 585 603 divinitus
607 535 652 602 sit
674 535 872 603 institutum.

185 627 221 710 2)
244 626 380 703 Quando
404 625 546 693 societas
570 625 731 707 quaedam
755 625 841 691 solet
864 624 931 690 suis
954 624 1108 690 membris
1124 625 1322 711 baptismum
1347 648 1424 694 con-

93 718 183 782 ferre
213 716 266 781 vel
296 716 427 797 qnando
457 719 552 782 actus
575 713 763 799 baptizandi
786 715 875 780 circa
897 713 1040 796 aliquem
1063 714 1189 799 positus
1212 720 1280 793 est;
1312 717 1424 784 valere

92 806 195 873 debet
224 804 389 872 sententia
419 804 494 870 illa:
529 803 702 882 ,standum
732 808 784 871 est
815 825 874 888 pro
903 803 1019 869 valore
1048 807 1176 881 actus“,
1208 804 1424 888 inquantum

93 893 224 962 scilicet
253 898 349 960 actus
378 892 467 959 illius
489 895 605 961 valore
628 894 771 961 bumana
800 893 942 959 societas
968 896 1167 976 mutuaeque
1189 894 1367 962 relationes
1390 901 1425 964 et

94 983 316 1066 obligationes
345 987 515 1064 reguntur.
566 981 722 1065 Alioquin
751 985 863 1048 actum
893 985 982 1047 66661
1015 982 1055 1047 (16
1087 982 1283 1049 certitudine
1315 1004 1425 1050 rernm

93 1074 323 1139 humanarum.
363 1071 486 1154 Siquis
508 1071 669 1154 igiturne
692 1072 764 1156 ipsa
787 1071 936 1137 defectus
952 1070 1143 1149 occurrerit,
1167 1075 1251 1138 iuris
1266 1074 1424 1149 defectus,

93 1161 151 1246 qni
175 1182 218 1226 ex
242 1164 512 1243 coaequaretur,
537 1160 735 1227 naturaliter
758 1159 929 1244 suppletur
951 1159 1121 1244 superiore
1143 1165 1327 1244 potestate,
1350 1163 1371 1230 1.
1396 1184 1424 1232 e.

94 1272 115 1318 a
139 1251 212 1317 Deo
240 1255 279 1317 ut
301 1253 437 1316 auctore
460 1253 615 1328 naturae,
649 1249 678 1314 si
701 1248 811 1332 agitur
844 1249 885 1314 (16
907 1249 1016 1315 cauas
1038 1268 1130 1315 mere
1151 1252 1374 1330 naturalibus,
1405 1273 1426 1319 a

96 1341 168 1407 Deo
193 1344 230 1406 ut
253 1337 396 1423 positivo
419 1343 555 1405 auctore
579 1337 757 1416 Ecclesiae,
781 1338 809 1404 si
833 1359 933 1404 causa
956 1342 1008 1404 est
1030 1339 1302 1408 ecclesiastica¹.-

188 1445 228 1510 R.
255 1447 286 1510 2.
318 1443 457 1510 sivero
483 1443 594 1527 agitur
618 1445 658 1510 (16
682 1443 900 1511 matrimoniis
924 1443 1121 1522 infidelium,
1147 1446 1203 1528 qui
1228 1448 1488 1531 baptismumasso

95 1534 288 1601 nullatenus
310 1538 536 1617 susceperunt,
560 1533 726 1600 sententia
742 1533 825 1600 satis
841 1532 1020 1599 communis
1036 1554 1077 1600 ea
1099 1539 1161 1611 est,
1183 1556 1269 1620 quae
1283 1538 1427 1605 auctori·

96 1622 179 1691 tatis
195 1643 368 1707 supremae
383 1621 490 1688 civilis
504 1621 760 1688 iurisdictionem
775 1622 809 1688 in
824 1622 1118 1689 matrimonialibus
1133 1626 1241 1691 causis
1256 1631 1426 1710 agnoscat.

97 1714 191 1779 Inter
213 1711 297 1778 alios
320 1716 372 1778 est
394 1711 560 1779 sententia
584 1713 616 1780 S.
638 1713 773 1777 Ibomcc
795 1715 827 1788 4,
851 1711 926 1779 (1161.
952 1714 1004 1790 39,
1029 1734 1060 1795 q.
1088 1716 1116 1791 1,
1140 1734 1170 1780 a.
1197 1717 1212 1778 l
1240 1715 1281 1780 ad
1305 1722 1343 1782 4:
1372 1715 1427 1793 ,In

99 1805 261 1886 qnantum
284 1799 555 1885 (matrimonium)
579 1805 632 1866 est
653 1800 796 1867 officium
819 1806 968 1880 naturae,
993 1800 1153 1868 statuitur
1174 1803 1248 1885 lege
1270 1809 1426 1879 naturam

98 1891 133 1957 in
168 1894 327 1973 quantum
362 1896 414 1956 est
448 1895 709 1968 sacramentum,
744 1890 903 1958 statuitur
936 1890 1007 1956 iure
1041 1891 1168 1969 divino;
1203 1892 1236 1958 in
1269 1899 1427 1975 quantum

103 1984 157 2047 est
190 1979 332 2045 officium
365 1978 627 2055 communitatis,
664 1980 824 2047 statuitur
855 1979 926 2045 iure
959 1979 1065 2056 civili;
1101 1984 1136 2047 61
1166 1980 1240 2047 ideo
1272 2003 1315 2047 ex
1347 2003 1427 2065 qua·

99 2069 183 2135 libet
206 2067 368 2135 dictarum
390 2069 500 2150 legum
521 2072 631 2152 potest
646 2089 787 2152 persona
803 2068 888 2135 effici
905 2069 947 2135 ad
963 2068 1205 2135 matrimonium
1223 2070 1424 2154 illegitima.“

100 2157 193 2224 Nixa
215 2158 277 2223 hac
300 2157 475 2235 sententia,
501 2157 532 2225 S.
550 2156 584 2224 Ο.
608 2158 648 2223 (16
669 2157 765 2241 Prop.
782 2157 862 2223 Fide
885 2157 930 2239 (ν.
954 2159 1119 2225 Collectaa.
1143 2181 1175 2226 n.
1198 2161 1429 2242 144666616-

101 2246 194 2314 ravit
227 2245 469 2312 matrimonium
501 2245 588 2312 inter
622 2246 785 2324 infideles,
819 2247 905 2329 quod
939 2247 1074 2314 carebat
1102 2247 1323 2317 sollemnitate
1355 2251 1429 2334 lege

100 2333 248 2418 regionis
271 2335 468 2413 necessaria,
496 2338 673 2402 invalidam
697 2356 883 2418 novumque
906 2336 1149 2403 matrimonium
1172 2338 1243 2405 viro
1267 2339 1309 2405 ad
1332 2340 1428 2407 fidem

101 2445 262 2492 converso
277 2424 435 2509 permisit.
467 2425 570 2490 Immo
585 2424 759 2491 instructio
775 2446 796 2492 a
812 2425 999 2491 consultore
1014 2425 1174 2506 confecta,
1193 2449 1292 2511 quam
1308 2450 1429 2514 appro-

100 2515 216 2581 batam
240 2534 313 2579 esse
336 2535 398 2580 non
423 2522 558 2596 6666161,
582 2514 681 2597 longe
704 2515 837 2597 lateque
860 2515 997 2598 exponit
1023 2514 1209 2600 ,Principes
1230 2519 1427 2598 saeculares,

100 2604 174 2670 sive
196 2602 308 2669 fideles
330 2603 401 2668 sive
425 2602 582 2680 infideles,
607 2603 828 2686 plenissimam
852 2608 1052 2688 potestatem
1076 2606 1219 2672 retinere
1248 2611 1284 2674 ia
1314 2612 1428 2675 matri·

101 2695 244 2758 moniam
259 2692 459 2758 subditorum
473 2693 661 2775 infidelium,
686 2696 723 2758 ut
738 2693 873 2770 scilicet,
895 2693 1055 2777 appositis
1069 2693 1320 2778 impedimentis,
1345 2718 1429 2779 quae

100 2781 166 2848 iuri
190 2780 333 2846 naturali
356 2801 395 2847 ac
418 2780 528 2846 divino
552 2780 684 2848 diversa
705 2803 770 2848 non
794 2782 870 2856 sint,
899 2783 1012 2848 eadem
1037 2804 1101 2849 non
1120 2784 1226 2851 solum
1249 2786 1357 2868 quoad
1379 2786 1428 2852 61·

102 2872 213 2937 fectus
228 2869 351 2949 civiles,
376 2871 434 2935 sed
451 2869 551 2937 etiam
567 2870 675 2952 quoad
691 2871 862 2953 coniugale
880 2872 1045 2937 vinculum
1061 2872 1193 2957 penitus
1208 2875 1425 2942 rescindant.“

194 2976 232 3042 R.
253 2978 284 3043 3.
315 2975 534 3042 Nihilominus
556 2976 590 3041 in
605 2976 679 3060 ipsa
700 2976 762 3042 hac
778 2977 943 3043 sententia
959 2998 1041 3061 opus
1056 2978 1188 3045 videtur
1206 3000 1278 3044 asse
1294 2980 1429 3046 distinc-

102 3065 202 3132 tione.
227 3100 271 3109 -
294 3063 380 3130 Nam
403 3065 520 3148 negari
543 3065 656 3148 nequit
679 3087 791 3131 omnes
814 3066 986 3148 theologos
1008 3067 1189 3133 catholicos
1209 3073 1308 3151 atque
1323 3069 1428 3153 ipsam

102 3156 136 3220 S.
154 3154 271 3220 Sedem
295 3158 445 3238 repetere
468 3154 690 3220 exclusionem
704 3155 912 3222 auctoritatis
929 3154 1034 3220 civilis
1050 3177 1070 3222 a
1086 3156 1194 3222 causis
1209 3158 1428 3225 substantiam

103 3242 304 3309 matrimonii
327 3243 552 3326 spectantibus
574 3264 595 3310 a
618 3264 713 3309 sacro
733 3244 931 3310 matrimonii
947 3245 1149 3311 charactere.
1185 3246 1427 3314 Matrimonium

103 3352 144 3398 eo
168 3332 254 3416 ipso,
279 3332 364 3415 quod
389 3354 410 3399 a
432 3332 560 3398 Christo
584 3336 733 3398 evectum
758 3337 810 3400 est
832 3333 875 3399 ad
897 3334 1059 3399 rationem
1089 3337 1304 3415 sacramenti,
1328 3337 1429 3403 solius

105 3420 276 3487 Ecclesiae
308 3426 423 3504 utpote
454 3421 630 3505 potestatis
659 3421 835 3504 religiosae
856 3422 1072 3489 iurisdictioni
1096 3424 1264 3495 subicitur.
1305 3426 1428 3493 Verum

105 3509 315 3576 matrimonio
345 3511 387 3576 ab
416 3510 510 3576 initio
541 3532 605 3575 non
628 3512 826 3578 sacramenti
850 3512 980 3594 quidem
1002 3513 1088 3578 ratio
1111 3513 1234 3592 inerat,
1263 3520 1300 3582 at
1321 3516 1430 3583 inerat

104 3599 191 3666 ratio
214 3597 263 3664 rei
285 3619 409 3666 sacrae.
441 3599 534 3676 Quod
547 3621 568 3667 a
582 3600 719 3666 Leone
734 3598 813 3665 XIII
835 3600 869 3665 in
892 3600 956 3668 litt.
981 3602 1104 3685 encycl.
1124 3605 1329 3684 ,Arcanum“
1349 3606 1379 3673 d.
1398 3606 1427 3672 d.

108 3691 161 3755 10.
185 3688 280 3754 Febr.
306 3690 391 3754 1880
415 3691 569 3767 effertur,
600 3692 634 3755 61
657 3709 700 3754 ex
722 3689 785 3755 bac
807 3690 879 3773 ipsa
901 3689 1030 3757 ratione
1053 3695 1160 3774 patet,
1191 3694 1277 3775 quod
1300 3715 1430 3779 semper

105 3777 208 3843 fuerit
238 3777 388 3854 ,futurae
416 3777 654 3845 Incarnationis
683 3778 832 3862 mysterii
862 3779 1100 3847 adumbratio“.
1145 3781 1305 3866 Quidquid
1329 3783 1430 3867 igitur

106 3867 277 3951 putaveris
292 3867 379 3932 circa
395 3867 541 3933 ordinem
557 3887 647 3933 mere
661 3869 856 3947 naturalem,
880 3869 934 3951 qui
950 3889 987 3934 re
1002 3869 1075 3953 ipsa
1089 3892 1153 3936 non
1170 3872 1302 3939 exsistit
1324 3893 1429 3954 neque

108 3955 241 4022 exstitit
257 3977 426 4038 umquam:
450 3956 480 4021 61
502 3961 671 4040 spectatur
694 3957 774 4022 ordo
796 3979 916 4036 rerum,
941 3959 997 4041 qui
1012 3960 1052 4024 de
1068 3958 1157 4027 facto
1173 3961 1306 4028 exsistit
1325 3965 1359 4027 61
1375 3962 1429 4045 qui

105 4045 226 4111 saltem
249 4044 467 4111 destinatione
490 4045 750 4129 supernaturalis
774 4051 826 4113 est
848 4069 909 4131 pro
931 4047 1097 4125 omnibus,
1127 4049 1369 4116 matrimonium
1393 4055 1429 4117 ut

106 4155 161 4200 res
191 4154 286 4201 sacra
315 4156 373 4200 seu
403 4133 557 4216 religiosa
579 4134 692 4201 haberi
722 4140 756 4202 et
778 4136 917 4202 tractari
940 4136 1054 4214 debet,
1088 4138 1233 4220 adeoque
1256 4139 1356 4206 etiam
1380 4140 1429 4207 in-

105 4221 249 4289 fidelium
272 4223 514 4291 matrimonium
538 4224 636 4291 debet
658 4223 827 4291 subiacere
850 4225 1042 4293 auctoritati
1064 4228 1239 4314 reliqioeae.
1280 4228 1430 4313 eiigitur

106 4333 128 4378 a
158 4312 246 4378 civili
275 4318 442 4398 potestate
464 4312 607 4396 regitur,
638 4312 671 4379 id
699 4314 771 4380 iure
801 4316 847 4392 fit,
879 4335 945 4379 non
968 4319 1130 4396 quatenus
1151 4316 1257 4382 civilis
1280 4323 1429 4402 potestas

107 4400 241 4486 politica
264 4407 325 4481 est,
350 4400 407 4468 sed
431 4406 592 4485 quatenus
611 4402 757 4471 defecto
773 4402 867 4468 simul
884 4402 1038 4486 religiosa
1053 4408 1114 4471 661.
1153 4405 1273 4483 Quodsi
1289 4408 1322 4473 in
1338 4413 1428 4475 statu

201 4528 302 4620 ¹Inde
317 4567 427 4621 minime
455 4566 578 4635 sequitur
603 4569 768 4639 baptismum
794 4568 904 4622 dubium
924 4568 1015 4623 valere
1041 4571 1114 4624 sicut
1140 4570 1304 4642 baptismum
1324 4577 1428 4630 certum

105 4636 196 4705 quoad
216 4638 328 4692 effectus
346 4637 575 4709 supernaturales,
594 4656 662 4709 qnos
680 4644 712 4694 ut
730 4641 757 4694 in
770 4640 860 4694 anima
873 4639 1047 4711 suscipientis
1068 4640 1199 4712 producat
1217 4643 1359 4700 Institutas
1378 4650 1427 4701 est
