3044 5174
160 258 224 323 266
615 254 821 310 Sacramentum
839 256 1032 327 paenitentiae.

161 453 225 497 non
251 433 356 497 solum
384 453 425 497 ex
453 432 686 499 constitutione
713 435 861 518 Superna
887 432 1005 499 Clem.
1032 434 1081 512 X,
1113 435 1168 517 qui
1195 435 1257 501 hoc
1284 434 1366 520 ipsis
1395 436 1491 502 fami-

161 520 295 586 liaribus
318 522 485 597 concedit;
509 521 691 589 sedetiam
715 543 758 586 ex
781 527 941 606 conceptu
970 525 1206 606 „regularium“
1236 526 1355 608 quibus
1381 526 1415 591 in
1440 526 1491 592 fa·

161 610 361 676 verabilibus
388 611 510 764 lslaltem
542 610 658 677 novitii
688 612 955 679 adnumerantur.
1002 612 1119 695 Neque
1148 613 1210 680 hac
1234 615 1275 680 de
1298 636 1335 680 re
1358 620 1490 683 contro·

161 700 271 766 versia
291 704 343 765 est
365 722 386 765 u
413 722 443 766 a.

250 815 289 881 R.
314 819 344 882 2.
392 815 622 881 Controversia
646 818 697 880 est
726 820 835 881 utrum
863 816 968 900 possit
991 819 1086 883 etiam
1109 839 1130 882 a
1153 817 1354 885 confessario
1379 841 1488 886 saecu·

161 905 222 969 lari
252 904 380 970 absolvi
410 906 464 987 qui
494 905 615 970 habeat
644 904 900 970 iurisdictionem
924 911 958 971 et
981 907 1248 990 approbationem
1272 909 1315 974 ab
1339 910 1487 994 episcopo

161 994 233 1061 loci.
287 994 324 1058 ld
353 993 448 1064 enim,
469 994 538 1059 fieri
568 1014 664 1078 posse
695 994 795 1077 aliqui
824 994 1002 1078 scriptores
1031 996 1180 1063 innuunt.
1230 997 1278 1064 Cf.
1311 999 1486 1064 Lacroix

162 1085 182 1150 l.
208 1085 245 1160 4,
276 1105 307 1150 n.
333 1084 392 1160 643
423 1083 535 1148 Marc
558 1104 589 1148 n.
617 1085 719 1159 1763,
749 1083 877 1150 scilicet
906 1104 1003 1167 posse
1033 1105 1089 1151 eos
1112 1086 1260 1151 confiteri
1283 1087 1384 1153 alteri
1409 1110 1483 1170 „non

162 1175 256 1325 {liter
290 1194 328 1325 og
361 1170 573 1238 soeculor·ca“.
630 1171 721 1249 Quod
757 1193 820 1255 quo
853 1194 952 1239 sensu
988 1174 1144 1241 sustineri
1181 1175 1286 1258 possit
1325 1176 1416 1242 disce
1448 1197 1484 1242 ex

194 1281 305 1344 espa
352 1264 413 1327 2⁰⁰¹.

100 1405 153 1458 466
251 1391 304 1457 An
328 1414 520 1469 quaasrrunr
544 1396 583 1457 2⁰¹
605 1394 644 1460 R.
671 1396 700 1460 1.
748 1392 902 1477 Superior
930 1395 1093 1477 regularia
1115 1417 1180 1461 non
1207 1400 1320 1480 potest
1342 1397 1482 1464 absolute

163 1481 304 1548 novitios
334 1482 506 1566 prohibere
537 1482 614 1565 quin
644 1484 863 1549 confiteantur
893 1484 979 1567 apud
1003 1486 1207 1551 sacerdotem
1231 1490 1427 1552 extraneum
1447 1486 1480 1551 ab

163 1571 314 1656 episcopo
338 1572 571 1655 approbatum,
603 1572 679 1654 quia
701 1572 735 1636 in
758 1576 924 1655 potestate
948 1573 1063 1640 novitii
1086 1579 1138 1641 est
1162 1574 1313 1641 desinere
1337 1596 1411 1642 esse
1432 1596 1479 1640 no·

163 1661 279 1727 vitium
302 1665 337 1726 et
360 1661 465 1726 ordini
489 1660 642 1743 religioso
666 1661 860 1729 valedicere.

252 1776 291 1842 R.
317 1778 347 1842 2.
395 1776 554 1853 Quamdiu
583 1781 693 1843 autem
724 1777 867 1843 novitius
896 1798 975 1842 vere
1005 1783 1039 1844 et
1061 1778 1171 1845 valide
1194 1780 1268 1847 vult
1294 1779 1480 1847 novitiatum

163 1886 280 1949 agere,
312 1866 425 1931 subest
455 1866 584 1932 omnino
614 1866 829 1932 iurisdietioni
852 1866 1013 1948 regulari,
1044 1889 1065 1932 a
1088 1889 1154 1949 qua
1176 1868 1297 1951 corrigi
1321 1874 1357 1935 et
1386 1867 1479 1953 puniri

164 1960 199 2022 et
221 1955 354 2038 probari
376 1955 498 2038 possit:
527 1956 568 2020 ad
592 1976 687 2038 quem
710 1956 807 2020 finem
831 1955 1051 2021 necessarium
1075 1962 1127 2023 est
1149 1961 1187 2023 ut
1209 1957 1348 2023 aliorum
1373 1960 1479 2040 guber·

164 2044 288 2110 nationi
312 2049 346 2110 et
370 2043 585 2111 iurisdictioni
607 2045 661 2109 vel
685 2045 874 2110 subtractus
897 2045 941 2111 sit
964 2046 1017 2110 vel
1041 2046 1191 2112 subtrahi
1213 2047 1329 2130 possit.
1376 2047 1479 2129 Neque

164 2133 249 2198 enim
273 2133 438 2217 exemptio
463 2155 483 2199 a
500 2133 723 2199 iurisdictione
740 2133 903 2210 ordinarii,
928 2134 961 2198 in
978 2155 1041 2218 qua
1057 2134 1257 2219 participant
1271 2136 1400 2214 novitii,
1423 2140 1477 2202 tam
1514 2132 1518 2176 ἵ

165 2244 276 2287 eorum
306 2223 403 2287 favor
431 2222 613 2307 personalis
640 2226 707 2300 est,
740 2243 836 2305 quam
860 2225 986 2288 ordinis
1009 2226 1106 2289 favor
1128 2224 1183 2306 qui
1205 2247 1264 2310 pro
1287 2227 1404 2292 ordine
1423 2226 1478 2291 late
1514 2226 1518 2263 l

166 2315 217 2376 est
239 2311 514 2394 interpretandus,
539 2312 639 2379 etiam
662 2311 791 2393 quando
815 2312 846 2396 id
871 2313 908 2377 fit
931 2312 1068 2394 singulis
1091 2312 1246 2380 odiosum.
1286 2314 1479 2398 Quapropter
1514 2315 1518 2352 ἔ

165 2399 234 2465 sine
258 2400 354 2465 dubio
378 2401 526 2484 superior
547 2400 708 2483 regularis
730 2400 902 2483 prohibere
924 2406 1033 2484 potest
1049 2401 1220 2484 quominus
1236 2403 1393 2481 novitius,
1416 2403 1477 2468 dum
1515 2471 1518 2477 ,

166 2493 278 2554 manet
300 2489 453 2565 novitius
478 2489 586 2555 valide
609 2490 802 2554 absolvatur
822 2491 862 2555 ab
879 2491 953 2567 alio,
978 2512 1076 2573 quam
1092 2493 1145 2574 qui
1162 2513 1183 2557 a
1199 2513 1234 2557 se
1249 2491 1294 2557 sit
1310 2493 1477 2576 delegatus.
1513 2557 1518 2565 ,

167 2578 260 2643 Prior
270 2577 329 2643 illa
344 2579 445 2660 igitur
460 2579 624 2644 sententia
642 2600 800 2643 summum
818 2579 921 2645 teneri
938 2585 1057 2663 potest,
1074 2581 1204 2663 quando
1220 2581 1355 2648 novitiis
1371 2582 1477 2648 dictum

167 2688 230 2732 non
254 2666 297 2733 sit
320 2688 355 2731 se
378 2668 465 2751 apud
489 2667 593 2732 solum
617 2667 851 2733 confessarium
874 2668 1081 2751 designatum
1097 2690 1193 2753 posse
1209 2670 1369 2748 confiteri,
1394 2675 1477 2752 atque

166 2756 214 2821 ita
236 2755 358 2821 tacitus
381 2757 542 2838 regularis
565 2757 740 2840 superioris
762 2778 938 2822 consensus
954 2759 1126 2841 permittat
1141 2779 1309 2825 accessum
1325 2760 1369 2826 ad
1384 2780 1478 2826 sacer·

166 2845 274 2911 dotem
300 2851 503 2912 extraneum.

255 2961 294 3026 lt.
319 2964 349 3027 3.
396 2962 487 3039 Quod
518 2963 728 3027 confirmatur
758 2960 989 3027 constitutione
1019 2962 1167 3028 Leonis
1190 2962 1253 3028 XII
1275 2964 1382 3030 Plura
1411 2967 1479 3030 iuter
1515 2992 1518 3003 r

166 3050 196 3118 d.
222 3050 252 3118 d.
279 3052 317 3114 11
343 3050 415 3115 Iulii
443 3052 544 3128 1826,
570 3071 634 3133 qua
656 3050 743 3115 iuter
765 3051 831 3116 alia
853 3071 912 3134 pro
937 3051 1101 3117 Societate
1124 3052 1199 3117 Iesu
1221 3053 1411 3120 coustituit:
1437 3056 1479 3128 „ut
1516 3065 1518 3087 ³

166 3138 334 3205 societatis
358 3140 480 3204 alumni
504 3138 650 3205 confiteri
673 3145 839 3221 nequeant
862 3140 990 3205 animae
1013 3162 1118 3205 noxas
1141 3141 1204 3206 nisi
1226 3141 1266 3206 iis
1290 3143 1347 3223 qui
1363 3164 1385 3208 a
1400 3161 1480 3227 prae

168 3228 272 3310 posito
289 3229 481 3294 facultatem
497 3229 670 3294 habuerint
686 3250 797 3293 sacras
814 3249 924 3294 eorum
938 3230 1159 3295 confessiones
1171 3231 1361 3296 audiendi“:
1379 3231 1480 3313 quibus

169 3317 275 3381 verbis
298 3318 527 3400 comprehendi
550 3318 691 3383 novitios
714 3339 755 3382 ex
775 3339 857 3382 sana
872 3317 1143 3402 interpretatione
1159 3320 1309 3402 sequitur
1324 3326 1360 3387 et
1376 3319 1481 3386 clarius

168 3408 204 3470 lit
233 3407 442 3488 subsequenti
474 3407 615 3472 eiusdem
647 3407 756 3471 brevis
786 3406 941 3490 pontificii
968 3408 1056 3490 lege,
1088 3429 1153 3489 qua
1176 3431 1201 3475 s.
1226 3409 1379 3491 pontifex
1401 3414 1480 3494 pote·

167 3498 286 3559 statem
303 3496 479 3578 superioris
496 3495 655 3578 regularis
675 3496 706 3559 in
731 3496 952 3561 confessiones
975 3497 1171 3563 novitiorum
1197 3497 1390 3581 ampliorem
1414 3495 1482 3564 facit

167 3605 262 3665 quarn
287 3584 321 3649 in
344 3585 565 3650 confessiones
589 3585 796 3667 reliquorum.

103 3722 155 3775 467
255 3715 308 3781 An
332 3737 523 3792 ouaasrron
547 3721 585 3781 3¹²
608 3717 647 3783 R.
694 3717 850 3793 Quoniam
881 3717 1029 3801 superior
1054 3717 1215 3800 regularis
1238 3717 1322 3785 satis
1346 3719 1481 3787 declara·

166 3809 261 3871 verat
284 3827 377 3871 suam
400 3807 605 3872 voluntatem
629 3807 715 3889 apud
743 3807 847 3870 solum
878 3806 1072 3888 magistrum
1103 3807 1317 3888 novitiorum,
1349 3814 1389 3875 ut
1417 3827 1481 3874 usus

165 3894 249 3970 fert,
285 3895 427 3961 novitios
462 3895 609 3962 confiteri
644 3916 759 3978 posse,
796 3894 899 3960 Guido
934 3895 1042 3960 valide
1077 3917 1141 3960 non
1176 3902 1311 3980 poterat
1345 3894 1481 3965 confiteri

165 3983 250 4066 apud
286 3989 479 4050 extraneum
515 3984 736 4062 sacerdotem,
776 3985 876 4049 etiarn
915 3985 1045 4066 quando
1084 3989 1156 4051 erat
1193 3987 1364 4053 tantillum
1398 3992 1481 4055 extra

166 4073 306 4141 domum.

254 4178 367 4246 Potuit
396 4185 508 4246 tamen
537 4178 730 4246 novitiatum
764 4179 913 4244 deserere
943 4185 1043 4261 atque
1066 4180 1114 4246 ita
1140 4181 1358 4249 iurisdictioni
1381 4201 1480 4251 saecu

166 4266 282 4352 larium
316 4270 455 4336 restitui.
503 4267 623 4345 Quodsi
653 4269 686 4332 in
717 4269 824 4333 animo
855 4269 1013 4347 habebat,
1044 4270 1157 4336 statim
1187 4276 1320 4355 poterat
1352 4274 1394 4340 ad
1417 4291 1479 4338 con·

166 4356 338 4422 fessarium
362 4360 562 4424 saecularem
587 4359 742 4422 accedero
759 4359 799 4423 ab
817 4379 919 4440 eoque
936 4359 1078 4432 absolvi;
1104 4360 1160 4424 sed
1178 4381 1215 4424 eo
1232 4361 1304 4444 ipso
1325 4360 1479 4428 desinebat

166 4465 265 4524 agere
288 4449 494 4524 novitiatunu
518 4468 623 4529 neque
647 4447 678 4511 in
703 4447 772 4511 eius
788 4452 953 4531 potestate
970 4448 1108 4532 amplius
1125 4455 1207 4527 erat,
1231 4455 1365 4519 mutata
1379 4453 1479 4518 volun·

166 4537 246 4611 tate,
270 4557 343 4601 eum
367 4538 475 4603 valide
499 4537 698 4602 continuare.
